[{"trade_id": 143737722, "side": "buy", "size": "3.74931814", "price": "0.72840000", "time": "2025-07-15T16:23:19.659724Z", "fetched_at": "2025-07-15T16:23:25.058035+00:00", "symbol": "ADA-USD"}, {"trade_id": 143737721, "side": "buy", "size": "1.60000000", "price": "0.72840000", "time": "2025-07-15T16:23:19.659724Z", "fetched_at": "2025-07-15T16:23:25.058035+00:00", "symbol": "ADA-USD"}, {"trade_id": 143737720, "side": "buy", "size": "4.39658133", "price": "0.72850000", "time": "2025-07-15T16:23:15.841773Z", "fetched_at": "2025-07-15T16:23:25.058035+00:00", "symbol": "ADA-USD"}, {"trade_id": 143737719, "side": "sell", "size": "37.68917048", "price": "0.72850000", "time": "2025-07-15T16:23:13.211978Z", "fetched_at": "2025-07-15T16:23:25.058035+00:00", "symbol": "ADA-USD"}, {"trade_id": 143737718, "side": "buy", "size": "4.99572758", "price": "0.72860000", "time": "2025-07-15T16:23:13.159016Z", "fetched_at": "2025-07-15T16:23:25.058035+00:00", "symbol": "ADA-USD"}, {"trade_id": 143737717, "side": "buy", "size": "1.60000000", "price": "0.72860000", "time": "2025-07-15T16:23:13.159016Z", "fetched_at": "2025-07-15T16:23:25.058035+00:00", "symbol": "ADA-USD"}, {"trade_id": 143737716, "side": "buy", "size": "4.97778156", "price": "0.72870000", "time": "2025-07-15T16:23:13.131446Z", "fetched_at": "2025-07-15T16:23:25.058035+00:00", "symbol": "ADA-USD"}, {"trade_id": 143737715, "side": "buy", "size": "6.23470431", "price": "0.72880000", "time": "2025-07-15T16:23:12.305176Z", "fetched_at": "2025-07-15T16:23:25.058035+00:00", "symbol": "ADA-USD"}, {"trade_id": 143737714, "side": "sell", "size": "11.99300300", "price": "0.72890000", "time": "2025-07-15T16:23:12.092152Z", "fetched_at": "2025-07-15T16:23:25.058035+00:00", "symbol": "ADA-USD"}, {"trade_id": 143737713, "side": "buy", "size": "9.27183547", "price": "0.72880000", "time": "2025-07-15T16:23:08.168682Z", "fetched_at": "2025-07-15T16:23:25.058035+00:00", "symbol": "ADA-USD"}, {"trade_id": 143737712, "side": "buy", "size": "7.52750828", "price": "0.72890000", "time": "2025-07-15T16:23:05.619077Z", "fetched_at": "2025-07-15T16:23:25.058035+00:00", "symbol": "ADA-USD"}, {"trade_id": 143737711, "side": "sell", "size": "0.72782457", "price": "0.72880000", "time": "2025-07-15T16:23:03.580160Z", "fetched_at": "2025-07-15T16:23:25.058035+00:00", "symbol": "ADA-USD"}, {"trade_id": 143737710, "side": "buy", "size": "275.69094636", "price": "0.72870000", "time": "2025-07-15T16:23:02.452315Z", "fetched_at": "2025-07-15T16:23:25.058035+00:00", "symbol": "ADA-USD"}, {"trade_id": 143737709, "side": "buy", "size": "9.00988364", "price": "0.72870000", "time": "2025-07-15T16:23:02.452315Z", "fetched_at": "2025-07-15T16:23:25.058035+00:00", "symbol": "ADA-USD"}, {"trade_id": 143737708, "side": "buy", "size": "1.60000000", "price": "0.72870000", "time": "2025-07-15T16:23:02.452315Z", "fetched_at": "2025-07-15T16:23:25.058035+00:00", "symbol": "ADA-USD"}, {"trade_id": 143737707, "side": "buy", "size": "9.33720906", "price": "0.72880000", "time": "2025-07-15T16:23:01.952073Z", "fetched_at": "2025-07-15T16:23:25.058035+00:00", "symbol": "ADA-USD"}, {"trade_id": 143737706, "side": "buy", "size": "1.60000000", "price": "0.72880000", "time": "2025-07-15T16:23:01.952073Z", "fetched_at": "2025-07-15T16:23:25.058035+00:00", "symbol": "ADA-USD"}, {"trade_id": 143737705, "side": "buy", "size": "16.60664884", "price": "0.72890000", "time": "2025-07-15T16:23:01.444334Z", "fetched_at": "2025-07-15T16:23:25.058035+00:00", "symbol": "ADA-USD"}, {"trade_id": 143737704, "side": "buy", "size": "1625.04351202", "price": "0.72900000", "time": "2025-07-15T16:23:01.409698Z", "fetched_at": "2025-07-15T16:23:25.058035+00:00", "symbol": "ADA-USD"}, {"trade_id": 143737703, "side": "buy", "size": "800.22162346", "price": "0.72900000", "time": "2025-07-15T16:23:01.409698Z", "fetched_at": "2025-07-15T16:23:25.058035+00:00", "symbol": "ADA-USD"}, {"trade_id": 143737702, "side": "buy", "size": "275.69095044", "price": "0.72900000", "time": "2025-07-15T16:23:01.409698Z", "fetched_at": "2025-07-15T16:23:25.058035+00:00", "symbol": "ADA-USD"}, {"trade_id": 143737701, "side": "buy", "size": "16.57233662", "price": "0.72910000", "time": "2025-07-15T16:23:01.409698Z", "fetched_at": "2025-07-15T16:23:25.058035+00:00", "symbol": "ADA-USD"}, {"trade_id": 143737700, "side": "buy", "size": "1358.40876391", "price": "0.72910000", "time": "2025-07-15T16:23:01.368678Z", "fetched_at": "2025-07-15T16:23:25.058035+00:00", "symbol": "ADA-USD"}, {"trade_id": 143737699, "side": "buy", "size": "591.37318471", "price": "0.72910000", "time": "2025-07-15T16:23:01.368678Z", "fetched_at": "2025-07-15T16:23:25.058035+00:00", "symbol": "ADA-USD"}, {"trade_id": 143737698, "side": "buy", "size": "800.22162346", "price": "0.72910000", "time": "2025-07-15T16:23:01.368678Z", "fetched_at": "2025-07-15T16:23:25.058035+00:00", "symbol": "ADA-USD"}, {"trade_id": 143737697, "side": "buy", "size": "11.33236428", "price": "0.72910000", "time": "2025-07-15T16:23:01.368678Z", "fetched_at": "2025-07-15T16:23:25.058035+00:00", "symbol": "ADA-USD"}, {"trade_id": 143737696, "side": "buy", "size": "26.82522888", "price": "0.72920000", "time": "2025-07-15T16:23:01.368678Z", "fetched_at": "2025-07-15T16:23:25.058035+00:00", "symbol": "ADA-USD"}, {"trade_id": 143737695, "side": "buy", "size": "19.76536656", "price": "0.72910000", "time": "2025-07-15T16:23:01.198879Z", "fetched_at": "2025-07-15T16:23:25.058035+00:00", "symbol": "ADA-USD"}, {"trade_id": 143737694, "side": "buy", "size": "25.50963044", "price": "0.72920000", "time": "2025-07-15T16:23:01.198879Z", "fetched_at": "2025-07-15T16:23:25.058035+00:00", "symbol": "ADA-USD"}, {"trade_id": 143737693, "side": "sell", "size": "8.86090801", "price": "0.72920000", "time": "2025-07-15T16:23:00.746399Z", "fetched_at": "2025-07-15T16:23:25.058035+00:00", "symbol": "ADA-USD"}, {"trade_id": 143737692, "side": "sell", "size": "1.60000000", "price": "0.72920000", "time": "2025-07-15T16:23:00.746399Z", "fetched_at": "2025-07-15T16:23:25.058035+00:00", "symbol": "ADA-USD"}, {"trade_id": 143737691, "side": "sell", "size": "0.72781526", "price": "0.72910000", "time": "2025-07-15T16:23:00.506125Z", "fetched_at": "2025-07-15T16:23:25.058035+00:00", "symbol": "ADA-USD"}, {"trade_id": 143737690, "side": "sell", "size": "1153.89493624", "price": "0.72910000", "time": "2025-07-15T16:23:00.394868Z", "fetched_at": "2025-07-15T16:23:25.058035+00:00", "symbol": "ADA-USD"}, {"trade_id": 143737689, "side": "sell", "size": "1.60000000", "price": "0.72910000", "time": "2025-07-15T16:23:00.394868Z", "fetched_at": "2025-07-15T16:23:25.058035+00:00", "symbol": "ADA-USD"}, {"trade_id": 143737688, "side": "sell", "size": "21.13937376", "price": "0.72910000", "time": "2025-07-15T16:23:00.394868Z", "fetched_at": "2025-07-15T16:23:25.058035+00:00", "symbol": "ADA-USD"}, {"trade_id": 143737687, "side": "sell", "size": "34.88129503", "price": "0.72900000", "time": "2025-07-15T16:22:55.359579Z", "fetched_at": "2025-07-15T16:23:25.058035+00:00", "symbol": "ADA-USD"}, {"trade_id": 143737686, "side": "sell", "size": "1.60000000", "price": "0.72900000", "time": "2025-07-15T16:22:55.359579Z", "fetched_at": "2025-07-15T16:23:25.058035+00:00", "symbol": "ADA-USD"}, {"trade_id": 143737685, "side": "sell", "size": "1.60000000", "price": "0.72890000", "time": "2025-07-15T16:22:54.739715Z", "fetched_at": "2025-07-15T16:23:25.058035+00:00", "symbol": "ADA-USD"}, {"trade_id": 143737684, "side": "sell", "size": "30.72286967", "price": "0.72890000", "time": "2025-07-15T16:22:54.739715Z", "fetched_at": "2025-07-15T16:23:25.058035+00:00", "symbol": "ADA-USD"}, {"trade_id": 143737683, "side": "sell", "size": "0.72786664", "price": "0.72880000", "time": "2025-07-15T16:22:54.400276Z", "fetched_at": "2025-07-15T16:23:25.058035+00:00", "symbol": "ADA-USD"}, {"trade_id": 143737682, "side": "sell", "size": "25.09097700", "price": "0.72880000", "time": "2025-07-15T16:22:53.421849Z", "fetched_at": "2025-07-15T16:23:25.058035+00:00", "symbol": "ADA-USD"}, {"trade_id": 143737681, "side": "sell", "size": "1.60000000", "price": "0.72880000", "time": "2025-07-15T16:22:53.421849Z", "fetched_at": "2025-07-15T16:23:25.058035+00:00", "symbol": "ADA-USD"}, {"trade_id": 143737680, "side": "buy", "size": "46.72937000", "price": "0.72860000", "time": "2025-07-15T16:22:50.274982Z", "fetched_at": "2025-07-15T16:23:25.058035+00:00", "symbol": "ADA-USD"}, {"trade_id": 143737679, "side": "buy", "size": "46.92289000", "price": "0.72860000", "time": "2025-07-15T16:22:50.266293Z", "fetched_at": "2025-07-15T16:23:25.058035+00:00", "symbol": "ADA-USD"}, {"trade_id": 143737678, "side": "buy", "size": "0.66478800", "price": "0.72860000", "time": "2025-07-15T16:22:49.985265Z", "fetched_at": "2025-07-15T16:23:25.058035+00:00", "symbol": "ADA-USD"}, {"trade_id": 143737677, "side": "buy", "size": "68.21479545", "price": "0.72870000", "time": "2025-07-15T16:22:49.197058Z", "fetched_at": "2025-07-15T16:23:25.058035+00:00", "symbol": "ADA-USD"}, {"trade_id": 143737676, "side": "buy", "size": "275.69095044", "price": "0.72870000", "time": "2025-07-15T16:22:49.197058Z", "fetched_at": "2025-07-15T16:23:25.058035+00:00", "symbol": "ADA-USD"}, {"trade_id": 143737675, "side": "sell", "size": "0.80726788", "price": "0.72860000", "time": "2025-07-15T16:22:48.614693Z", "fetched_at": "2025-07-15T16:23:25.058035+00:00", "symbol": "ADA-USD"}, {"trade_id": 143737674, "side": "sell", "size": "24.45150874", "price": "0.72860000", "time": "2025-07-15T16:22:48.614693Z", "fetched_at": "2025-07-15T16:23:25.058035+00:00", "symbol": "ADA-USD"}, {"trade_id": 143737673, "side": "sell", "size": "67.84260000", "price": "0.72860000", "time": "2025-07-15T16:22:48.604554Z", "fetched_at": "2025-07-15T16:23:25.058035+00:00", "symbol": "ADA-USD"}, {"trade_id": 143737672, "side": "sell", "size": "67.84260000", "price": "0.72860000", "time": "2025-07-15T16:22:48.604435Z", "fetched_at": "2025-07-15T16:23:25.058035+00:00", "symbol": "ADA-USD"}, {"trade_id": 143737671, "side": "sell", "size": "15.09624300", "price": "0.72860000", "time": "2025-07-15T16:22:48.336336Z", "fetched_at": "2025-07-15T16:23:25.058035+00:00", "symbol": "ADA-USD"}, {"trade_id": 143737670, "side": "sell", "size": "611.64886053", "price": "0.72870000", "time": "2025-07-15T16:22:44.948869Z", "fetched_at": "2025-07-15T16:23:25.058035+00:00", "symbol": "ADA-USD"}, {"trade_id": 143737669, "side": "sell", "size": "567.00000000", "price": "0.72870000", "time": "2025-07-15T16:22:44.948869Z", "fetched_at": "2025-07-15T16:23:25.058035+00:00", "symbol": "ADA-USD"}, {"trade_id": 143737668, "side": "sell", "size": "1.60000000", "price": "0.72870000", "time": "2025-07-15T16:22:44.948869Z", "fetched_at": "2025-07-15T16:23:25.058035+00:00", "symbol": "ADA-USD"}, {"trade_id": 143737667, "side": "sell", "size": "175.23295174", "price": "0.72860000", "time": "2025-07-15T16:22:44.948869Z", "fetched_at": "2025-07-15T16:23:25.058035+00:00", "symbol": "ADA-USD"}, {"trade_id": 143737666, "side": "sell", "size": "1.60000000", "price": "0.72860000", "time": "2025-07-15T16:22:44.948869Z", "fetched_at": "2025-07-15T16:23:25.058035+00:00", "symbol": "ADA-USD"}, {"trade_id": 143737665, "side": "sell", "size": "0.64835173", "price": "0.72850000", "time": "2025-07-15T16:22:44.948869Z", "fetched_at": "2025-07-15T16:23:25.058035+00:00", "symbol": "ADA-USD"}, {"trade_id": 143737664, "side": "sell", "size": "1.60000000", "price": "0.72850000", "time": "2025-07-15T16:22:44.948869Z", "fetched_at": "2025-07-15T16:23:25.058035+00:00", "symbol": "ADA-USD"}, {"trade_id": 143737663, "side": "sell", "size": "0.72792486", "price": "0.72840000", "time": "2025-07-15T16:22:41.775960Z", "fetched_at": "2025-07-15T16:23:25.058035+00:00", "symbol": "ADA-USD"}, {"trade_id": 143737662, "side": "sell", "size": "1.60000000", "price": "0.72840000", "time": "2025-07-15T16:22:41.775960Z", "fetched_at": "2025-07-15T16:23:25.058035+00:00", "symbol": "ADA-USD"}, {"trade_id": 143737661, "side": "sell", "size": "1.60000000", "price": "0.72830000", "time": "2025-07-15T16:22:40.303086Z", "fetched_at": "2025-07-15T16:23:25.058035+00:00", "symbol": "ADA-USD"}, {"trade_id": 143737660, "side": "sell", "size": "0.72783113", "price": "0.72820000", "time": "2025-07-15T16:22:40.080202Z", "fetched_at": "2025-07-15T16:23:25.058035+00:00", "symbol": "ADA-USD"}, {"trade_id": 143737659, "side": "sell", "size": "1.60000000", "price": "0.72820000", "time": "2025-07-15T16:22:40.080202Z", "fetched_at": "2025-07-15T16:23:25.058035+00:00", "symbol": "ADA-USD"}, {"trade_id": 143737658, "side": "buy", "size": "6.85790236", "price": "0.72810000", "time": "2025-07-15T16:22:38.040008Z", "fetched_at": "2025-07-15T16:23:25.058035+00:00", "symbol": "ADA-USD"}, {"trade_id": 143737657, "side": "sell", "size": "1.60000000", "price": "0.72810000", "time": "2025-07-15T16:22:35.698859Z", "fetched_at": "2025-07-15T16:23:25.058035+00:00", "symbol": "ADA-USD"}, {"trade_id": 143737656, "side": "sell", "size": "0.72781191", "price": "0.72800000", "time": "2025-07-15T16:22:35.315715Z", "fetched_at": "2025-07-15T16:23:25.058035+00:00", "symbol": "ADA-USD"}, {"trade_id": 143737655, "side": "sell", "size": "1.60000000", "price": "0.72800000", "time": "2025-07-15T16:22:35.315715Z", "fetched_at": "2025-07-15T16:23:25.058035+00:00", "symbol": "ADA-USD"}, {"trade_id": 143737654, "side": "sell", "size": "1.45566589", "price": "0.72790000", "time": "2025-07-15T16:22:30.795459Z", "fetched_at": "2025-07-15T16:23:25.058035+00:00", "symbol": "ADA-USD"}, {"trade_id": 143737653, "side": "sell", "size": "1374.19265509", "price": "0.72780000", "time": "2025-07-15T16:22:29.647446Z", "fetched_at": "2025-07-15T16:23:25.058035+00:00", "symbol": "ADA-USD"}, {"trade_id": 143737652, "side": "sell", "size": "49.68319491", "price": "0.72780000", "time": "2025-07-15T16:22:29.647446Z", "fetched_at": "2025-07-15T16:23:25.058035+00:00", "symbol": "ADA-USD"}, {"trade_id": 143737651, "side": "buy", "size": "9.01322372", "price": "0.72760000", "time": "2025-07-15T16:22:26.102391Z", "fetched_at": "2025-07-15T16:23:25.058035+00:00", "symbol": "ADA-USD"}, {"trade_id": 143737650, "side": "buy", "size": "1.60000000", "price": "0.72760000", "time": "2025-07-15T16:22:26.102391Z", "fetched_at": "2025-07-15T16:23:25.058035+00:00", "symbol": "ADA-USD"}, {"trade_id": 143737649, "side": "buy", "size": "9.47323152", "price": "0.72770000", "time": "2025-07-15T16:22:24.517003Z", "fetched_at": "2025-07-15T16:23:25.058035+00:00", "symbol": "ADA-USD"}, {"trade_id": 143737648, "side": "buy", "size": "9.44928532", "price": "0.72780000", "time": "2025-07-15T16:22:24.427586Z", "fetched_at": "2025-07-15T16:23:25.058035+00:00", "symbol": "ADA-USD"}, {"trade_id": 143737647, "side": "sell", "size": "51.09080820", "price": "0.72790000", "time": "2025-07-15T16:22:23.540647Z", "fetched_at": "2025-07-15T16:23:25.058035+00:00", "symbol": "ADA-USD"}, {"trade_id": 143737646, "side": "sell", "size": "0.72782880", "price": "0.72790000", "time": "2025-07-15T16:22:23.540647Z", "fetched_at": "2025-07-15T16:23:25.058035+00:00", "symbol": "ADA-USD"}, {"trade_id": 143737645, "side": "sell", "size": "1.60000000", "price": "0.72790000", "time": "2025-07-15T16:22:23.540647Z", "fetched_at": "2025-07-15T16:23:25.058035+00:00", "symbol": "ADA-USD"}, {"trade_id": 143737644, "side": "sell", "size": "1.60000000", "price": "0.72780000", "time": "2025-07-15T16:22:20.640769Z", "fetched_at": "2025-07-15T16:23:25.058035+00:00", "symbol": "ADA-USD"}, {"trade_id": 143737643, "side": "sell", "size": "4885.10338503", "price": "0.72770000", "time": "2025-07-15T16:22:18.691062Z", "fetched_at": "2025-07-15T16:23:25.058035+00:00", "symbol": "ADA-USD"}, {"trade_id": 143737642, "side": "sell", "size": "1987.27652013", "price": "0.72770000", "time": "2025-07-15T16:22:18.689085Z", "fetched_at": "2025-07-15T16:23:25.058035+00:00", "symbol": "ADA-USD"}, {"trade_id": 143737641, "side": "buy", "size": "10.42961931", "price": "0.72760000", "time": "2025-07-15T16:22:12.683793Z", "fetched_at": "2025-07-15T16:23:25.058035+00:00", "symbol": "ADA-USD"}, {"trade_id": 143737640, "side": "buy", "size": "3315.04166898", "price": "0.72760000", "time": "2025-07-15T16:22:12.673991Z", "fetched_at": "2025-07-15T16:23:25.058035+00:00", "symbol": "ADA-USD"}, {"trade_id": 143737639, "side": "buy", "size": "1.60000000", "price": "0.72760000", "time": "2025-07-15T16:22:12.673991Z", "fetched_at": "2025-07-15T16:23:25.058035+00:00", "symbol": "ADA-USD"}, {"trade_id": 143737638, "side": "buy", "size": "12.80658723", "price": "0.72770000", "time": "2025-07-15T16:22:12.592622Z", "fetched_at": "2025-07-15T16:23:25.058035+00:00", "symbol": "ADA-USD"}, {"trade_id": 143737637, "side": "buy", "size": "5209.50000000", "price": "0.72770000", "time": "2025-07-15T16:22:12.592622Z", "fetched_at": "2025-07-15T16:23:25.058035+00:00", "symbol": "ADA-USD"}, {"trade_id": 143737636, "side": "buy", "size": "12.80482760", "price": "0.72780000", "time": "2025-07-15T16:22:12.478285Z", "fetched_at": "2025-07-15T16:23:25.058035+00:00", "symbol": "ADA-USD"}, {"trade_id": 143737635, "side": "buy", "size": "577.02409590", "price": "0.72780000", "time": "2025-07-15T16:22:12.478285Z", "fetched_at": "2025-07-15T16:23:25.058035+00:00", "symbol": "ADA-USD"}, {"trade_id": 143737634, "side": "buy", "size": "500.00000000", "price": "0.72780000", "time": "2025-07-15T16:22:12.435889Z", "fetched_at": "2025-07-15T16:23:25.058035+00:00", "symbol": "ADA-USD"}, {"trade_id": 143737633, "side": "buy", "size": "665.60177000", "price": "0.72780000", "time": "2025-07-15T16:22:12.435797Z", "fetched_at": "2025-07-15T16:23:25.058035+00:00", "symbol": "ADA-USD"}, {"trade_id": 143737632, "side": "buy", "size": "500.00000000", "price": "0.72780000", "time": "2025-07-15T16:22:12.435686Z", "fetched_at": "2025-07-15T16:23:25.058035+00:00", "symbol": "ADA-USD"}, {"trade_id": 143737631, "side": "buy", "size": "2963.27413410", "price": "0.72780000", "time": "2025-07-15T16:22:12.432976Z", "fetched_at": "2025-07-15T16:23:25.058035+00:00", "symbol": "ADA-USD"}, {"trade_id": 143737630, "side": "buy", "size": "12.67683493", "price": "0.72780000", "time": "2025-07-15T16:22:12.432976Z", "fetched_at": "2025-07-15T16:23:25.058035+00:00", "symbol": "ADA-USD"}, {"trade_id": 143737629, "side": "buy", "size": "24.04903097", "price": "0.72780000", "time": "2025-07-15T16:22:12.432976Z", "fetched_at": "2025-07-15T16:23:25.058035+00:00", "symbol": "ADA-USD"}, {"trade_id": 143737628, "side": "buy", "size": "0.13974500", "price": "0.72780000", "time": "2025-07-15T16:22:11.908757Z", "fetched_at": "2025-07-15T16:23:25.058035+00:00", "symbol": "ADA-USD"}, {"trade_id": 143737627, "side": "sell", "size": "0.72782763", "price": "0.72780000", "time": "2025-07-15T16:22:10.825755Z", "fetched_at": "2025-07-15T16:23:25.058035+00:00", "symbol": "ADA-USD"}, {"trade_id": 143737626, "side": "sell", "size": "1.60000000", "price": "0.72780000", "time": "2025-07-15T16:22:10.825755Z", "fetched_at": "2025-07-15T16:23:25.058035+00:00", "symbol": "ADA-USD"}, {"trade_id": 143737625, "side": "buy", "size": "275.69094612", "price": "0.72770000", "time": "2025-07-15T16:22:10.486754Z", "fetched_at": "2025-07-15T16:23:25.058035+00:00", "symbol": "ADA-USD"}, {"trade_id": 143737624, "side": "buy", "size": "15.98106388", "price": "0.72770000", "time": "2025-07-15T16:22:10.486754Z", "fetched_at": "2025-07-15T16:23:25.058035+00:00", "symbol": "ADA-USD"}, {"trade_id": 143737623, "side": "buy", "size": "15.98106388", "price": "0.72770000", "time": "2025-07-15T16:22:09.878729Z", "fetched_at": "2025-07-15T16:23:25.058035+00:00", "symbol": "ADA-USD"}, {"trade_id": 143737622, "side": "sell", "size": "57.63266211", "price": "0.72760000", "time": "2025-07-15T16:22:09.824047Z", "fetched_at": "2025-07-15T16:23:25.058035+00:00", "symbol": "ADA-USD"}, {"trade_id": 143737621, "side": "buy", "size": "17.19358958", "price": "0.72760000", "time": "2025-07-15T16:22:09.608274Z", "fetched_at": "2025-07-15T16:23:25.058035+00:00", "symbol": "ADA-USD"}, {"trade_id": 143737620, "side": "buy", "size": "3929.57125000", "price": "0.72760000", "time": "2025-07-15T16:22:09.608274Z", "fetched_at": "2025-07-15T16:23:25.058035+00:00", "symbol": "ADA-USD"}, {"trade_id": 143737619, "side": "buy", "size": "67.84260000", "price": "0.72760000", "time": "2025-07-15T16:22:08.763797Z", "fetched_at": "2025-07-15T16:23:25.058035+00:00", "symbol": "ADA-USD"}, {"trade_id": 143737618, "side": "sell", "size": "6.68073100", "price": "0.72770000", "time": "2025-07-15T16:22:08.447941Z", "fetched_at": "2025-07-15T16:23:25.058035+00:00", "symbol": "ADA-USD"}, {"trade_id": 143737617, "side": "buy", "size": "1211.58615000", "price": "0.72760000", "time": "2025-07-15T16:22:07.713117Z", "fetched_at": "2025-07-15T16:23:25.058035+00:00", "symbol": "ADA-USD"}, {"trade_id": 143737616, "side": "buy", "size": "23.21769435", "price": "0.72770000", "time": "2025-07-15T16:22:07.610226Z", "fetched_at": "2025-07-15T16:23:25.058035+00:00", "symbol": "ADA-USD"}, {"trade_id": 143737615, "side": "buy", "size": "1374.19266181", "price": "0.72770000", "time": "2025-07-15T16:22:07.467676Z", "fetched_at": "2025-07-15T16:23:25.058035+00:00", "symbol": "ADA-USD"}, {"trade_id": 143737614, "side": "buy", "size": "275.69095044", "price": "0.72770000", "time": "2025-07-15T16:22:07.467676Z", "fetched_at": "2025-07-15T16:23:25.058035+00:00", "symbol": "ADA-USD"}, {"trade_id": 143737613, "side": "buy", "size": "51.00306000", "price": "0.72770000", "time": "2025-07-15T16:22:07.467676Z", "fetched_at": "2025-07-15T16:23:25.058035+00:00", "symbol": "ADA-USD"}, {"trade_id": 143737612, "side": "buy", "size": "21.76034631", "price": "0.72770000", "time": "2025-07-15T16:22:07.467676Z", "fetched_at": "2025-07-15T16:23:25.058035+00:00", "symbol": "ADA-USD"}, {"trade_id": 143737611, "side": "buy", "size": "67.84260000", "price": "0.72770000", "time": "2025-07-15T16:22:03.790978Z", "fetched_at": "2025-07-15T16:23:25.058035+00:00", "symbol": "ADA-USD"}, {"trade_id": 143737610, "side": "sell", "size": "1.60000000", "price": "0.72770000", "time": "2025-07-15T16:22:03.694710Z", "fetched_at": "2025-07-15T16:23:25.058035+00:00", "symbol": "ADA-USD"}, {"trade_id": 143737609, "side": "sell", "size": "0.95626492", "price": "0.72760000", "time": "2025-07-15T16:22:03.368626Z", "fetched_at": "2025-07-15T16:23:25.058035+00:00", "symbol": "ADA-USD"}, {"trade_id": 143737608, "side": "sell", "size": "1.60000000", "price": "0.72760000", "time": "2025-07-15T16:22:03.368626Z", "fetched_at": "2025-07-15T16:23:25.058035+00:00", "symbol": "ADA-USD"}, {"trade_id": 143737607, "side": "buy", "size": "36.65775000", "price": "0.72750000", "time": "2025-07-15T16:22:02.123838Z", "fetched_at": "2025-07-15T16:23:25.058035+00:00", "symbol": "ADA-USD"}, {"trade_id": 143737606, "side": "buy", "size": "37.17387914", "price": "0.72750000", "time": "2025-07-15T16:22:02.034714Z", "fetched_at": "2025-07-15T16:23:25.058035+00:00", "symbol": "ADA-USD"}, {"trade_id": 143737605, "side": "buy", "size": "275.69095044", "price": "0.72750000", "time": "2025-07-15T16:22:02.034714Z", "fetched_at": "2025-07-15T16:23:25.058035+00:00", "symbol": "ADA-USD"}, {"trade_id": 143737604, "side": "buy", "size": "14.12908042", "price": "0.72750000", "time": "2025-07-15T16:22:02.034714Z", "fetched_at": "2025-07-15T16:23:25.058035+00:00", "symbol": "ADA-USD"}, {"trade_id": 143737603, "side": "buy", "size": "57.98879211", "price": "0.72750000", "time": "2025-07-15T16:21:59.301056Z", "fetched_at": "2025-07-15T16:23:25.058035+00:00", "symbol": "ADA-USD"}, {"trade_id": 143737602, "side": "buy", "size": "275.69095044", "price": "0.72750000", "time": "2025-07-15T16:21:59.301056Z", "fetched_at": "2025-07-15T16:23:25.058035+00:00", "symbol": "ADA-USD"}, {"trade_id": 143737601, "side": "buy", "size": "275.69095044", "price": "0.72750000", "time": "2025-07-15T16:21:57.050158Z", "fetched_at": "2025-07-15T16:23:25.058035+00:00", "symbol": "ADA-USD"}, {"trade_id": 143737600, "side": "buy", "size": "165.01062000", "price": "0.72750000", "time": "2025-07-15T16:21:57.045593Z", "fetched_at": "2025-07-15T16:23:25.058035+00:00", "symbol": "ADA-USD"}, {"trade_id": 143737599, "side": "buy", "size": "5.18637668", "price": "0.72750000", "time": "2025-07-15T16:21:57.045593Z", "fetched_at": "2025-07-15T16:23:25.058035+00:00", "symbol": "ADA-USD"}, {"trade_id": 143737598, "side": "buy", "size": "275.69095044", "price": "0.72750000", "time": "2025-07-15T16:21:57.045593Z", "fetched_at": "2025-07-15T16:23:25.058035+00:00", "symbol": "ADA-USD"}, {"trade_id": 143737597, "side": "buy", "size": "18.74084736", "price": "0.72750000", "time": "2025-07-15T16:21:57.045593Z", "fetched_at": "2025-07-15T16:23:25.058035+00:00", "symbol": "ADA-USD"}, {"trade_id": 143737596, "side": "sell", "size": "1.60000000", "price": "0.72750000", "time": "2025-07-15T16:21:56.873843Z", "fetched_at": "2025-07-15T16:23:25.058035+00:00", "symbol": "ADA-USD"}, {"trade_id": 143737595, "side": "buy", "size": "318.80380710", "price": "0.72740000", "time": "2025-07-15T16:21:56.858981Z", "fetched_at": "2025-07-15T16:23:25.058035+00:00", "symbol": "ADA-USD"}, {"trade_id": 143737594, "side": "buy", "size": "24.98057090", "price": "0.72740000", "time": "2025-07-15T16:21:56.858981Z", "fetched_at": "2025-07-15T16:23:25.058035+00:00", "symbol": "ADA-USD"}, {"trade_id": 143737593, "side": "sell", "size": "1.60000000", "price": "0.72740000", "time": "2025-07-15T16:21:56.679400Z", "fetched_at": "2025-07-15T16:23:25.058035+00:00", "symbol": "ADA-USD"}, {"trade_id": 143737592, "side": "sell", "size": "0.49946021", "price": "0.72730000", "time": "2025-07-15T16:21:56.614604Z", "fetched_at": "2025-07-15T16:23:25.058035+00:00", "symbol": "ADA-USD"}, {"trade_id": 143737591, "side": "sell", "size": "1.45571946", "price": "0.72720000", "time": "2025-07-15T16:21:55.750784Z", "fetched_at": "2025-07-15T16:23:25.058035+00:00", "symbol": "ADA-USD"}, {"trade_id": 143737590, "side": "sell", "size": "299.76978000", "price": "0.72720000", "time": "2025-07-15T16:21:55.750784Z", "fetched_at": "2025-07-15T16:23:25.058035+00:00", "symbol": "ADA-USD"}, {"trade_id": 143737589, "side": "sell", "size": "200.23022000", "price": "0.72720000", "time": "2025-07-15T16:21:55.449606Z", "fetched_at": "2025-07-15T16:23:25.058035+00:00", "symbol": "ADA-USD"}, {"trade_id": 143737588, "side": "buy", "size": "5.18851628", "price": "0.72720000", "time": "2025-07-15T16:21:55.214338Z", "fetched_at": "2025-07-15T16:23:25.058035+00:00", "symbol": "ADA-USD"}, {"trade_id": 143737587, "side": "buy", "size": "29.50678243", "price": "0.72720000", "time": "2025-07-15T16:21:55.214338Z", "fetched_at": "2025-07-15T16:23:25.058035+00:00", "symbol": "ADA-USD"}, {"trade_id": 143737586, "side": "buy", "size": "275.69095044", "price": "0.72720000", "time": "2025-07-15T16:21:55.214338Z", "fetched_at": "2025-07-15T16:23:25.058035+00:00", "symbol": "ADA-USD"}, {"trade_id": 143737585, "side": "buy", "size": "992.69248589", "price": "0.72710000", "time": "2025-07-15T16:21:55.067889Z", "fetched_at": "2025-07-15T16:23:25.058035+00:00", "symbol": "ADA-USD"}, {"trade_id": 143737584, "side": "buy", "size": "567.00000000", "price": "0.72710000", "time": "2025-07-15T16:21:55.067889Z", "fetched_at": "2025-07-15T16:23:25.058035+00:00", "symbol": "ADA-USD"}, {"trade_id": 143737583, "side": "buy", "size": "275.69095044", "price": "0.72710000", "time": "2025-07-15T16:21:55.067889Z", "fetched_at": "2025-07-15T16:23:25.058035+00:00", "symbol": "ADA-USD"}, {"trade_id": 143737582, "side": "buy", "size": "118.31750000", "price": "0.72720000", "time": "2025-07-15T16:21:55.067889Z", "fetched_at": "2025-07-15T16:23:25.058035+00:00", "symbol": "ADA-USD"}, {"trade_id": 143737581, "side": "buy", "size": "5.18851628", "price": "0.72720000", "time": "2025-07-15T16:21:55.067889Z", "fetched_at": "2025-07-15T16:23:25.058035+00:00", "symbol": "ADA-USD"}, {"trade_id": 143737580, "side": "buy", "size": "39.33018939", "price": "0.72720000", "time": "2025-07-15T16:21:55.067889Z", "fetched_at": "2025-07-15T16:23:25.058035+00:00", "symbol": "ADA-USD"}, {"trade_id": 143737579, "side": "buy", "size": "5.18851628", "price": "0.72720000", "time": "2025-07-15T16:21:54.730942Z", "fetched_at": "2025-07-15T16:23:25.058035+00:00", "symbol": "ADA-USD"}, {"trade_id": 143737578, "side": "buy", "size": "38.21887884", "price": "0.72730000", "time": "2025-07-15T16:21:54.730942Z", "fetched_at": "2025-07-15T16:23:25.058035+00:00", "symbol": "ADA-USD"}, {"trade_id": 143737577, "side": "sell", "size": "267.20070734", "price": "0.72730000", "time": "2025-07-15T16:21:54.579070Z", "fetched_at": "2025-07-15T16:23:25.058035+00:00", "symbol": "ADA-USD"}, {"trade_id": 143737576, "side": "sell", "size": "1708.93817000", "price": "0.72720000", "time": "2025-07-15T16:21:54.579070Z", "fetched_at": "2025-07-15T16:23:25.058035+00:00", "symbol": "ADA-USD"}, {"trade_id": 143737575, "side": "sell", "size": "50.93201970", "price": "0.72720000", "time": "2025-07-15T16:21:54.579070Z", "fetched_at": "2025-07-15T16:23:25.058035+00:00", "symbol": "ADA-USD"}, {"trade_id": 143737574, "side": "sell", "size": "1586.44854157", "price": "0.72720000", "time": "2025-07-15T16:21:54.570715Z", "fetched_at": "2025-07-15T16:23:25.058035+00:00", "symbol": "ADA-USD"}, {"trade_id": 143737573, "side": "sell", "size": "39.09213873", "price": "0.72720000", "time": "2025-07-15T16:21:54.565370Z", "fetched_at": "2025-07-15T16:23:25.058035+00:00", "symbol": "ADA-USD"}, {"trade_id": 143737572, "side": "sell", "size": "306.69907632", "price": "0.72710000", "time": "2025-07-15T16:21:54.565370Z", "fetched_at": "2025-07-15T16:23:25.058035+00:00", "symbol": "ADA-USD"}, {"trade_id": 143737571, "side": "sell", "size": "1330.68148495", "price": "0.72710000", "time": "2025-07-15T16:21:54.565370Z", "fetched_at": "2025-07-15T16:23:25.058035+00:00", "symbol": "ADA-USD"}, {"trade_id": 143737570, "side": "sell", "size": "15.60830366", "price": "0.72710000", "time": "2025-07-15T16:21:54.562424Z", "fetched_at": "2025-07-15T16:23:25.058035+00:00", "symbol": "ADA-USD"}, {"trade_id": 143737569, "side": "sell", "size": "2752.43050000", "price": "0.72700000", "time": "2025-07-15T16:21:54.562424Z", "fetched_at": "2025-07-15T16:23:25.058035+00:00", "symbol": "ADA-USD"}, {"trade_id": 143737568, "side": "sell", "size": "1585.66950000", "price": "0.72700000", "time": "2025-07-15T16:21:54.559574Z", "fetched_at": "2025-07-15T16:23:25.058035+00:00", "symbol": "ADA-USD"}, {"trade_id": 143737567, "side": "sell", "size": "850.50000000", "price": "0.72700000", "time": "2025-07-15T16:21:54.557Z", "fetched_at": "2025-07-15T16:23:25.058035+00:00", "symbol": "ADA-USD"}, {"trade_id": 143737566, "side": "sell", "size": "330.41344139", "price": "0.72710000", "time": "2025-07-15T16:21:54.550290Z", "fetched_at": "2025-07-15T16:23:25.058035+00:00", "symbol": "ADA-USD"}, {"trade_id": 143737565, "side": "sell", "size": "1.45565861", "price": "0.72710000", "time": "2025-07-15T16:21:54.550290Z", "fetched_at": "2025-07-15T16:23:25.058035+00:00", "symbol": "ADA-USD"}, {"trade_id": 143737564, "side": "sell", "size": "1676.70323000", "price": "0.72700000", "time": "2025-07-15T16:21:54.546523Z", "fetched_at": "2025-07-15T16:23:25.058035+00:00", "symbol": "ADA-USD"}, {"trade_id": 143737563, "side": "sell", "size": "1708.26521000", "price": "0.72690000", "time": "2025-07-15T16:21:54.531481Z", "fetched_at": "2025-07-15T16:23:25.058035+00:00", "symbol": "ADA-USD"}, {"trade_id": 143737562, "side": "sell", "size": "5188.30000000", "price": "0.72690000", "time": "2025-07-15T16:21:54.531481Z", "fetched_at": "2025-07-15T16:23:25.058035+00:00", "symbol": "ADA-USD"}, {"trade_id": 143737561, "side": "sell", "size": "1676.70323000", "price": "0.72690000", "time": "2025-07-15T16:21:54.531481Z", "fetched_at": "2025-07-15T16:23:25.058035+00:00", "symbol": "ADA-USD"}, {"trade_id": 143737560, "side": "sell", "size": "5.33695756", "price": "0.72680000", "time": "2025-07-15T16:21:54.531481Z", "fetched_at": "2025-07-15T16:23:25.058035+00:00", "symbol": "ADA-USD"}, {"trade_id": 143737559, "side": "sell", "size": "178.70042319", "price": "0.72680000", "time": "2025-07-15T16:21:54.531481Z", "fetched_at": "2025-07-15T16:23:25.058035+00:00", "symbol": "ADA-USD"}, {"trade_id": 143737558, "side": "sell", "size": "15.96598020", "price": "0.72680000", "time": "2025-07-15T16:21:54.531481Z", "fetched_at": "2025-07-15T16:23:25.058035+00:00", "symbol": "ADA-USD"}, {"trade_id": 143737557, "side": "buy", "size": "5.19208619", "price": "0.72670000", "time": "2025-07-15T16:21:53.727811Z", "fetched_at": "2025-07-15T16:23:25.058035+00:00", "symbol": "ADA-USD"}, {"trade_id": 143737556, "side": "buy", "size": "1.60000000", "price": "0.72670000", "time": "2025-07-15T16:21:53.727811Z", "fetched_at": "2025-07-15T16:23:25.058035+00:00", "symbol": "ADA-USD"}, {"trade_id": 143737555, "side": "buy", "size": "1.60000000", "price": "0.72680000", "time": "2025-07-15T16:21:53.505269Z", "fetched_at": "2025-07-15T16:23:25.058035+00:00", "symbol": "ADA-USD"}, {"trade_id": 143737554, "side": "buy", "size": "5.19065764", "price": "0.72690000", "time": "2025-07-15T16:21:53.486684Z", "fetched_at": "2025-07-15T16:23:25.058035+00:00", "symbol": "ADA-USD"}, {"trade_id": 143737553, "side": "buy", "size": "1.60000000", "price": "0.72690000", "time": "2025-07-15T16:21:53.486684Z", "fetched_at": "2025-07-15T16:23:25.058035+00:00", "symbol": "ADA-USD"}, {"trade_id": 143737552, "side": "buy", "size": "5.18994365", "price": "0.72700000", "time": "2025-07-15T16:21:53.126407Z", "fetched_at": "2025-07-15T16:23:25.058035+00:00", "symbol": "ADA-USD"}, {"trade_id": 143737551, "side": "buy", "size": "1.60000000", "price": "0.72700000", "time": "2025-07-15T16:21:53.126407Z", "fetched_at": "2025-07-15T16:23:25.058035+00:00", "symbol": "ADA-USD"}, {"trade_id": 143737550, "side": "buy", "size": "5.18851628", "price": "0.72720000", "time": "2025-07-15T16:21:51.204142Z", "fetched_at": "2025-07-15T16:23:25.058035+00:00", "symbol": "ADA-USD"}, {"trade_id": 143737549, "side": "buy", "size": "8.47848413", "price": "0.72700000", "time": "2025-07-15T16:21:50.432513Z", "fetched_at": "2025-07-15T16:23:25.058035+00:00", "symbol": "ADA-USD"}, {"trade_id": 143737548, "side": "buy", "size": "1.60000000", "price": "0.72700000", "time": "2025-07-15T16:21:50.432513Z", "fetched_at": "2025-07-15T16:23:25.058035+00:00", "symbol": "ADA-USD"}, {"trade_id": 143737547, "side": "buy", "size": "5.18922987", "price": "0.72710000", "time": "2025-07-15T16:21:50.432513Z", "fetched_at": "2025-07-15T16:23:25.058035+00:00", "symbol": "ADA-USD"}, {"trade_id": 143737546, "side": "buy", "size": "5.18922987", "price": "0.72710000", "time": "2025-07-15T16:21:50.077473Z", "fetched_at": "2025-07-15T16:23:25.058035+00:00", "symbol": "ADA-USD"}, {"trade_id": 143737545, "side": "buy", "size": "1.60000000", "price": "0.72710000", "time": "2025-07-15T16:21:50.077473Z", "fetched_at": "2025-07-15T16:23:25.058035+00:00", "symbol": "ADA-USD"}, {"trade_id": 143737544, "side": "buy", "size": "5.18851628", "price": "0.72720000", "time": "2025-07-15T16:21:49.583788Z", "fetched_at": "2025-07-15T16:23:25.058035+00:00", "symbol": "ADA-USD"}, {"trade_id": 143737543, "side": "buy", "size": "5.18703469", "price": "0.72730000", "time": "2025-07-15T16:21:49.128021Z", "fetched_at": "2025-07-15T16:23:25.058035+00:00", "symbol": "ADA-USD"}, {"trade_id": 143737542, "side": "buy", "size": "698.82012572", "price": "0.72730000", "time": "2025-07-15T16:21:48.523410Z", "fetched_at": "2025-07-15T16:23:25.058035+00:00", "symbol": "ADA-USD"}, {"trade_id": 143737541, "side": "buy", "size": "5.08303428", "price": "0.72730000", "time": "2025-07-15T16:21:48.523410Z", "fetched_at": "2025-07-15T16:23:25.058035+00:00", "symbol": "ADA-USD"}, {"trade_id": 143737540, "side": "sell", "size": "0.00008310", "price": "0.72720000", "time": "2025-07-15T16:21:48.111665Z", "fetched_at": "2025-07-15T16:23:25.058035+00:00", "symbol": "ADA-USD"}, {"trade_id": 143737539, "side": "sell", "size": "21.02740000", "price": "0.72720000", "time": "2025-07-15T16:21:48.108226Z", "fetched_at": "2025-07-15T16:23:25.058035+00:00", "symbol": "ADA-USD"}, {"trade_id": 143737538, "side": "buy", "size": "275.69095044", "price": "0.72720000", "time": "2025-07-15T16:21:48.083430Z", "fetched_at": "2025-07-15T16:23:25.058035+00:00", "symbol": "ADA-USD"}, {"trade_id": 143737537, "side": "buy", "size": "1.60000000", "price": "0.72720000", "time": "2025-07-15T16:21:48.083430Z", "fetched_at": "2025-07-15T16:23:25.058035+00:00", "symbol": "ADA-USD"}, {"trade_id": 143737536, "side": "buy", "size": "499.15740000", "price": "0.72720000", "time": "2025-07-15T16:21:48.083430Z", "fetched_at": "2025-07-15T16:23:25.058035+00:00", "symbol": "ADA-USD"}, {"trade_id": 143737535, "side": "buy", "size": "67.84260000", "price": "0.72720000", "time": "2025-07-15T16:21:48.082847Z", "fetched_at": "2025-07-15T16:23:25.058035+00:00", "symbol": "ADA-USD"}, {"trade_id": 143737534, "side": "buy", "size": "1.60000000", "price": "0.72730000", "time": "2025-07-15T16:21:48.082581Z", "fetched_at": "2025-07-15T16:23:25.058035+00:00", "symbol": "ADA-USD"}, {"trade_id": 143737533, "side": "buy", "size": "5.08233548", "price": "0.72740000", "time": "2025-07-15T16:21:48.082340Z", "fetched_at": "2025-07-15T16:23:25.058035+00:00", "symbol": "ADA-USD"}, {"trade_id": 143737532, "side": "buy", "size": "1.60000000", "price": "0.72740000", "time": "2025-07-15T16:21:48.082340Z", "fetched_at": "2025-07-15T16:23:25.058035+00:00", "symbol": "ADA-USD"}, {"trade_id": 143737531, "side": "buy", "size": "5.78996343", "price": "0.72750000", "time": "2025-07-15T16:21:46.204008Z", "fetched_at": "2025-07-15T16:23:25.058035+00:00", "symbol": "ADA-USD"}, {"trade_id": 143737530, "side": "buy", "size": "125.73417776", "price": "0.72750000", "time": "2025-07-15T16:21:45.954766Z", "fetched_at": "2025-07-15T16:23:25.058035+00:00", "symbol": "ADA-USD"}, {"trade_id": 143737529, "side": "buy", "size": "6.04254024", "price": "0.72750000", "time": "2025-07-15T16:21:45.954766Z", "fetched_at": "2025-07-15T16:23:25.058035+00:00", "symbol": "ADA-USD"}, {"trade_id": 143737528, "side": "buy", "size": "275.69095000", "price": "0.72750000", "time": "2025-07-15T16:21:45.321927Z", "fetched_at": "2025-07-15T16:23:25.058035+00:00", "symbol": "ADA-USD"}, {"trade_id": 143737527, "side": "buy", "size": "1.60000000", "price": "0.72750000", "time": "2025-07-15T16:21:45.321927Z", "fetched_at": "2025-07-15T16:23:25.058035+00:00", "symbol": "ADA-USD"}, {"trade_id": 143737526, "side": "buy", "size": "0.10000000", "price": "0.72750000", "time": "2025-07-15T16:21:45.321927Z", "fetched_at": "2025-07-15T16:23:25.058035+00:00", "symbol": "ADA-USD"}, {"trade_id": 143737525, "side": "buy", "size": "10.09620561", "price": "0.72760000", "time": "2025-07-15T16:21:45.315957Z", "fetched_at": "2025-07-15T16:23:25.058035+00:00", "symbol": "ADA-USD"}, {"trade_id": 143737524, "side": "buy", "size": "1.60000000", "price": "0.72760000", "time": "2025-07-15T16:21:45.315957Z", "fetched_at": "2025-07-15T16:23:25.058035+00:00", "symbol": "ADA-USD"}, {"trade_id": 143737523, "side": "buy", "size": "10.39606730", "price": "0.72770000", "time": "2025-07-15T16:21:44.932042Z", "fetched_at": "2025-07-15T16:23:25.058035+00:00", "symbol": "ADA-USD"}, {"trade_id": 143737522, "side": "buy", "size": "1.60000000", "price": "0.72770000", "time": "2025-07-15T16:21:44.932042Z", "fetched_at": "2025-07-15T16:23:25.058035+00:00", "symbol": "ADA-USD"}, {"trade_id": 143737521, "side": "buy", "size": "11.57806617", "price": "0.72780000", "time": "2025-07-15T16:21:44.040853Z", "fetched_at": "2025-07-15T16:23:25.058035+00:00", "symbol": "ADA-USD"}, {"trade_id": 143737520, "side": "buy", "size": "1.60000000", "price": "0.72780000", "time": "2025-07-15T16:21:44.040853Z", "fetched_at": "2025-07-15T16:23:25.058035+00:00", "symbol": "ADA-USD"}, {"trade_id": 143737519, "side": "buy", "size": "12.68418230", "price": "0.72790000", "time": "2025-07-15T16:21:43.740707Z", "fetched_at": "2025-07-15T16:23:25.058035+00:00", "symbol": "ADA-USD"}, {"trade_id": 143737518, "side": "buy", "size": "1.60000000", "price": "0.72790000", "time": "2025-07-15T16:21:43.740707Z", "fetched_at": "2025-07-15T16:23:25.058035+00:00", "symbol": "ADA-USD"}, {"trade_id": 143737517, "side": "buy", "size": "0.06575568", "price": "0.72810000", "time": "2025-07-15T16:21:42.707977Z", "fetched_at": "2025-07-15T16:23:25.058035+00:00", "symbol": "ADA-USD"}, {"trade_id": 143737516, "side": "buy", "size": "14.26583822", "price": "0.72810000", "time": "2025-07-15T16:21:42.707977Z", "fetched_at": "2025-07-15T16:23:25.058035+00:00", "symbol": "ADA-USD"}, {"trade_id": 143737515, "side": "sell", "size": "13.24255700", "price": "0.72820000", "time": "2025-07-15T16:21:42.004715Z", "fetched_at": "2025-07-15T16:23:25.058035+00:00", "symbol": "ADA-USD"}, {"trade_id": 143737514, "side": "buy", "size": "23.82010600", "price": "0.72800000", "time": "2025-07-15T16:21:40.867877Z", "fetched_at": "2025-07-15T16:23:25.058035+00:00", "symbol": "ADA-USD"}, {"trade_id": 143737513, "side": "buy", "size": "51.00306000", "price": "0.72800000", "time": "2025-07-15T16:21:40.867877Z", "fetched_at": "2025-07-15T16:23:25.058035+00:00", "symbol": "ADA-USD"}, {"trade_id": 143737512, "side": "sell", "size": "2.27617602", "price": "0.72800000", "time": "2025-07-15T16:21:40.788293Z", "fetched_at": "2025-07-15T16:23:25.058035+00:00", "symbol": "ADA-USD"}, {"trade_id": 143737511, "side": "sell", "size": "0.72783564", "price": "0.72800000", "time": "2025-07-15T16:21:40.788293Z", "fetched_at": "2025-07-15T16:23:25.058035+00:00", "symbol": "ADA-USD"}, {"trade_id": 143737510, "side": "buy", "size": "16.97475372", "price": "0.72800000", "time": "2025-07-15T16:21:38.858199Z", "fetched_at": "2025-07-15T16:23:25.058035+00:00", "symbol": "ADA-USD"}, {"trade_id": 143737509, "side": "buy", "size": "1.60000000", "price": "0.72800000", "time": "2025-07-15T16:21:38.858199Z", "fetched_at": "2025-07-15T16:23:25.058035+00:00", "symbol": "ADA-USD"}, {"trade_id": 143737508, "side": "buy", "size": "1.60000000", "price": "0.72810000", "time": "2025-07-15T16:21:38.475510Z", "fetched_at": "2025-07-15T16:23:25.058035+00:00", "symbol": "ADA-USD"}, {"trade_id": 143737507, "side": "buy", "size": "12.77537666", "price": "0.72820000", "time": "2025-07-15T16:21:38.464280Z", "fetched_at": "2025-07-15T16:23:25.058035+00:00", "symbol": "ADA-USD"}, {"trade_id": 143737506, "side": "buy", "size": "31.77978053", "price": "0.72820000", "time": "2025-07-15T16:21:33.058264Z", "fetched_at": "2025-07-15T16:23:25.058035+00:00", "symbol": "ADA-USD"}, {"trade_id": 143737505, "side": "buy", "size": "1.60000000", "price": "0.72820000", "time": "2025-07-15T16:21:33.058264Z", "fetched_at": "2025-07-15T16:23:25.058035+00:00", "symbol": "ADA-USD"}, {"trade_id": 143737504, "side": "sell", "size": "907.99249845", "price": "0.72850000", "time": "2025-07-15T16:21:31.820001Z", "fetched_at": "2025-07-15T16:23:25.058035+00:00", "symbol": "ADA-USD"}, {"trade_id": 143737503, "side": "sell", "size": "178.45336338", "price": "0.72840000", "time": "2025-07-15T16:21:31.820001Z", "fetched_at": "2025-07-15T16:23:25.058035+00:00", "symbol": "ADA-USD"}, {"trade_id": 143737502, "side": "sell", "size": "3400.58430301", "price": "0.72840000", "time": "2025-07-15T16:21:31.820001Z", "fetched_at": "2025-07-15T16:23:25.058035+00:00", "symbol": "ADA-USD"}, {"trade_id": 143737501, "side": "sell", "size": "480.51657510", "price": "0.72840000", "time": "2025-07-15T16:21:31.820001Z", "fetched_at": "2025-07-15T16:23:25.058035+00:00", "symbol": "ADA-USD"}, {"trade_id": 143737500, "side": "sell", "size": "800.22162346", "price": "0.72840000", "time": "2025-07-15T16:21:31.820001Z", "fetched_at": "2025-07-15T16:23:25.058035+00:00", "symbol": "ADA-USD"}, {"trade_id": 143737499, "side": "sell", "size": "4.15635301", "price": "0.72840000", "time": "2025-07-15T16:21:31.820001Z", "fetched_at": "2025-07-15T16:23:25.058035+00:00", "symbol": "ADA-USD"}, {"trade_id": 143737498, "side": "sell", "size": "1.69075479", "price": "0.72840000", "time": "2025-07-15T16:21:31.820001Z", "fetched_at": "2025-07-15T16:23:25.058035+00:00", "symbol": "ADA-USD"}, {"trade_id": 143737497, "side": "sell", "size": "14.37022880", "price": "0.72840000", "time": "2025-07-15T16:21:31.820001Z", "fetched_at": "2025-07-15T16:23:25.058035+00:00", "symbol": "ADA-USD"}, {"trade_id": 143737496, "side": "sell", "size": "500.00000000", "price": "0.72840000", "time": "2025-07-15T16:21:31.820001Z", "fetched_at": "2025-07-15T16:23:25.058035+00:00", "symbol": "ADA-USD"}, {"trade_id": 143737495, "side": "sell", "size": "500.00000000", "price": "0.72830000", "time": "2025-07-15T16:21:31.820001Z", "fetched_at": "2025-07-15T16:23:25.058035+00:00", "symbol": "ADA-USD"}, {"trade_id": 143737494, "side": "buy", "size": "14.13188344", "price": "0.72830000", "time": "2025-07-15T16:21:30.979295Z", "fetched_at": "2025-07-15T16:23:25.058035+00:00", "symbol": "ADA-USD"}, {"trade_id": 143737493, "side": "buy", "size": "1.60000000", "price": "0.72830000", "time": "2025-07-15T16:21:30.979295Z", "fetched_at": "2025-07-15T16:23:25.058035+00:00", "symbol": "ADA-USD"}, {"trade_id": 143737492, "side": "buy", "size": "14.12800372", "price": "0.72850000", "time": "2025-07-15T16:21:30.696904Z", "fetched_at": "2025-07-15T16:23:25.058035+00:00", "symbol": "ADA-USD"}, {"trade_id": 143737491, "side": "sell", "size": "0.89429681", "price": "0.72850000", "time": "2025-07-15T16:21:30.349637Z", "fetched_at": "2025-07-15T16:23:25.058035+00:00", "symbol": "ADA-USD"}, {"trade_id": 143737490, "side": "sell", "size": "25.35794180", "price": "0.72850000", "time": "2025-07-15T16:21:30.349637Z", "fetched_at": "2025-07-15T16:23:25.058035+00:00", "symbol": "ADA-USD"}, {"trade_id": 143737489, "side": "buy", "size": "2.69737818", "price": "0.72840000", "time": "2025-07-15T16:21:27.586608Z", "fetched_at": "2025-07-15T16:23:25.058035+00:00", "symbol": "ADA-USD"}, {"trade_id": 143737488, "side": "buy", "size": "16.29004982", "price": "0.72840000", "time": "2025-07-15T16:21:27.586608Z", "fetched_at": "2025-07-15T16:23:25.058035+00:00", "symbol": "ADA-USD"}, {"trade_id": 143737487, "side": "buy", "size": "1.60000000", "price": "0.72840000", "time": "2025-07-15T16:21:27.586608Z", "fetched_at": "2025-07-15T16:23:25.058035+00:00", "symbol": "ADA-USD"}, {"trade_id": 143737486, "side": "buy", "size": "1.60000000", "price": "0.72860000", "time": "2025-07-15T16:21:24.796571Z", "fetched_at": "2025-07-15T16:23:25.058035+00:00", "symbol": "ADA-USD"}, {"trade_id": 143737485, "side": "buy", "size": "1.60000000", "price": "0.72870000", "time": "2025-07-15T16:21:24.698504Z", "fetched_at": "2025-07-15T16:23:25.058035+00:00", "symbol": "ADA-USD"}, {"trade_id": 143737484, "side": "buy", "size": "24.18014920", "price": "0.72890000", "time": "2025-07-15T16:21:24.384959Z", "fetched_at": "2025-07-15T16:23:25.058035+00:00", "symbol": "ADA-USD"}, {"trade_id": 143737483, "side": "buy", "size": "4683.91574167", "price": "0.72890000", "time": "2025-07-15T16:21:23.292998Z", "fetched_at": "2025-07-15T16:23:25.058035+00:00", "symbol": "ADA-USD"}, {"trade_id": 143737482, "side": "buy", "size": "275.69095044", "price": "0.72890000", "time": "2025-07-15T16:21:23.292998Z", "fetched_at": "2025-07-15T16:23:25.058035+00:00", "symbol": "ADA-USD"}, {"trade_id": 143737481, "side": "buy", "size": "275.69094031", "price": "0.72910000", "time": "2025-07-15T16:21:22.724024Z", "fetched_at": "2025-07-15T16:23:25.058035+00:00", "symbol": "ADA-USD"}, {"trade_id": 143737480, "side": "buy", "size": "30.98686969", "price": "0.72910000", "time": "2025-07-15T16:21:22.724024Z", "fetched_at": "2025-07-15T16:23:25.058035+00:00", "symbol": "ADA-USD"}, {"trade_id": 143737479, "side": "buy", "size": "133.63426242", "price": "0.72910000", "time": "2025-07-15T16:21:22.123293Z", "fetched_at": "2025-07-15T16:23:25.058035+00:00", "symbol": "ADA-USD"}, {"trade_id": 143737478, "side": "buy", "size": "293.65000000", "price": "0.72910000", "time": "2025-07-15T16:21:22.123293Z", "fetched_at": "2025-07-15T16:23:25.058035+00:00", "symbol": "ADA-USD"}, {"trade_id": 143737477, "side": "buy", "size": "275.69095044", "price": "0.72910000", "time": "2025-07-15T16:21:22.123293Z", "fetched_at": "2025-07-15T16:23:25.058035+00:00", "symbol": "ADA-USD"}, {"trade_id": 143737476, "side": "sell", "size": "32.66415494", "price": "0.72920000", "time": "2025-07-15T16:21:21.902912Z", "fetched_at": "2025-07-15T16:23:25.058035+00:00", "symbol": "ADA-USD"}, {"trade_id": 143737475, "side": "sell", "size": "1.60000000", "price": "0.72920000", "time": "2025-07-15T16:21:21.902912Z", "fetched_at": "2025-07-15T16:23:25.058035+00:00", "symbol": "ADA-USD"}, {"trade_id": 143737474, "side": "sell", "size": "33.57844506", "price": "0.72920000", "time": "2025-07-15T16:21:21.902912Z", "fetched_at": "2025-07-15T16:23:25.058035+00:00", "symbol": "ADA-USD"}, {"trade_id": 143737473, "side": "sell", "size": "1.60000000", "price": "0.72910000", "time": "2025-07-15T16:21:21.482852Z", "fetched_at": "2025-07-15T16:23:25.058035+00:00", "symbol": "ADA-USD"}, {"trade_id": 143737472, "side": "sell", "size": "33.56877624", "price": "0.72910000", "time": "2025-07-15T16:21:21.482852Z", "fetched_at": "2025-07-15T16:23:25.058035+00:00", "symbol": "ADA-USD"}, {"trade_id": 143737471, "side": "sell", "size": "0.56138335", "price": "0.72900000", "time": "2025-07-15T16:21:21.459321Z", "fetched_at": "2025-07-15T16:23:25.058035+00:00", "symbol": "ADA-USD"}, {"trade_id": 143737470, "side": "sell", "size": "1.60000000", "price": "0.72900000", "time": "2025-07-15T16:21:21.459321Z", "fetched_at": "2025-07-15T16:23:25.058035+00:00", "symbol": "ADA-USD"}, {"trade_id": 143737469, "side": "sell", "size": "36.22045321", "price": "0.72900000", "time": "2025-07-15T16:21:21.459321Z", "fetched_at": "2025-07-15T16:23:25.058035+00:00", "symbol": "ADA-USD"}, {"trade_id": 143737468, "side": "sell", "size": "500.00000000", "price": "0.72890000", "time": "2025-07-15T16:21:21.175656Z", "fetched_at": "2025-07-15T16:23:25.058035+00:00", "symbol": "ADA-USD"}, {"trade_id": 143737467, "side": "sell", "size": "1.60000000", "price": "0.72890000", "time": "2025-07-15T16:21:21.175656Z", "fetched_at": "2025-07-15T16:23:25.058035+00:00", "symbol": "ADA-USD"}, {"trade_id": 143737466, "side": "sell", "size": "18.44375495", "price": "0.72890000", "time": "2025-07-15T16:21:21.175656Z", "fetched_at": "2025-07-15T16:23:25.058035+00:00", "symbol": "ADA-USD"}, {"trade_id": 143737465, "side": "sell", "size": "81.36345365", "price": "0.72880000", "time": "2025-07-15T16:21:21.175316Z", "fetched_at": "2025-07-15T16:23:25.058035+00:00", "symbol": "ADA-USD"}, {"trade_id": 143737464, "side": "sell", "size": "67.84260000", "price": "0.72880000", "time": "2025-07-15T16:21:21.175308Z", "fetched_at": "2025-07-15T16:23:25.058035+00:00", "symbol": "ADA-USD"}, {"trade_id": 143737463, "side": "sell", "size": "29.22361287", "price": "0.72880000", "time": "2025-07-15T16:21:21.175191Z", "fetched_at": "2025-07-15T16:23:25.058035+00:00", "symbol": "ADA-USD"}, {"trade_id": 143737462, "side": "sell", "size": "0.72782414", "price": "0.72880000", "time": "2025-07-15T16:21:21.175191Z", "fetched_at": "2025-07-15T16:23:25.058035+00:00", "symbol": "ADA-USD"}, {"trade_id": 143737461, "side": "sell", "size": "1.60000000", "price": "0.72880000", "time": "2025-07-15T16:21:21.175191Z", "fetched_at": "2025-07-15T16:23:25.058035+00:00", "symbol": "ADA-USD"}, {"trade_id": 143737460, "side": "sell", "size": "36.29116299", "price": "0.72880000", "time": "2025-07-15T16:21:21.175191Z", "fetched_at": "2025-07-15T16:23:25.058035+00:00", "symbol": "ADA-USD"}, {"trade_id": 143737459, "side": "buy", "size": "288.63999592", "price": "0.72870000", "time": "2025-07-15T16:21:21.090785Z", "fetched_at": "2025-07-15T16:23:25.058035+00:00", "symbol": "ADA-USD"}, {"trade_id": 143737458, "side": "buy", "size": "275.69095044", "price": "0.72870000", "time": "2025-07-15T16:21:21.090785Z", "fetched_at": "2025-07-15T16:23:25.058035+00:00", "symbol": "ADA-USD"}, {"trade_id": 143737457, "side": "buy", "size": "12.93492364", "price": "0.72870000", "time": "2025-07-15T16:21:21.090785Z", "fetched_at": "2025-07-15T16:23:25.058035+00:00", "symbol": "ADA-USD"}, {"trade_id": 143737456, "side": "sell", "size": "1.60000000", "price": "0.72870000", "time": "2025-07-15T16:21:20.133259Z", "fetched_at": "2025-07-15T16:23:25.058035+00:00", "symbol": "ADA-USD"}, {"trade_id": 143737455, "side": "sell", "size": "5.92822216", "price": "0.72870000", "time": "2025-07-15T16:21:20.133259Z", "fetched_at": "2025-07-15T16:23:25.058035+00:00", "symbol": "ADA-USD"}, {"trade_id": 143737454, "side": "sell", "size": "51.00306000", "price": "0.72870000", "time": "2025-07-15T16:21:20.133249Z", "fetched_at": "2025-07-15T16:23:25.058035+00:00", "symbol": "ADA-USD"}, {"trade_id": 143737453, "side": "sell", "size": "0.72783127", "price": "0.72860000", "time": "2025-07-15T16:21:19.999117Z", "fetched_at": "2025-07-15T16:23:25.058035+00:00", "symbol": "ADA-USD"}, {"trade_id": 143737452, "side": "sell", "size": "1.60000000", "price": "0.72860000", "time": "2025-07-15T16:21:19.999117Z", "fetched_at": "2025-07-15T16:23:25.058035+00:00", "symbol": "ADA-USD"}, {"trade_id": 143737451, "side": "sell", "size": "40.42770822", "price": "0.72860000", "time": "2025-07-15T16:21:19.999117Z", "fetched_at": "2025-07-15T16:23:25.058035+00:00", "symbol": "ADA-USD"}, {"trade_id": 143737450, "side": "buy", "size": "151.67789591", "price": "0.72850000", "time": "2025-07-15T16:21:17.957836Z", "fetched_at": "2025-07-15T16:23:25.058035+00:00", "symbol": "ADA-USD"}, {"trade_id": 143737449, "side": "buy", "size": "14.80241209", "price": "0.72850000", "time": "2025-07-15T16:21:17.957836Z", "fetched_at": "2025-07-15T16:23:25.058035+00:00", "symbol": "ADA-USD"}, {"trade_id": 143737448, "side": "sell", "size": "1.60000000", "price": "0.72850000", "time": "2025-07-15T16:21:16.280710Z", "fetched_at": "2025-07-15T16:23:25.058035+00:00", "symbol": "ADA-USD"}, {"trade_id": 143737447, "side": "sell", "size": "52.74872107", "price": "0.72850000", "time": "2025-07-15T16:21:16.280710Z", "fetched_at": "2025-07-15T16:23:25.058035+00:00", "symbol": "ADA-USD"}, {"trade_id": 143737446, "side": "sell", "size": "67.84260000", "price": "0.72840000", "time": "2025-07-15T16:21:16.170431Z", "fetched_at": "2025-07-15T16:23:25.058035+00:00", "symbol": "ADA-USD"}, {"trade_id": 143737445, "side": "sell", "size": "0.72781628", "price": "0.72840000", "time": "2025-07-15T16:21:16.168184Z", "fetched_at": "2025-07-15T16:23:25.058035+00:00", "symbol": "ADA-USD"}, {"trade_id": 143737444, "side": "sell", "size": "1.60000000", "price": "0.72840000", "time": "2025-07-15T16:21:16.168184Z", "fetched_at": "2025-07-15T16:23:25.058035+00:00", "symbol": "ADA-USD"}, {"trade_id": 143737443, "side": "sell", "size": "41.73025349", "price": "0.72840000", "time": "2025-07-15T16:21:16.168184Z", "fetched_at": "2025-07-15T16:23:25.058035+00:00", "symbol": "ADA-USD"}, {"trade_id": 143737442, "side": "buy", "size": "6.55045425", "price": "0.72820000", "time": "2025-07-15T16:21:08.424355Z", "fetched_at": "2025-07-15T16:23:25.058035+00:00", "symbol": "ADA-USD"}, {"trade_id": 143737441, "side": "buy", "size": "282.30999575", "price": "0.72830000", "time": "2025-07-15T16:21:08.265506Z", "fetched_at": "2025-07-15T16:23:25.058035+00:00", "symbol": "ADA-USD"}, {"trade_id": 143737440, "side": "buy", "size": "275.69095044", "price": "0.72830000", "time": "2025-07-15T16:21:08.265506Z", "fetched_at": "2025-07-15T16:23:25.058035+00:00", "symbol": "ADA-USD"}, {"trade_id": 143737439, "side": "buy", "size": "6.60359381", "price": "0.72830000", "time": "2025-07-15T16:21:08.265506Z", "fetched_at": "2025-07-15T16:23:25.058035+00:00", "symbol": "ADA-USD"}, {"trade_id": 143737438, "side": "sell", "size": "0.72780914", "price": "0.72830000", "time": "2025-07-15T16:21:07.407156Z", "fetched_at": "2025-07-15T16:23:25.058035+00:00", "symbol": "ADA-USD"}, {"trade_id": 143737437, "side": "sell", "size": "1.60000000", "price": "0.72830000", "time": "2025-07-15T16:21:07.407156Z", "fetched_at": "2025-07-15T16:23:25.058035+00:00", "symbol": "ADA-USD"}, {"trade_id": 143737436, "side": "sell", "size": "33.61670170", "price": "0.72830000", "time": "2025-07-15T16:21:07.407156Z", "fetched_at": "2025-07-15T16:23:25.058035+00:00", "symbol": "ADA-USD"}, {"trade_id": 143737435, "side": "sell", "size": "1.60000000", "price": "0.72820000", "time": "2025-07-15T16:21:06.095423Z", "fetched_at": "2025-07-15T16:23:25.058035+00:00", "symbol": "ADA-USD"}, {"trade_id": 143737434, "side": "sell", "size": "30.75503355", "price": "0.72820000", "time": "2025-07-15T16:21:06.095423Z", "fetched_at": "2025-07-15T16:23:25.058035+00:00", "symbol": "ADA-USD"}, {"trade_id": 143737433, "side": "sell", "size": "0.72782167", "price": "0.72810000", "time": "2025-07-15T16:21:05.684210Z", "fetched_at": "2025-07-15T16:23:25.058035+00:00", "symbol": "ADA-USD"}, {"trade_id": 143737432, "side": "sell", "size": "440.36540826", "price": "0.72800000", "time": "2025-07-15T16:21:01.671404Z", "fetched_at": "2025-07-15T16:23:25.058035+00:00", "symbol": "ADA-USD"}, {"trade_id": 143737431, "side": "sell", "size": "40.59788653", "price": "0.72800000", "time": "2025-07-15T16:21:01.671404Z", "fetched_at": "2025-07-15T16:23:25.058035+00:00", "symbol": "ADA-USD"}, {"trade_id": 143737430, "side": "buy", "size": "4.05095924", "price": "0.72790000", "time": "2025-07-15T16:21:01.622757Z", "fetched_at": "2025-07-15T16:23:25.058035+00:00", "symbol": "ADA-USD"}, {"trade_id": 143737429, "side": "buy", "size": "14.17019026", "price": "0.72800000", "time": "2025-07-15T16:20:58.347411Z", "fetched_at": "2025-07-15T16:23:25.058035+00:00", "symbol": "ADA-USD"}, {"trade_id": 143737428, "side": "sell", "size": "66.24260000", "price": "0.72810000", "time": "2025-07-15T16:20:57.499305Z", "fetched_at": "2025-07-15T16:23:25.058035+00:00", "symbol": "ADA-USD"}, {"trade_id": 143737427, "side": "sell", "size": "1.60000000", "price": "0.72810000", "time": "2025-07-15T16:20:57.499305Z", "fetched_at": "2025-07-15T16:23:25.058035+00:00", "symbol": "ADA-USD"}, {"trade_id": 143737426, "side": "buy", "size": "516.51218227", "price": "0.72790000", "time": "2025-07-15T16:20:56.251622Z", "fetched_at": "2025-07-15T16:23:25.058035+00:00", "symbol": "ADA-USD"}, {"trade_id": 143737425, "side": "buy", "size": "275.69095044", "price": "0.72790000", "time": "2025-07-15T16:20:56.251622Z", "fetched_at": "2025-07-15T16:23:25.058035+00:00", "symbol": "ADA-USD"}, {"trade_id": 143737424, "side": "buy", "size": "544.48036454", "price": "0.72790000", "time": "2025-07-15T16:20:56.251622Z", "fetched_at": "2025-07-15T16:23:25.058035+00:00", "symbol": "ADA-USD"}, {"trade_id": 143737423, "side": "buy", "size": "800.22162346", "price": "0.72790000", "time": "2025-07-15T16:20:56.251622Z", "fetched_at": "2025-07-15T16:23:25.058035+00:00", "symbol": "ADA-USD"}, {"trade_id": 143737422, "side": "buy", "size": "38.66787963", "price": "0.72790000", "time": "2025-07-15T16:20:56.251622Z", "fetched_at": "2025-07-15T16:23:25.058035+00:00", "symbol": "ADA-USD"}, {"trade_id": 143737421, "side": "buy", "size": "17.09647931", "price": "0.72800000", "time": "2025-07-15T16:20:56.251441Z", "fetched_at": "2025-07-15T16:23:25.058035+00:00", "symbol": "ADA-USD"}, {"trade_id": 143737420, "side": "buy", "size": "135.42000000", "price": "0.72800000", "time": "2025-07-15T16:20:56.251441Z", "fetched_at": "2025-07-15T16:23:25.058035+00:00", "symbol": "ADA-USD"}, {"trade_id": 143737419, "side": "sell", "size": "872.32194209", "price": "0.72800000", "time": "2025-07-15T16:20:53.129523Z", "fetched_at": "2025-07-15T16:23:25.058035+00:00", "symbol": "ADA-USD"}, {"trade_id": 143737418, "side": "sell", "size": "1.60000000", "price": "0.72800000", "time": "2025-07-15T16:20:53.129523Z", "fetched_at": "2025-07-15T16:23:25.058035+00:00", "symbol": "ADA-USD"}, {"trade_id": 143737417, "side": "sell", "size": "0.72789604", "price": "0.72790000", "time": "2025-07-15T16:20:53.129523Z", "fetched_at": "2025-07-15T16:23:25.058035+00:00", "symbol": "ADA-USD"}, {"trade_id": 143737416, "side": "sell", "size": "92.70728076", "price": "0.72790000", "time": "2025-07-15T16:20:52.267098Z", "fetched_at": "2025-07-15T16:23:25.058035+00:00", "symbol": "ADA-USD"}, {"trade_id": 143737415, "side": "sell", "size": "40.94497924", "price": "0.72790000", "time": "2025-07-15T16:20:52.267098Z", "fetched_at": "2025-07-15T16:23:25.058035+00:00", "symbol": "ADA-USD"}, {"trade_id": 143737414, "side": "sell", "size": "67.84260000", "price": "0.72760000", "time": "2025-07-15T16:20:48.389642Z", "fetched_at": "2025-07-15T16:23:25.058035+00:00", "symbol": "ADA-USD"}, {"trade_id": 143737413, "side": "buy", "size": "13.04879040", "price": "0.72770000", "time": "2025-07-15T16:20:48.380630Z", "fetched_at": "2025-07-15T16:23:25.058035+00:00", "symbol": "ADA-USD"}, {"trade_id": 143737412, "side": "buy", "size": "1.60000000", "price": "0.72770000", "time": "2025-07-15T16:20:48.380630Z", "fetched_at": "2025-07-15T16:23:25.058035+00:00", "symbol": "ADA-USD"}, {"trade_id": 143737411, "side": "buy", "size": "18.83914656", "price": "0.72790000", "time": "2025-07-15T16:20:48.018152Z", "fetched_at": "2025-07-15T16:23:25.058035+00:00", "symbol": "ADA-USD"}, {"trade_id": 143737410, "side": "sell", "size": "0.72781701", "price": "0.72790000", "time": "2025-07-15T16:20:47.396101Z", "fetched_at": "2025-07-15T16:23:25.058035+00:00", "symbol": "ADA-USD"}, {"trade_id": 143737409, "side": "sell", "size": "1.60000000", "price": "0.72790000", "time": "2025-07-15T16:20:47.396101Z", "fetched_at": "2025-07-15T16:23:25.058035+00:00", "symbol": "ADA-USD"}, {"trade_id": 143737408, "side": "sell", "size": "12.01386100", "price": "0.72780000", "time": "2025-07-15T16:20:44.746654Z", "fetched_at": "2025-07-15T16:23:25.058035+00:00", "symbol": "ADA-USD"}, {"trade_id": 143737407, "side": "sell", "size": "1.60000000", "price": "0.72780000", "time": "2025-07-15T16:20:44.746654Z", "fetched_at": "2025-07-15T16:23:25.058035+00:00", "symbol": "ADA-USD"}, {"trade_id": 143737406, "side": "sell", "size": "1.60000000", "price": "0.72770000", "time": "2025-07-15T16:20:44.735314Z", "fetched_at": "2025-07-15T16:23:25.058035+00:00", "symbol": "ADA-USD"}, {"trade_id": 143737405, "side": "sell", "size": "1.60000000", "price": "0.72760000", "time": "2025-07-15T16:20:43.488516Z", "fetched_at": "2025-07-15T16:23:25.058035+00:00", "symbol": "ADA-USD"}, {"trade_id": 143737404, "side": "sell", "size": "0.72782079", "price": "0.72750000", "time": "2025-07-15T16:20:42.937443Z", "fetched_at": "2025-07-15T16:23:25.058035+00:00", "symbol": "ADA-USD"}, {"trade_id": 143737403, "side": "sell", "size": "1.60000000", "price": "0.72750000", "time": "2025-07-15T16:20:42.937443Z", "fetched_at": "2025-07-15T16:23:25.058035+00:00", "symbol": "ADA-USD"}, {"trade_id": 143737402, "side": "sell", "size": "1.60000000", "price": "0.72740000", "time": "2025-07-15T16:20:41.898297Z", "fetched_at": "2025-07-15T16:23:25.058035+00:00", "symbol": "ADA-USD"}, {"trade_id": 143737401, "side": "sell", "size": "1.60000000", "price": "0.72730000", "time": "2025-07-15T16:20:40.837953Z", "fetched_at": "2025-07-15T16:23:25.058035+00:00", "symbol": "ADA-USD"}, {"trade_id": 143737400, "side": "buy", "size": "18.28498932", "price": "0.72710000", "time": "2025-07-15T16:20:40.405435Z", "fetched_at": "2025-07-15T16:23:25.058035+00:00", "symbol": "ADA-USD"}, {"trade_id": 143737399, "side": "buy", "size": "31.90118797", "price": "0.72710000", "time": "2025-07-15T16:20:40.405435Z", "fetched_at": "2025-07-15T16:23:25.058035+00:00", "symbol": "ADA-USD"}, {"trade_id": 143737398, "side": "buy", "size": "51.00306000", "price": "0.72720000", "time": "2025-07-15T16:20:40.405435Z", "fetched_at": "2025-07-15T16:23:25.058035+00:00", "symbol": "ADA-USD"}, {"trade_id": 143737397, "side": "buy", "size": "19.47408271", "price": "0.72720000", "time": "2025-07-15T16:20:40.405435Z", "fetched_at": "2025-07-15T16:23:25.058035+00:00", "symbol": "ADA-USD"}, {"trade_id": 143737396, "side": "buy", "size": "567.00000000", "price": "0.72720000", "time": "2025-07-15T16:20:40.405435Z", "fetched_at": "2025-07-15T16:23:25.058035+00:00", "symbol": "ADA-USD"}, {"trade_id": 143737395, "side": "sell", "size": "122.90000000", "price": "0.72730000", "time": "2025-07-15T16:20:39.497563Z", "fetched_at": "2025-07-15T16:23:25.058035+00:00", "symbol": "ADA-USD"}, {"trade_id": 143737394, "side": "sell", "size": "1.60000000", "price": "0.72720000", "time": "2025-07-15T16:20:39.497563Z", "fetched_at": "2025-07-15T16:23:25.058035+00:00", "symbol": "ADA-USD"}, {"trade_id": 143737393, "side": "sell", "size": "0.72780624", "price": "0.72710000", "time": "2025-07-15T16:20:39.433188Z", "fetched_at": "2025-07-15T16:23:25.058035+00:00", "symbol": "ADA-USD"}, {"trade_id": 143737392, "side": "sell", "size": "12.30000000", "price": "0.72710000", "time": "2025-07-15T16:20:39.349083Z", "fetched_at": "2025-07-15T16:23:25.058035+00:00", "symbol": "ADA-USD"}, {"trade_id": 143737391, "side": "buy", "size": "79.55161869", "price": "0.72710000", "time": "2025-07-15T16:20:34.074582Z", "fetched_at": "2025-07-15T16:23:25.058035+00:00", "symbol": "ADA-USD"}, {"trade_id": 143737390, "side": "buy", "size": "51.00306000", "price": "0.72710000", "time": "2025-07-15T16:20:34.073588Z", "fetched_at": "2025-07-15T16:23:25.058035+00:00", "symbol": "ADA-USD"}, {"trade_id": 143737389, "side": "sell", "size": "1.60000000", "price": "0.72710000", "time": "2025-07-15T16:20:33.524600Z", "fetched_at": "2025-07-15T16:23:25.058035+00:00", "symbol": "ADA-USD"}, {"trade_id": 143737388, "side": "sell", "size": "0.72784247", "price": "0.72700000", "time": "2025-07-15T16:20:33.168882Z", "fetched_at": "2025-07-15T16:23:25.058035+00:00", "symbol": "ADA-USD"}, {"trade_id": 143737387, "side": "sell", "size": "1.60000000", "price": "0.72700000", "time": "2025-07-15T16:20:33.168882Z", "fetched_at": "2025-07-15T16:23:25.058035+00:00", "symbol": "ADA-USD"}, {"trade_id": 143737386, "side": "sell", "size": "47.27452000", "price": "0.72680000", "time": "2025-07-15T16:20:30.732219Z", "fetched_at": "2025-07-15T16:23:25.058035+00:00", "symbol": "ADA-USD"}, {"trade_id": 143737385, "side": "buy", "size": "0.00000260", "price": "0.72680000", "time": "2025-07-15T16:20:29.170449Z", "fetched_at": "2025-07-15T16:23:25.058035+00:00", "symbol": "ADA-USD"}, {"trade_id": 143737384, "side": "buy", "size": "178.86056000", "price": "0.72680000", "time": "2025-07-15T16:20:29.167254Z", "fetched_at": "2025-07-15T16:23:25.058035+00:00", "symbol": "ADA-USD"}, {"trade_id": 143737383, "side": "sell", "size": "111.85425483", "price": "0.72690000", "time": "2025-07-15T16:20:28.469476Z", "fetched_at": "2025-07-15T16:23:25.058035+00:00", "symbol": "ADA-USD"}, {"trade_id": 143737382, "side": "sell", "size": "20.40029017", "price": "0.72690000", "time": "2025-07-15T16:20:28.469476Z", "fetched_at": "2025-07-15T16:23:25.058035+00:00", "symbol": "ADA-USD"}, {"trade_id": 143737381, "side": "sell", "size": "1.60000000", "price": "0.72690000", "time": "2025-07-15T16:20:28.469476Z", "fetched_at": "2025-07-15T16:23:25.058035+00:00", "symbol": "ADA-USD"}, {"trade_id": 143737380, "side": "sell", "size": "0.72782676", "price": "0.72680000", "time": "2025-07-15T16:20:27.783963Z", "fetched_at": "2025-07-15T16:23:25.058035+00:00", "symbol": "ADA-USD"}, {"trade_id": 143737379, "side": "sell", "size": "178.94346016", "price": "0.72680000", "time": "2025-07-15T16:20:25.099493Z", "fetched_at": "2025-07-15T16:23:25.058035+00:00", "symbol": "ADA-USD"}, {"trade_id": 143737378, "side": "sell", "size": "1.60000000", "price": "0.72680000", "time": "2025-07-15T16:20:25.099493Z", "fetched_at": "2025-07-15T16:23:25.058035+00:00", "symbol": "ADA-USD"}, {"trade_id": 143737377, "side": "sell", "size": "1.60000000", "price": "0.72670000", "time": "2025-07-15T16:20:25.099493Z", "fetched_at": "2025-07-15T16:23:25.058035+00:00", "symbol": "ADA-USD"}, {"trade_id": 143737376, "side": "sell", "size": "306.83185804", "price": "0.72660000", "time": "2025-07-15T16:20:24.856506Z", "fetched_at": "2025-07-15T16:23:25.058035+00:00", "symbol": "ADA-USD"}, {"trade_id": 143737375, "side": "buy", "size": "5147.30000000", "price": "0.72660000", "time": "2025-07-15T16:20:24.284894Z", "fetched_at": "2025-07-15T16:23:25.058035+00:00", "symbol": "ADA-USD"}, {"trade_id": 143737374, "side": "buy", "size": "178.90979479", "price": "0.72660000", "time": "2025-07-15T16:20:24.284894Z", "fetched_at": "2025-07-15T16:23:25.058035+00:00", "symbol": "ADA-USD"}, {"trade_id": 143737373, "side": "sell", "size": "1.60000000", "price": "0.72660000", "time": "2025-07-15T16:20:23.711296Z", "fetched_at": "2025-07-15T16:23:25.058035+00:00", "symbol": "ADA-USD"}, {"trade_id": 143737372, "side": "sell", "size": "1.60000000", "price": "0.72650000", "time": "2025-07-15T16:20:23.173008Z", "fetched_at": "2025-07-15T16:23:25.058035+00:00", "symbol": "ADA-USD"}, {"trade_id": 143737371, "side": "sell", "size": "1.60000000", "price": "0.72640000", "time": "2025-07-15T16:20:22.977393Z", "fetched_at": "2025-07-15T16:23:25.058035+00:00", "symbol": "ADA-USD"}, {"trade_id": 143737370, "side": "sell", "size": "0.72782705", "price": "0.72630000", "time": "2025-07-15T16:20:22.936193Z", "fetched_at": "2025-07-15T16:23:25.058035+00:00", "symbol": "ADA-USD"}, {"trade_id": 143737369, "side": "sell", "size": "1.60000000", "price": "0.72630000", "time": "2025-07-15T16:20:22.936193Z", "fetched_at": "2025-07-15T16:23:25.058035+00:00", "symbol": "ADA-USD"}, {"trade_id": 143737368, "side": "sell", "size": "1.60000000", "price": "0.72620000", "time": "2025-07-15T16:20:21.773980Z", "fetched_at": "2025-07-15T16:23:25.058035+00:00", "symbol": "ADA-USD"}, {"trade_id": 143737367, "side": "sell", "size": "1.60000000", "price": "0.72610000", "time": "2025-07-15T16:20:21.262266Z", "fetched_at": "2025-07-15T16:23:25.058035+00:00", "symbol": "ADA-USD"}, {"trade_id": 143737366, "side": "sell", "size": "1.60000000", "price": "0.72600000", "time": "2025-07-15T16:20:21.104735Z", "fetched_at": "2025-07-15T16:23:25.058035+00:00", "symbol": "ADA-USD"}, {"trade_id": 143737365, "side": "sell", "size": "749.39159779", "price": "0.72600000", "time": "2025-07-15T16:20:21.104735Z", "fetched_at": "2025-07-15T16:23:25.058035+00:00", "symbol": "ADA-USD"}, {"trade_id": 143737364, "side": "sell", "size": "1.04207565", "price": "0.72590000", "time": "2025-07-15T16:20:18.583396Z", "fetched_at": "2025-07-15T16:23:25.058035+00:00", "symbol": "ADA-USD"}, {"trade_id": 143737363, "side": "sell", "size": "1.60000000", "price": "0.72590000", "time": "2025-07-15T16:20:18.583396Z", "fetched_at": "2025-07-15T16:23:25.058035+00:00", "symbol": "ADA-USD"}, {"trade_id": 143737362, "side": "sell", "size": "1004.98881223", "price": "0.72580000", "time": "2025-07-15T16:20:16.805563Z", "fetched_at": "2025-07-15T16:23:25.058035+00:00", "symbol": "ADA-USD"}, {"trade_id": 143737361, "side": "sell", "size": "539.98330950", "price": "0.72580000", "time": "2025-07-15T16:20:16.805421Z", "fetched_at": "2025-07-15T16:23:25.058035+00:00", "symbol": "ADA-USD"}, {"trade_id": 143737360, "side": "sell", "size": "1.60000000", "price": "0.72580000", "time": "2025-07-15T16:20:16.805421Z", "fetched_at": "2025-07-15T16:23:25.058035+00:00", "symbol": "ADA-USD"}, {"trade_id": 143737359, "side": "sell", "size": "1.60000000", "price": "0.72570000", "time": "2025-07-15T16:20:16.397782Z", "fetched_at": "2025-07-15T16:23:25.058035+00:00", "symbol": "ADA-USD"}, {"trade_id": 143737358, "side": "sell", "size": "0.41353653", "price": "0.72560000", "time": "2025-07-15T16:20:13.920198Z", "fetched_at": "2025-07-15T16:23:25.058035+00:00", "symbol": "ADA-USD"}, {"trade_id": 143737357, "side": "sell", "size": "1.60000000", "price": "0.72560000", "time": "2025-07-15T16:20:13.920198Z", "fetched_at": "2025-07-15T16:23:25.058035+00:00", "symbol": "ADA-USD"}, {"trade_id": 143737356, "side": "sell", "size": "2.42912854", "price": "0.72550000", "time": "2025-07-15T16:20:10.158181Z", "fetched_at": "2025-07-15T16:23:25.058035+00:00", "symbol": "ADA-USD"}, {"trade_id": 143737355, "side": "sell", "size": "1.45566502", "price": "0.72550000", "time": "2025-07-15T16:20:10.158181Z", "fetched_at": "2025-07-15T16:23:25.058035+00:00", "symbol": "ADA-USD"}, {"trade_id": 143737354, "side": "sell", "size": "1.60000000", "price": "0.72550000", "time": "2025-07-15T16:20:10.158181Z", "fetched_at": "2025-07-15T16:23:25.058035+00:00", "symbol": "ADA-USD"}, {"trade_id": 143737353, "side": "buy", "size": "204.42700900", "price": "0.72540000", "time": "2025-07-15T16:20:10.102158Z", "fetched_at": "2025-07-15T16:23:25.058035+00:00", "symbol": "ADA-USD"}, {"trade_id": 143737352, "side": "sell", "size": "81.97959829", "price": "0.72540000", "time": "2025-07-15T16:20:08.870733Z", "fetched_at": "2025-07-15T16:23:25.058035+00:00", "symbol": "ADA-USD"}, {"trade_id": 143737351, "side": "sell", "size": "72.54478000", "price": "0.72540000", "time": "2025-07-15T16:20:08.868074Z", "fetched_at": "2025-07-15T16:23:25.058035+00:00", "symbol": "ADA-USD"}, {"trade_id": 143737350, "side": "sell", "size": "1.45582412", "price": "0.72540000", "time": "2025-07-15T16:20:08.010091Z", "fetched_at": "2025-07-15T16:23:25.058035+00:00", "symbol": "ADA-USD"}, {"trade_id": 143737349, "side": "sell", "size": "1.60000000", "price": "0.72540000", "time": "2025-07-15T16:20:08.010091Z", "fetched_at": "2025-07-15T16:23:25.058035+00:00", "symbol": "ADA-USD"}, {"trade_id": 143737348, "side": "buy", "size": "21.90261503", "price": "0.72530000", "time": "2025-07-15T16:20:01.398394Z", "fetched_at": "2025-07-15T16:23:25.058035+00:00", "symbol": "ADA-USD"}, {"trade_id": 143737347, "side": "buy", "size": "26.71634155", "price": "0.72530000", "time": "2025-07-15T16:20:01.398394Z", "fetched_at": "2025-07-15T16:23:25.058035+00:00", "symbol": "ADA-USD"}, {"trade_id": 143737346, "side": "buy", "size": "721.21789898", "price": "0.72530000", "time": "2025-07-15T16:20:01.398394Z", "fetched_at": "2025-07-15T16:23:25.058035+00:00", "symbol": "ADA-USD"}, {"trade_id": 143737345, "side": "sell", "size": "5.50247270", "price": "0.72530000", "time": "2025-07-15T16:19:59.990980Z", "fetched_at": "2025-07-15T16:23:25.058035+00:00", "symbol": "ADA-USD"}, {"trade_id": 143737344, "side": "sell", "size": "51.00306000", "price": "0.72530000", "time": "2025-07-15T16:19:59.984530Z", "fetched_at": "2025-07-15T16:23:25.058035+00:00", "symbol": "ADA-USD"}, {"trade_id": 143737343, "side": "sell", "size": "122.76153028", "price": "0.72530000", "time": "2025-07-15T16:19:59.981452Z", "fetched_at": "2025-07-15T16:23:25.058035+00:00", "symbol": "ADA-USD"}, {"trade_id": 143737342, "side": "sell", "size": "0.92093972", "price": "0.72530000", "time": "2025-07-15T16:19:59.981452Z", "fetched_at": "2025-07-15T16:23:25.058035+00:00", "symbol": "ADA-USD"}, {"trade_id": 143737341, "side": "sell", "size": "1.60000000", "price": "0.72530000", "time": "2025-07-15T16:19:59.981452Z", "fetched_at": "2025-07-15T16:23:25.058035+00:00", "symbol": "ADA-USD"}, {"trade_id": 143737340, "side": "sell", "size": "5.00000000", "price": "0.72520000", "time": "2025-07-15T16:19:51.745816Z", "fetched_at": "2025-07-15T16:23:25.058035+00:00", "symbol": "ADA-USD"}, {"trade_id": 143737339, "side": "buy", "size": "103.65250796", "price": "0.72510000", "time": "2025-07-15T16:19:48.922269Z", "fetched_at": "2025-07-15T16:23:25.058035+00:00", "symbol": "ADA-USD"}, {"trade_id": 143737338, "side": "buy", "size": "31.96065904", "price": "0.72510000", "time": "2025-07-15T16:19:48.922269Z", "fetched_at": "2025-07-15T16:23:25.058035+00:00", "symbol": "ADA-USD"}, {"trade_id": 143737337, "side": "buy", "size": "400.45747941", "price": "0.72500000", "time": "2025-07-15T16:19:45.550754Z", "fetched_at": "2025-07-15T16:23:25.058035+00:00", "symbol": "ADA-USD"}, {"trade_id": 143737336, "side": "buy", "size": "567.00000000", "price": "0.72510000", "time": "2025-07-15T16:19:45.550754Z", "fetched_at": "2025-07-15T16:23:25.058035+00:00", "symbol": "ADA-USD"}, {"trade_id": 143737335, "side": "buy", "size": "78.83605388", "price": "0.72510000", "time": "2025-07-15T16:19:45.550754Z", "fetched_at": "2025-07-15T16:23:25.058035+00:00", "symbol": "ADA-USD"}, {"trade_id": 143737334, "side": "buy", "size": "35.02791671", "price": "0.72510000", "time": "2025-07-15T16:19:45.550754Z", "fetched_at": "2025-07-15T16:23:25.058035+00:00", "symbol": "ADA-USD"}, {"trade_id": 143737333, "side": "sell", "size": "11.64546802", "price": "0.72510000", "time": "2025-07-15T16:19:43.959707Z", "fetched_at": "2025-07-15T16:23:25.058035+00:00", "symbol": "ADA-USD"}, {"trade_id": 143737332, "side": "sell", "size": "44.24741300", "price": "0.72510000", "time": "2025-07-15T16:19:42.644308Z", "fetched_at": "2025-07-15T16:23:25.058035+00:00", "symbol": "ADA-USD"}, {"trade_id": 143737331, "side": "buy", "size": "203.53312700", "price": "0.72500000", "time": "2025-07-15T16:19:42.382178Z", "fetched_at": "2025-07-15T16:23:25.058035+00:00", "symbol": "ADA-USD"}, {"trade_id": 143737330, "side": "buy", "size": "1.60000000", "price": "0.72500000", "time": "2025-07-15T16:19:42.382178Z", "fetched_at": "2025-07-15T16:23:25.058035+00:00", "symbol": "ADA-USD"}, {"trade_id": 143737329, "side": "sell", "size": "113.99796009", "price": "0.72520000", "time": "2025-07-15T16:19:40.514890Z", "fetched_at": "2025-07-15T16:23:25.058035+00:00", "symbol": "ADA-USD"}, {"trade_id": 143737328, "side": "sell", "size": "51.00306000", "price": "0.72520000", "time": "2025-07-15T16:19:40.514890Z", "fetched_at": "2025-07-15T16:23:25.058035+00:00", "symbol": "ADA-USD"}, {"trade_id": 143737327, "side": "sell", "size": "103.05632591", "price": "0.72520000", "time": "2025-07-15T16:19:40.514890Z", "fetched_at": "2025-07-15T16:23:25.058035+00:00", "symbol": "ADA-USD"}, {"trade_id": 143737326, "side": "sell", "size": "12.06271000", "price": "0.72520000", "time": "2025-07-15T16:19:37.198108Z", "fetched_at": "2025-07-15T16:23:25.058035+00:00", "symbol": "ADA-USD"}, {"trade_id": 143737325, "side": "sell", "size": "1.60000000", "price": "0.72520000", "time": "2025-07-15T16:19:37.198108Z", "fetched_at": "2025-07-15T16:23:25.058035+00:00", "symbol": "ADA-USD"}, {"trade_id": 143737324, "side": "sell", "size": "1.60000000", "price": "0.72510000", "time": "2025-07-15T16:19:35.835712Z", "fetched_at": "2025-07-15T16:23:25.058035+00:00", "symbol": "ADA-USD"}, {"trade_id": 143737323, "side": "sell", "size": "1350.97603182", "price": "0.72510000", "time": "2025-07-15T16:19:35.835712Z", "fetched_at": "2025-07-15T16:23:25.058035+00:00", "symbol": "ADA-USD"}, {"trade_id": 143737322, "side": "sell", "size": "51.00306000", "price": "0.72510000", "time": "2025-07-15T16:19:35.835508Z", "fetched_at": "2025-07-15T16:23:25.058035+00:00", "symbol": "ADA-USD"}, {"trade_id": 143737321, "side": "sell", "size": "204.22678000", "price": "0.72510000", "time": "2025-07-15T16:19:35.833683Z", "fetched_at": "2025-07-15T16:23:25.058035+00:00", "symbol": "ADA-USD"}, {"trade_id": 143737320, "side": "sell", "size": "2767.96477641", "price": "0.72510000", "time": "2025-07-15T16:19:35.831296Z", "fetched_at": "2025-07-15T16:23:25.058035+00:00", "symbol": "ADA-USD"}, {"trade_id": 143737319, "side": "sell", "size": "51.00306000", "price": "0.72510000", "time": "2025-07-15T16:19:35.830919Z", "fetched_at": "2025-07-15T16:23:25.058035+00:00", "symbol": "ADA-USD"}, {"trade_id": 143737318, "side": "sell", "size": "2000.00000000", "price": "0.72510000", "time": "2025-07-15T16:19:35.830174Z", "fetched_at": "2025-07-15T16:23:25.058035+00:00", "symbol": "ADA-USD"}, {"trade_id": 143737317, "side": "sell", "size": "1500.00000000", "price": "0.72510000", "time": "2025-07-15T16:19:35.830091Z", "fetched_at": "2025-07-15T16:23:25.058035+00:00", "symbol": "ADA-USD"}, {"trade_id": 143737316, "side": "sell", "size": "500.00000000", "price": "0.72510000", "time": "2025-07-15T16:19:35.827611Z", "fetched_at": "2025-07-15T16:23:25.058035+00:00", "symbol": "ADA-USD"}, {"trade_id": 143737315, "side": "sell", "size": "167.15764000", "price": "0.72510000", "time": "2025-07-15T16:19:35.827585Z", "fetched_at": "2025-07-15T16:23:25.058035+00:00", "symbol": "ADA-USD"}, {"trade_id": 143737314, "side": "sell", "size": "1286.51677600", "price": "0.72510000", "time": "2025-07-15T16:19:35.827561Z", "fetched_at": "2025-07-15T16:23:25.058035+00:00", "symbol": "ADA-USD"}, {"trade_id": 143737313, "side": "sell", "size": "2669.30351484", "price": "0.72510000", "time": "2025-07-15T16:19:35.823074Z", "fetched_at": "2025-07-15T16:23:25.058035+00:00", "symbol": "ADA-USD"}, {"trade_id": 143737312, "side": "sell", "size": "601.20586000", "price": "0.72510000", "time": "2025-07-15T16:19:35.820602Z", "fetched_at": "2025-07-15T16:23:25.058035+00:00", "symbol": "ADA-USD"}, {"trade_id": 143737311, "side": "sell", "size": "1067.72140593", "price": "0.72510000", "time": "2025-07-15T16:19:35.820080Z", "fetched_at": "2025-07-15T16:23:25.058035+00:00", "symbol": "ADA-USD"}, {"trade_id": 143737310, "side": "sell", "size": "621.37885100", "price": "0.72510000", "time": "2025-07-15T16:19:35.818623Z", "fetched_at": "2025-07-15T16:23:25.058035+00:00", "symbol": "ADA-USD"}, {"trade_id": 143737309, "side": "sell", "size": "516.35707336", "price": "0.72510000", "time": "2025-07-15T16:19:35.802815Z", "fetched_at": "2025-07-15T16:23:25.058035+00:00", "symbol": "ADA-USD"}, {"trade_id": 143737308, "side": "sell", "size": "2012.85121397", "price": "0.72510000", "time": "2025-07-15T16:19:35.707900Z", "fetched_at": "2025-07-15T16:23:25.058035+00:00", "symbol": "ADA-USD"}, {"trade_id": 143737307, "side": "sell", "size": "1295.26859081", "price": "0.72510000", "time": "2025-07-15T16:19:35.698448Z", "fetched_at": "2025-07-15T16:23:25.058035+00:00", "symbol": "ADA-USD"}, {"trade_id": 143737306, "side": "sell", "size": "1848.86760751", "price": "0.72510000", "time": "2025-07-15T16:19:35.698146Z", "fetched_at": "2025-07-15T16:23:25.058035+00:00", "symbol": "ADA-USD"}, {"trade_id": 143737305, "side": "sell", "size": "1.60000000", "price": "0.72500000", "time": "2025-07-15T16:19:35.435325Z", "fetched_at": "2025-07-15T16:23:25.058035+00:00", "symbol": "ADA-USD"}, {"trade_id": 143737304, "side": "buy", "size": "0.66550700", "price": "0.72490000", "time": "2025-07-15T16:19:33.192909Z", "fetched_at": "2025-07-15T16:23:25.058035+00:00", "symbol": "ADA-USD"}, {"trade_id": 143737303, "side": "sell", "size": "849.58625000", "price": "0.72460000", "time": "2025-07-15T16:19:30.488273Z", "fetched_at": "2025-07-15T16:23:25.058035+00:00", "symbol": "ADA-USD"}, {"trade_id": 143737302, "side": "buy", "size": "143.61394593", "price": "0.72450000", "time": "2025-07-15T16:19:28.085754Z", "fetched_at": "2025-07-15T16:23:25.058035+00:00", "symbol": "ADA-USD"}, {"trade_id": 143737301, "side": "buy", "size": "1.60000000", "price": "0.72450000", "time": "2025-07-15T16:19:28.085754Z", "fetched_at": "2025-07-15T16:23:25.058035+00:00", "symbol": "ADA-USD"}, {"trade_id": 143737300, "side": "buy", "size": "19.26938207", "price": "0.72460000", "time": "2025-07-15T16:19:28.085754Z", "fetched_at": "2025-07-15T16:23:25.058035+00:00", "symbol": "ADA-USD"}, {"trade_id": 143737299, "side": "buy", "size": "1.60000000", "price": "0.72460000", "time": "2025-07-15T16:19:28.085754Z", "fetched_at": "2025-07-15T16:23:25.058035+00:00", "symbol": "ADA-USD"}, {"trade_id": 143737298, "side": "buy", "size": "27.01306245", "price": "0.72470000", "time": "2025-07-15T16:19:27.262152Z", "fetched_at": "2025-07-15T16:23:25.058035+00:00", "symbol": "ADA-USD"}, {"trade_id": 143737297, "side": "buy", "size": "1.49677100", "price": "0.72480000", "time": "2025-07-15T16:19:27.262152Z", "fetched_at": "2025-07-15T16:23:25.058035+00:00", "symbol": "ADA-USD"}, {"trade_id": 143737296, "side": "buy", "size": "0.10322900", "price": "0.72480000", "time": "2025-07-15T16:19:25.442376Z", "fetched_at": "2025-07-15T16:23:25.058035+00:00", "symbol": "ADA-USD"}, {"trade_id": 143737295, "side": "buy", "size": "111.06927398", "price": "0.72490000", "time": "2025-07-15T16:19:24.781972Z", "fetched_at": "2025-07-15T16:23:25.058035+00:00", "symbol": "ADA-USD"}, {"trade_id": 143737294, "side": "buy", "size": "1.60000000", "price": "0.72490000", "time": "2025-07-15T16:19:24.781972Z", "fetched_at": "2025-07-15T16:23:25.058035+00:00", "symbol": "ADA-USD"}, {"trade_id": 143737293, "side": "buy", "size": "2.27617602", "price": "0.72490000", "time": "2025-07-15T16:19:24.781972Z", "fetched_at": "2025-07-15T16:23:25.058035+00:00", "symbol": "ADA-USD"}, {"trade_id": 143737292, "side": "buy", "size": "179.27990194", "price": "0.72510000", "time": "2025-07-15T16:19:23.768568Z", "fetched_at": "2025-07-15T16:23:25.058035+00:00", "symbol": "ADA-USD"}, {"trade_id": 143737291, "side": "sell", "size": "148.45326891", "price": "0.72510000", "time": "2025-07-15T16:19:22.749980Z", "fetched_at": "2025-07-15T16:23:25.058035+00:00", "symbol": "ADA-USD"}, {"trade_id": 143737290, "side": "sell", "size": "2145.03552871", "price": "0.72500000", "time": "2025-07-15T16:19:22.708141Z", "fetched_at": "2025-07-15T16:23:25.058035+00:00", "symbol": "ADA-USD"}, {"trade_id": 143737289, "side": "sell", "size": "714.47122187", "price": "0.72500000", "time": "2025-07-15T16:19:22.705951Z", "fetched_at": "2025-07-15T16:23:25.058035+00:00", "symbol": "ADA-USD"}, {"trade_id": 143737288, "side": "sell", "size": "1016.27372075", "price": "0.72500000", "time": "2025-07-15T16:19:22.686506Z", "fetched_at": "2025-07-15T16:23:25.058035+00:00", "symbol": "ADA-USD"}, {"trade_id": 143737287, "side": "sell", "size": "363.39484560", "price": "0.72500000", "time": "2025-07-15T16:19:22.684679Z", "fetched_at": "2025-07-15T16:23:25.058035+00:00", "symbol": "ADA-USD"}, {"trade_id": 143737286, "side": "sell", "size": "585.12729377", "price": "0.72500000", "time": "2025-07-15T16:19:22.684307Z", "fetched_at": "2025-07-15T16:23:25.058035+00:00", "symbol": "ADA-USD"}, {"trade_id": 143737285, "side": "sell", "size": "310.49738930", "price": "0.72500000", "time": "2025-07-15T16:19:22.683594Z", "fetched_at": "2025-07-15T16:23:25.058035+00:00", "symbol": "ADA-USD"}, {"trade_id": 143737284, "side": "sell", "size": "179.24392933", "price": "0.72500000", "time": "2025-07-15T16:19:22.683594Z", "fetched_at": "2025-07-15T16:23:25.058035+00:00", "symbol": "ADA-USD"}, {"trade_id": 143737283, "side": "sell", "size": "39.95286310", "price": "0.72500000", "time": "2025-07-15T16:19:22.683594Z", "fetched_at": "2025-07-15T16:23:25.058035+00:00", "symbol": "ADA-USD"}, {"trade_id": 143737282, "side": "buy", "size": "1.60000000", "price": "0.72500000", "time": "2025-07-15T16:19:21.711292Z", "fetched_at": "2025-07-15T16:23:25.058035+00:00", "symbol": "ADA-USD"}, {"trade_id": 143737281, "side": "buy", "size": "6.87742907", "price": "0.72500000", "time": "2025-07-15T16:19:17.189810Z", "fetched_at": "2025-07-15T16:23:25.058035+00:00", "symbol": "ADA-USD"}, {"trade_id": 143737280, "side": "buy", "size": "42.77757093", "price": "0.72500000", "time": "2025-07-15T16:19:17.189810Z", "fetched_at": "2025-07-15T16:23:25.058035+00:00", "symbol": "ADA-USD"}, {"trade_id": 143737279, "side": "buy", "size": "1.60000000", "price": "0.72510000", "time": "2025-07-15T16:19:17.189679Z", "fetched_at": "2025-07-15T16:23:25.058035+00:00", "symbol": "ADA-USD"}, {"trade_id": 143737278, "side": "buy", "size": "1680.40179000", "price": "0.72520000", "time": "2025-07-15T16:19:17.188330Z", "fetched_at": "2025-07-15T16:23:25.058035+00:00", "symbol": "ADA-USD"}, {"trade_id": 143737277, "side": "buy", "size": "1378.92995035", "price": "0.72520000", "time": "2025-07-15T16:19:17.188330Z", "fetched_at": "2025-07-15T16:23:25.058035+00:00", "symbol": "ADA-USD"}, {"trade_id": 143737276, "side": "buy", "size": "500.00000000", "price": "0.72520000", "time": "2025-07-15T16:19:17.188330Z", "fetched_at": "2025-07-15T16:23:25.058035+00:00", "symbol": "ADA-USD"}, {"trade_id": 143737275, "side": "buy", "size": "32.31912576", "price": "0.72520000", "time": "2025-07-15T16:19:17.188330Z", "fetched_at": "2025-07-15T16:23:25.058035+00:00", "symbol": "ADA-USD"}, {"trade_id": 143737274, "side": "buy", "size": "104.39770946", "price": "0.72530000", "time": "2025-07-15T16:19:17.188330Z", "fetched_at": "2025-07-15T16:23:25.058035+00:00", "symbol": "ADA-USD"}, {"trade_id": 143737273, "side": "buy", "size": "731.20139910", "price": "0.72520000", "time": "2025-07-15T16:19:14.951321Z", "fetched_at": "2025-07-15T16:23:25.058035+00:00", "symbol": "ADA-USD"}, {"trade_id": 143737272, "side": "buy", "size": "567.00000000", "price": "0.72520000", "time": "2025-07-15T16:19:14.951321Z", "fetched_at": "2025-07-15T16:23:25.058035+00:00", "symbol": "ADA-USD"}, {"trade_id": 143737271, "side": "buy", "size": "51.00306000", "price": "0.72530000", "time": "2025-07-15T16:19:14.951321Z", "fetched_at": "2025-07-15T16:23:25.058035+00:00", "symbol": "ADA-USD"}, {"trade_id": 143737270, "side": "buy", "size": "179.23046587", "price": "0.72530000", "time": "2025-07-15T16:19:14.951321Z", "fetched_at": "2025-07-15T16:23:25.058035+00:00", "symbol": "ADA-USD"}, {"trade_id": 143737269, "side": "buy", "size": "194.36637503", "price": "0.72530000", "time": "2025-07-15T16:19:14.951321Z", "fetched_at": "2025-07-15T16:23:25.058035+00:00", "symbol": "ADA-USD"}, {"trade_id": 143737268, "side": "buy", "size": "67.84260000", "price": "0.72530000", "time": "2025-07-15T16:19:11.677624Z", "fetched_at": "2025-07-15T16:23:25.058035+00:00", "symbol": "ADA-USD"}, {"trade_id": 143737267, "side": "sell", "size": "28.60853592", "price": "0.72540000", "time": "2025-07-15T16:19:09.043993Z", "fetched_at": "2025-07-15T16:23:25.058035+00:00", "symbol": "ADA-USD"}, {"trade_id": 143737266, "side": "sell", "size": "567.00000000", "price": "0.72540000", "time": "2025-07-15T16:19:09.043993Z", "fetched_at": "2025-07-15T16:23:25.058035+00:00", "symbol": "ADA-USD"}, {"trade_id": 143737265, "side": "sell", "size": "744.78318808", "price": "0.72530000", "time": "2025-07-15T16:19:09.043993Z", "fetched_at": "2025-07-15T16:23:25.058035+00:00", "symbol": "ADA-USD"}, {"trade_id": 143737264, "side": "sell", "size": "1.60000000", "price": "0.72520000", "time": "2025-07-15T16:19:07.451259Z", "fetched_at": "2025-07-15T16:23:25.058035+00:00", "symbol": "ADA-USD"}, {"trade_id": 143737263, "side": "sell", "size": "179.31723919", "price": "0.72510000", "time": "2025-07-15T16:19:06.795333Z", "fetched_at": "2025-07-15T16:23:25.058035+00:00", "symbol": "ADA-USD"}, {"trade_id": 143737262, "side": "sell", "size": "1.60000000", "price": "0.72510000", "time": "2025-07-15T16:19:06.795333Z", "fetched_at": "2025-07-15T16:23:25.058035+00:00", "symbol": "ADA-USD"}, {"trade_id": 143737261, "side": "sell", "size": "179.34148033", "price": "0.72500000", "time": "2025-07-15T16:19:06.651625Z", "fetched_at": "2025-07-15T16:23:25.058035+00:00", "symbol": "ADA-USD"}, {"trade_id": 143737260, "side": "sell", "size": "1301.01514202", "price": "0.72500000", "time": "2025-07-15T16:19:06.651625Z", "fetched_at": "2025-07-15T16:23:25.058035+00:00", "symbol": "ADA-USD"}, {"trade_id": 143737259, "side": "sell", "size": "1514.27279729", "price": "0.72500000", "time": "2025-07-15T16:19:06.651375Z", "fetched_at": "2025-07-15T16:23:25.058035+00:00", "symbol": "ADA-USD"}, {"trade_id": 143737258, "side": "sell", "size": "819.17821127", "price": "0.72500000", "time": "2025-07-15T16:19:06.651179Z", "fetched_at": "2025-07-15T16:23:25.058035+00:00", "symbol": "ADA-USD"}, {"trade_id": 143737257, "side": "sell", "size": "1541.30914002", "price": "0.72500000", "time": "2025-07-15T16:19:06.649841Z", "fetched_at": "2025-07-15T16:23:25.058035+00:00", "symbol": "ADA-USD"}, {"trade_id": 143737256, "side": "sell", "size": "1720.10898090", "price": "0.72500000", "time": "2025-07-15T16:19:06.649578Z", "fetched_at": "2025-07-15T16:23:25.058035+00:00", "symbol": "ADA-USD"}, {"trade_id": 143737255, "side": "sell", "size": "17.33197723", "price": "0.72480000", "time": "2025-07-15T16:19:03.248102Z", "fetched_at": "2025-07-15T16:23:25.058035+00:00", "symbol": "ADA-USD"}, {"trade_id": 143737254, "side": "buy", "size": "690.02145604", "price": "0.72460000", "time": "2025-07-15T16:19:03.189024Z", "fetched_at": "2025-07-15T16:23:25.058035+00:00", "symbol": "ADA-USD"}, {"trade_id": 143737253, "side": "buy", "size": "567.00000000", "price": "0.72460000", "time": "2025-07-15T16:19:03.189024Z", "fetched_at": "2025-07-15T16:23:25.058035+00:00", "symbol": "ADA-USD"}, {"trade_id": 143737252, "side": "buy", "size": "1.60000000", "price": "0.72460000", "time": "2025-07-15T16:19:03.189024Z", "fetched_at": "2025-07-15T16:23:25.058035+00:00", "symbol": "ADA-USD"}, {"trade_id": 143737251, "side": "buy", "size": "445.55752606", "price": "0.72470000", "time": "2025-07-15T16:19:03.189024Z", "fetched_at": "2025-07-15T16:23:25.058035+00:00", "symbol": "ADA-USD"}, {"trade_id": 143737250, "side": "buy", "size": "67.84260000", "price": "0.72470000", "time": "2025-07-15T16:19:03.188503Z", "fetched_at": "2025-07-15T16:23:25.058035+00:00", "symbol": "ADA-USD"}, {"trade_id": 143737249, "side": "buy", "size": "53.59987394", "price": "0.72470000", "time": "2025-07-15T16:19:03.188294Z", "fetched_at": "2025-07-15T16:23:25.058035+00:00", "symbol": "ADA-USD"}, {"trade_id": 143737248, "side": "buy", "size": "1.60000000", "price": "0.72470000", "time": "2025-07-15T16:19:03.188294Z", "fetched_at": "2025-07-15T16:23:25.058035+00:00", "symbol": "ADA-USD"}, {"trade_id": 143737247, "side": "buy", "size": "0.63592639", "price": "0.72470000", "time": "2025-07-15T16:19:03.188294Z", "fetched_at": "2025-07-15T16:23:25.058035+00:00", "symbol": "ADA-USD"}, {"trade_id": 143737246, "side": "buy", "size": "12.00679967", "price": "0.72480000", "time": "2025-07-15T16:19:03.188294Z", "fetched_at": "2025-07-15T16:23:25.058035+00:00", "symbol": "ADA-USD"}, {"trade_id": 143737245, "side": "sell", "size": "2.09462068", "price": "0.72500000", "time": "2025-07-15T16:19:02.011942Z", "fetched_at": "2025-07-15T16:23:25.058035+00:00", "symbol": "ADA-USD"}, {"trade_id": 143737244, "side": "buy", "size": "16.55335831", "price": "0.72490000", "time": "2025-07-15T16:19:01.122138Z", "fetched_at": "2025-07-15T16:23:25.058035+00:00", "symbol": "ADA-USD"}, {"trade_id": 143737243, "side": "sell", "size": "29.23505930", "price": "0.72490000", "time": "2025-07-15T16:19:00.458034Z", "fetched_at": "2025-07-15T16:23:25.058035+00:00", "symbol": "ADA-USD"}, {"trade_id": 143737242, "side": "sell", "size": "23.00509470", "price": "0.72490000", "time": "2025-07-15T16:19:00.458034Z", "fetched_at": "2025-07-15T16:23:25.058035+00:00", "symbol": "ADA-USD"}, {"trade_id": 143737241, "side": "buy", "size": "809.97564416", "price": "0.72500000", "time": "2025-07-15T16:19:00.020084Z", "fetched_at": "2025-07-15T16:23:25.058035+00:00", "symbol": "ADA-USD"}, {"trade_id": 143737240, "side": "sell", "size": "179.29177161", "price": "0.72490000", "time": "2025-07-15T16:18:59.699919Z", "fetched_at": "2025-07-15T16:23:25.058035+00:00", "symbol": "ADA-USD"}, {"trade_id": 143737239, "side": "buy", "size": "3.38379665", "price": "0.72480000", "time": "2025-07-15T16:18:59.043476Z", "fetched_at": "2025-07-15T16:23:25.058035+00:00", "symbol": "ADA-USD"}, {"trade_id": 143737238, "side": "buy", "size": "43.30754213", "price": "0.72480000", "time": "2025-07-15T16:18:59.043476Z", "fetched_at": "2025-07-15T16:23:25.058035+00:00", "symbol": "ADA-USD"}, {"trade_id": 143737237, "side": "buy", "size": "1.60000000", "price": "0.72480000", "time": "2025-07-15T16:18:58.971183Z", "fetched_at": "2025-07-15T16:23:25.058035+00:00", "symbol": "ADA-USD"}, {"trade_id": 143737236, "side": "buy", "size": "1681.79302000", "price": "0.72480000", "time": "2025-07-15T16:18:58.971183Z", "fetched_at": "2025-07-15T16:23:25.058035+00:00", "symbol": "ADA-USD"}, {"trade_id": 143737235, "side": "buy", "size": "3.38332986", "price": "0.72490000", "time": "2025-07-15T16:18:58.971183Z", "fetched_at": "2025-07-15T16:23:25.058035+00:00", "symbol": "ADA-USD"}, {"trade_id": 143737234, "side": "buy", "size": "1.60000000", "price": "0.72490000", "time": "2025-07-15T16:18:58.971183Z", "fetched_at": "2025-07-15T16:23:25.058035+00:00", "symbol": "ADA-USD"}, {"trade_id": 143737233, "side": "buy", "size": "3.33482609", "price": "0.72500000", "time": "2025-07-15T16:18:58.884889Z", "fetched_at": "2025-07-15T16:23:25.058035+00:00", "symbol": "ADA-USD"}, {"trade_id": 143737232, "side": "buy", "size": "1.60000000", "price": "0.72500000", "time": "2025-07-15T16:18:58.884889Z", "fetched_at": "2025-07-15T16:23:25.058035+00:00", "symbol": "ADA-USD"}, {"trade_id": 143737231, "side": "buy", "size": "58.89945889", "price": "0.72510000", "time": "2025-07-15T16:18:56.529645Z", "fetched_at": "2025-07-15T16:23:25.058035+00:00", "symbol": "ADA-USD"}, {"trade_id": 143737230, "side": "buy", "size": "1.60000000", "price": "0.72510000", "time": "2025-07-15T16:18:56.529645Z", "fetched_at": "2025-07-15T16:23:25.058035+00:00", "symbol": "ADA-USD"}, {"trade_id": 143737229, "side": "buy", "size": "1.60000000", "price": "0.72520000", "time": "2025-07-15T16:18:56.529645Z", "fetched_at": "2025-07-15T16:23:25.058035+00:00", "symbol": "ADA-USD"}, {"trade_id": 143737228, "side": "buy", "size": "4.14314111", "price": "0.72530000", "time": "2025-07-15T16:18:56.529645Z", "fetched_at": "2025-07-15T16:23:25.058035+00:00", "symbol": "ADA-USD"}, {"trade_id": 143737227, "side": "buy", "size": "1.60000000", "price": "0.72530000", "time": "2025-07-15T16:18:56.529645Z", "fetched_at": "2025-07-15T16:23:25.058035+00:00", "symbol": "ADA-USD"}, {"trade_id": 143737226, "side": "buy", "size": "4.05205174", "price": "0.72540000", "time": "2025-07-15T16:18:54.157829Z", "fetched_at": "2025-07-15T16:23:25.058035+00:00", "symbol": "ADA-USD"}, {"trade_id": 143737225, "side": "buy", "size": "1.60000000", "price": "0.72540000", "time": "2025-07-15T16:18:54.157829Z", "fetched_at": "2025-07-15T16:23:25.058035+00:00", "symbol": "ADA-USD"}, {"trade_id": 143737224, "side": "buy", "size": "4.89317336", "price": "0.72550000", "time": "2025-07-15T16:18:53.770050Z", "fetched_at": "2025-07-15T16:23:25.058035+00:00", "symbol": "ADA-USD"}, {"trade_id": 143737223, "side": "buy", "size": "533.76628553", "price": "0.72550000", "time": "2025-07-15T16:18:53.245650Z", "fetched_at": "2025-07-15T16:23:25.058035+00:00", "symbol": "ADA-USD"}, {"trade_id": 143737222, "side": "buy", "size": "2.27085054", "price": "0.72560000", "time": "2025-07-15T16:18:53.245650Z", "fetched_at": "2025-07-15T16:23:25.058035+00:00", "symbol": "ADA-USD"}, {"trade_id": 143737221, "side": "buy", "size": "4.78470253", "price": "0.72560000", "time": "2025-07-15T16:18:53.245650Z", "fetched_at": "2025-07-15T16:23:25.058035+00:00", "symbol": "ADA-USD"}, {"trade_id": 143737220, "side": "buy", "size": "33.23371447", "price": "0.72550000", "time": "2025-07-15T16:18:52.036355Z", "fetched_at": "2025-07-15T16:23:25.058035+00:00", "symbol": "ADA-USD"}, {"trade_id": 143737219, "side": "buy", "size": "4.78470253", "price": "0.72560000", "time": "2025-07-15T16:18:52.036355Z", "fetched_at": "2025-07-15T16:23:25.058035+00:00", "symbol": "ADA-USD"}, {"trade_id": 143737218, "side": "buy", "size": "7.43119100", "price": "0.72560000", "time": "2025-07-15T16:18:51.797632Z", "fetched_at": "2025-07-15T16:23:25.058035+00:00", "symbol": "ADA-USD"}, {"trade_id": 143737217, "side": "buy", "size": "4.68569203", "price": "0.72550000", "time": "2025-07-15T16:18:50.968145Z", "fetched_at": "2025-07-15T16:23:25.058035+00:00", "symbol": "ADA-USD"}, {"trade_id": 143737216, "side": "buy", "size": "4.80583811", "price": "0.72550000", "time": "2025-07-15T16:18:50.643508Z", "fetched_at": "2025-07-15T16:23:25.058035+00:00", "symbol": "ADA-USD"}, {"trade_id": 143737215, "side": "buy", "size": "1.60000000", "price": "0.72550000", "time": "2025-07-15T16:18:50.643508Z", "fetched_at": "2025-07-15T16:23:25.058035+00:00", "symbol": "ADA-USD"}, {"trade_id": 143737214, "side": "buy", "size": "4.80517578", "price": "0.72560000", "time": "2025-07-15T16:18:50.563938Z", "fetched_at": "2025-07-15T16:23:25.058035+00:00", "symbol": "ADA-USD"}