[{"trade_id": 143732478, "side": "sell", "size": "987.28878803", "price": "0.72100000", "time": "2025-07-15T15:39:26.251259Z", "fetched_at": "2025-07-15T15:39:32.304558+00:00", "symbol": "ADA-USD"}, {"trade_id": 143732477, "side": "sell", "size": "26.94633900", "price": "0.72100000", "time": "2025-07-15T15:39:24.503309Z", "fetched_at": "2025-07-15T15:39:32.304558+00:00", "symbol": "ADA-USD"}, {"trade_id": 143732476, "side": "sell", "size": "987.56443204", "price": "0.72100000", "time": "2025-07-15T15:39:23.830844Z", "fetched_at": "2025-07-15T15:39:32.304558+00:00", "symbol": "ADA-USD"}, {"trade_id": 143732475, "side": "sell", "size": "3987.97488304", "price": "0.72120000", "time": "2025-07-15T15:39:22.654886Z", "fetched_at": "2025-07-15T15:39:32.304558+00:00", "symbol": "ADA-USD"}, {"trade_id": 143732474, "side": "sell", "size": "1.60000000", "price": "0.72120000", "time": "2025-07-15T15:39:22.654886Z", "fetched_at": "2025-07-15T15:39:32.304558+00:00", "symbol": "ADA-USD"}, {"trade_id": 143732473, "side": "sell", "size": "567.00000000", "price": "0.72120000", "time": "2025-07-15T15:39:22.654886Z", "fetched_at": "2025-07-15T15:39:32.304558+00:00", "symbol": "ADA-USD"}, {"trade_id": 143732472, "side": "sell", "size": "1690.18854000", "price": "0.72120000", "time": "2025-07-15T15:39:22.654886Z", "fetched_at": "2025-07-15T15:39:32.304558+00:00", "symbol": "ADA-USD"}, {"trade_id": 143732471, "side": "sell", "size": "693.39783958", "price": "0.72110000", "time": "2025-07-15T15:39:22.654886Z", "fetched_at": "2025-07-15T15:39:32.304558+00:00", "symbol": "ADA-USD"}, {"trade_id": 143732470, "side": "sell", "size": "815.44821037", "price": "0.72110000", "time": "2025-07-15T15:39:22.654886Z", "fetched_at": "2025-07-15T15:39:32.304558+00:00", "symbol": "ADA-USD"}, {"trade_id": 143732469, "side": "sell", "size": "659.34207684", "price": "0.72110000", "time": "2025-07-15T15:39:22.654886Z", "fetched_at": "2025-07-15T15:39:32.304558+00:00", "symbol": "ADA-USD"}, {"trade_id": 143732468, "side": "sell", "size": "1691.12652000", "price": "0.72110000", "time": "2025-07-15T15:39:22.654886Z", "fetched_at": "2025-07-15T15:39:32.304558+00:00", "symbol": "ADA-USD"}, {"trade_id": 143732467, "side": "sell", "size": "1857.87277000", "price": "0.72110000", "time": "2025-07-15T15:39:22.654886Z", "fetched_at": "2025-07-15T15:39:32.304558+00:00", "symbol": "ADA-USD"}, {"trade_id": 143732466, "side": "sell", "size": "1.60000000", "price": "0.72110000", "time": "2025-07-15T15:39:22.654886Z", "fetched_at": "2025-07-15T15:39:32.304558+00:00", "symbol": "ADA-USD"}, {"trade_id": 143732465, "side": "sell", "size": "4.12464129", "price": "0.72110000", "time": "2025-07-15T15:39:22.654886Z", "fetched_at": "2025-07-15T15:39:32.304558+00:00", "symbol": "ADA-USD"}, {"trade_id": 143732464, "side": "sell", "size": "662.26703297", "price": "0.72100000", "time": "2025-07-15T15:39:22.654886Z", "fetched_at": "2025-07-15T15:39:32.304558+00:00", "symbol": "ADA-USD"}, {"trade_id": 143732463, "side": "sell", "size": "598.41816734", "price": "0.72100000", "time": "2025-07-15T15:39:22.654886Z", "fetched_at": "2025-07-15T15:39:32.304558+00:00", "symbol": "ADA-USD"}, {"trade_id": 143732462, "side": "sell", "size": "987.56443204", "price": "0.72100000", "time": "2025-07-15T15:39:22.654886Z", "fetched_at": "2025-07-15T15:39:32.304558+00:00", "symbol": "ADA-USD"}, {"trade_id": 143732461, "side": "sell", "size": "5288.40000000", "price": "0.72100000", "time": "2025-07-15T15:39:22.654886Z", "fetched_at": "2025-07-15T15:39:32.304558+00:00", "symbol": "ADA-USD"}, {"trade_id": 143732460, "side": "sell", "size": "500.00000000", "price": "0.72100000", "time": "2025-07-15T15:39:22.654886Z", "fetched_at": "2025-07-15T15:39:32.304558+00:00", "symbol": "ADA-USD"}, {"trade_id": 143732459, "side": "sell", "size": "433.85457600", "price": "0.72100000", "time": "2025-07-15T15:39:22.654886Z", "fetched_at": "2025-07-15T15:39:32.304558+00:00", "symbol": "ADA-USD"}, {"trade_id": 143732458, "side": "sell", "size": "133.14542400", "price": "0.72100000", "time": "2025-07-15T15:39:22.005252Z", "fetched_at": "2025-07-15T15:39:32.304558+00:00", "symbol": "ADA-USD"}, {"trade_id": 143732457, "side": "sell", "size": "1.60000000", "price": "0.72100000", "time": "2025-07-15T15:39:22.005252Z", "fetched_at": "2025-07-15T15:39:32.304558+00:00", "symbol": "ADA-USD"}, {"trade_id": 143732456, "side": "buy", "size": "24.06047493", "price": "0.72090000", "time": "2025-07-15T15:39:21.080003Z", "fetched_at": "2025-07-15T15:39:32.304558+00:00", "symbol": "ADA-USD"}, {"trade_id": 143732455, "side": "sell", "size": "987.56603482", "price": "0.72090000", "time": "2025-07-15T15:39:20.715307Z", "fetched_at": "2025-07-15T15:39:32.304558+00:00", "symbol": "ADA-USD"}, {"trade_id": 143732454, "side": "sell", "size": "567.00000000", "price": "0.72090000", "time": "2025-07-15T15:39:20.715307Z", "fetched_at": "2025-07-15T15:39:32.304558+00:00", "symbol": "ADA-USD"}, {"trade_id": 143732453, "side": "sell", "size": "2.23058692", "price": "0.72080000", "time": "2025-07-15T15:39:20.693799Z", "fetched_at": "2025-07-15T15:39:32.304558+00:00", "symbol": "ADA-USD"}, {"trade_id": 143732452, "side": "sell", "size": "74.11272900", "price": "0.72080000", "time": "2025-07-15T15:39:18.276023Z", "fetched_at": "2025-07-15T15:39:32.304558+00:00", "symbol": "ADA-USD"}, {"trade_id": 143732451, "side": "sell", "size": "6.57529100", "price": "0.72080000", "time": "2025-07-15T15:39:16.519771Z", "fetched_at": "2025-07-15T15:39:32.304558+00:00", "symbol": "ADA-USD"}, {"trade_id": 143732450, "side": "buy", "size": "1.60000000", "price": "0.72080000", "time": "2025-07-15T15:39:16.365200Z", "fetched_at": "2025-07-15T15:39:32.304558+00:00", "symbol": "ADA-USD"}, {"trade_id": 143732449, "side": "buy", "size": "71.30778624", "price": "0.72090000", "time": "2025-07-15T15:39:14.671880Z", "fetched_at": "2025-07-15T15:39:32.304558+00:00", "symbol": "ADA-USD"}, {"trade_id": 143732448, "side": "buy", "size": "80.31882422", "price": "0.72090000", "time": "2025-07-15T15:39:13.038931Z", "fetched_at": "2025-07-15T15:39:32.304558+00:00", "symbol": "ADA-USD"}, {"trade_id": 143732447, "side": "buy", "size": "1.60000000", "price": "0.72090000", "time": "2025-07-15T15:39:13.038931Z", "fetched_at": "2025-07-15T15:39:32.304558+00:00", "symbol": "ADA-USD"}, {"trade_id": 143732446, "side": "buy", "size": "91.33779175", "price": "0.72100000", "time": "2025-07-15T15:39:12.620550Z", "fetched_at": "2025-07-15T15:39:32.304558+00:00", "symbol": "ADA-USD"}, {"trade_id": 143732445, "side": "buy", "size": "1.60000000", "price": "0.72100000", "time": "2025-07-15T15:39:12.620550Z", "fetched_at": "2025-07-15T15:39:32.304558+00:00", "symbol": "ADA-USD"}, {"trade_id": 143732444, "side": "buy", "size": "90.34080686", "price": "0.72110000", "time": "2025-07-15T15:39:12.478684Z", "fetched_at": "2025-07-15T15:39:32.304558+00:00", "symbol": "ADA-USD"}, {"trade_id": 143732443, "side": "buy", "size": "67.84260000", "price": "0.72110000", "time": "2025-07-15T15:39:08.682110Z", "fetched_at": "2025-07-15T15:39:32.304558+00:00", "symbol": "ADA-USD"}, {"trade_id": 143732442, "side": "buy", "size": "139.85551034", "price": "0.72110000", "time": "2025-07-15T15:39:06.109470Z", "fetched_at": "2025-07-15T15:39:32.304558+00:00", "symbol": "ADA-USD"}, {"trade_id": 143732441, "side": "buy", "size": "1.60000000", "price": "0.72110000", "time": "2025-07-15T15:39:06.109470Z", "fetched_at": "2025-07-15T15:39:32.304558+00:00", "symbol": "ADA-USD"}, {"trade_id": 143732440, "side": "buy", "size": "87.36103013", "price": "0.72110000", "time": "2025-07-15T15:39:06.109470Z", "fetched_at": "2025-07-15T15:39:32.304558+00:00", "symbol": "ADA-USD"}, {"trade_id": 143732439, "side": "sell", "size": "289.02785900", "price": "0.72130000", "time": "2025-07-15T15:39:04.157050Z", "fetched_at": "2025-07-15T15:39:32.304558+00:00", "symbol": "ADA-USD"}, {"trade_id": 143732438, "side": "buy", "size": "169.44753970", "price": "0.72120000", "time": "2025-07-15T15:39:02.120748Z", "fetched_at": "2025-07-15T15:39:32.304558+00:00", "symbol": "ADA-USD"}, {"trade_id": 143732437, "side": "buy", "size": "1.60000000", "price": "0.72120000", "time": "2025-07-15T15:39:02.109043Z", "fetched_at": "2025-07-15T15:39:32.304558+00:00", "symbol": "ADA-USD"}, {"trade_id": 143732436, "side": "buy", "size": "19.72498222", "price": "0.72130000", "time": "2025-07-15T15:39:02.041515Z", "fetched_at": "2025-07-15T15:39:32.304558+00:00", "symbol": "ADA-USD"}, {"trade_id": 143732435, "side": "buy", "size": "61.23349000", "price": "0.72130000", "time": "2025-07-15T15:39:02.040721Z", "fetched_at": "2025-07-15T15:39:32.304558+00:00", "symbol": "ADA-USD"}, {"trade_id": 143732434, "side": "buy", "size": "111.35412000", "price": "0.72130000", "time": "2025-07-15T15:39:01.955909Z", "fetched_at": "2025-07-15T15:39:32.304558+00:00", "symbol": "ADA-USD"}, {"trade_id": 143732433, "side": "buy", "size": "254.93688099", "price": "0.72140000", "time": "2025-07-15T15:39:01.457783Z", "fetched_at": "2025-07-15T15:39:32.304558+00:00", "symbol": "ADA-USD"}, {"trade_id": 143732432, "side": "buy", "size": "330.01138000", "price": "0.72140000", "time": "2025-07-15T15:39:00.501946Z", "fetched_at": "2025-07-15T15:39:32.304558+00:00", "symbol": "ADA-USD"}, {"trade_id": 143732431, "side": "buy", "size": "559.24247865", "price": "0.72140000", "time": "2025-07-15T15:38:58.564200Z", "fetched_at": "2025-07-15T15:39:32.304558+00:00", "symbol": "ADA-USD"}, {"trade_id": 143732430, "side": "sell", "size": "73.55565550", "price": "0.72150000", "time": "2025-07-15T15:38:53.047558Z", "fetched_at": "2025-07-15T15:39:32.304558+00:00", "symbol": "ADA-USD"}, {"trade_id": 143732429, "side": "sell", "size": "986.59880289", "price": "0.72140000", "time": "2025-07-15T15:38:53.047558Z", "fetched_at": "2025-07-15T15:39:32.304558+00:00", "symbol": "ADA-USD"}, {"trade_id": 143732428, "side": "sell", "size": "1689.48569000", "price": "0.72140000", "time": "2025-07-15T15:38:53.047558Z", "fetched_at": "2025-07-15T15:39:32.304558+00:00", "symbol": "ADA-USD"}, {"trade_id": 143732427, "side": "sell", "size": "1855.43257000", "price": "0.72140000", "time": "2025-07-15T15:38:53.047558Z", "fetched_at": "2025-07-15T15:39:32.304558+00:00", "symbol": "ADA-USD"}, {"trade_id": 143732426, "side": "sell", "size": "7.33269563", "price": "0.72140000", "time": "2025-07-15T15:38:53.047558Z", "fetched_at": "2025-07-15T15:39:32.304558+00:00", "symbol": "ADA-USD"}, {"trade_id": 143732425, "side": "sell", "size": "702.13221014", "price": "0.72130000", "time": "2025-07-15T15:38:53.047558Z", "fetched_at": "2025-07-15T15:39:32.304558+00:00", "symbol": "ADA-USD"}, {"trade_id": 143732424, "side": "sell", "size": "548.89173584", "price": "0.72130000", "time": "2025-07-15T15:38:53.047558Z", "fetched_at": "2025-07-15T15:39:32.304558+00:00", "symbol": "ADA-USD"}, {"trade_id": 143732423, "side": "sell", "size": "567.00000000", "price": "0.72130000", "time": "2025-07-15T15:38:53.047558Z", "fetched_at": "2025-07-15T15:39:32.304558+00:00", "symbol": "ADA-USD"}, {"trade_id": 143732422, "side": "sell", "size": "269.57064000", "price": "0.72130000", "time": "2025-07-15T15:38:53.047558Z", "fetched_at": "2025-07-15T15:39:32.304558+00:00", "symbol": "ADA-USD"}, {"trade_id": 143732421, "side": "buy", "size": "62.77688241", "price": "0.72140000", "time": "2025-07-15T15:38:52.151503Z", "fetched_at": "2025-07-15T15:39:32.304558+00:00", "symbol": "ADA-USD"}, {"trade_id": 143732420, "side": "buy", "size": "51.00306000", "price": "0.72140000", "time": "2025-07-15T15:38:52.151338Z", "fetched_at": "2025-07-15T15:39:32.304558+00:00", "symbol": "ADA-USD"}, {"trade_id": 143732419, "side": "buy", "size": "115.77885000", "price": "0.72140000", "time": "2025-07-15T15:38:52.149121Z", "fetched_at": "2025-07-15T15:39:32.304558+00:00", "symbol": "ADA-USD"}, {"trade_id": 143732418, "side": "buy", "size": "51.00306000", "price": "0.72140000", "time": "2025-07-15T15:38:52.147858Z", "fetched_at": "2025-07-15T15:39:32.304558+00:00", "symbol": "ADA-USD"}, {"trade_id": 143732417, "side": "sell", "size": "1.37138100", "price": "0.72150000", "time": "2025-07-15T15:38:51.003320Z", "fetched_at": "2025-07-15T15:39:32.304558+00:00", "symbol": "ADA-USD"}, {"trade_id": 143732416, "side": "sell", "size": "502.86954103", "price": "0.72140000", "time": "2025-07-15T15:38:48.132264Z", "fetched_at": "2025-07-15T15:39:32.304558+00:00", "symbol": "ADA-USD"}, {"trade_id": 143732415, "side": "sell", "size": "170.39081597", "price": "0.72140000", "time": "2025-07-15T15:38:48.132264Z", "fetched_at": "2025-07-15T15:39:32.304558+00:00", "symbol": "ADA-USD"}, {"trade_id": 143732414, "side": "buy", "size": "569.87552310", "price": "0.72060000", "time": "2025-07-15T15:38:48.130826Z", "fetched_at": "2025-07-15T15:39:32.304558+00:00", "symbol": "ADA-USD"}, {"trade_id": 143732413, "side": "buy", "size": "4160.02218678", "price": "0.72070000", "time": "2025-07-15T15:38:48.130826Z", "fetched_at": "2025-07-15T15:39:32.304558+00:00", "symbol": "ADA-USD"}, {"trade_id": 143732412, "side": "buy", "size": "277.26626884", "price": "0.72070000", "time": "2025-07-15T15:38:48.130826Z", "fetched_at": "2025-07-15T15:39:32.304558+00:00", "symbol": "ADA-USD"}, {"trade_id": 143732411, "side": "buy", "size": "519.24301468", "price": "0.72070000", "time": "2025-07-15T15:38:48.130826Z", "fetched_at": "2025-07-15T15:39:32.304558+00:00", "symbol": "ADA-USD"}, {"trade_id": 143732410, "side": "buy", "size": "1.60000000", "price": "0.72070000", "time": "2025-07-15T15:38:48.130826Z", "fetched_at": "2025-07-15T15:39:32.304558+00:00", "symbol": "ADA-USD"}, {"trade_id": 143732409, "side": "buy", "size": "731.39118128", "price": "0.72070000", "time": "2025-07-15T15:38:48.130826Z", "fetched_at": "2025-07-15T15:39:32.304558+00:00", "symbol": "ADA-USD"}, {"trade_id": 143732408, "side": "buy", "size": "831.80392669", "price": "0.72070000", "time": "2025-07-15T15:38:48.130826Z", "fetched_at": "2025-07-15T15:39:32.304558+00:00", "symbol": "ADA-USD"}, {"trade_id": 143732407, "side": "buy", "size": "567.00000000", "price": "0.72070000", "time": "2025-07-15T15:38:48.130826Z", "fetched_at": "2025-07-15T15:39:32.304558+00:00", "symbol": "ADA-USD"}, {"trade_id": 143732406, "side": "buy", "size": "1690.65740000", "price": "0.72070000", "time": "2025-07-15T15:38:48.130826Z", "fetched_at": "2025-07-15T15:39:32.304558+00:00", "symbol": "ADA-USD"}, {"trade_id": 143732405, "side": "buy", "size": "2583.94700438", "price": "0.72080000", "time": "2025-07-15T15:38:48.130826Z", "fetched_at": "2025-07-15T15:39:32.304558+00:00", "symbol": "ADA-USD"}, {"trade_id": 143732404, "side": "buy", "size": "719.77502247", "price": "0.72080000", "time": "2025-07-15T15:38:48.130826Z", "fetched_at": "2025-07-15T15:39:32.304558+00:00", "symbol": "ADA-USD"}, {"trade_id": 143732403, "side": "buy", "size": "831.80392669", "price": "0.72080000", "time": "2025-07-15T15:38:48.130826Z", "fetched_at": "2025-07-15T15:39:32.304558+00:00", "symbol": "ADA-USD"}, {"trade_id": 143732402, "side": "buy", "size": "567.00000000", "price": "0.72080000", "time": "2025-07-15T15:38:48.130826Z", "fetched_at": "2025-07-15T15:39:32.304558+00:00", "symbol": "ADA-USD"}, {"trade_id": 143732401, "side": "buy", "size": "1690.89190000", "price": "0.72080000", "time": "2025-07-15T15:38:48.130826Z", "fetched_at": "2025-07-15T15:39:32.304558+00:00", "symbol": "ADA-USD"}, {"trade_id": 143732400, "side": "buy", "size": "1.60000000", "price": "0.72080000", "time": "2025-07-15T15:38:48.130826Z", "fetched_at": "2025-07-15T15:39:32.304558+00:00", "symbol": "ADA-USD"}, {"trade_id": 143732399, "side": "buy", "size": "693.52332663", "price": "0.72090000", "time": "2025-07-15T15:38:48.130826Z", "fetched_at": "2025-07-15T15:39:32.304558+00:00", "symbol": "ADA-USD"}, {"trade_id": 143732398, "side": "buy", "size": "519.24301468", "price": "0.72090000", "time": "2025-07-15T15:38:48.130826Z", "fetched_at": "2025-07-15T15:39:32.304558+00:00", "symbol": "ADA-USD"}, {"trade_id": 143732397, "side": "buy", "size": "750.07376307", "price": "0.72090000", "time": "2025-07-15T15:38:48.130826Z", "fetched_at": "2025-07-15T15:39:32.304558+00:00", "symbol": "ADA-USD"}, {"trade_id": 143732396, "side": "buy", "size": "419.91572247", "price": "0.72090000", "time": "2025-07-15T15:38:48.130826Z", "fetched_at": "2025-07-15T15:39:32.304558+00:00", "symbol": "ADA-USD"}, {"trade_id": 143732395, "side": "buy", "size": "831.80392669", "price": "0.72090000", "time": "2025-07-15T15:38:48.130826Z", "fetched_at": "2025-07-15T15:39:32.304558+00:00", "symbol": "ADA-USD"}, {"trade_id": 143732394, "side": "buy", "size": "1.60000000", "price": "0.72090000", "time": "2025-07-15T15:38:48.130826Z", "fetched_at": "2025-07-15T15:39:32.304558+00:00", "symbol": "ADA-USD"}, {"trade_id": 143732393, "side": "buy", "size": "1690.42304000", "price": "0.72090000", "time": "2025-07-15T15:38:48.130826Z", "fetched_at": "2025-07-15T15:39:32.304558+00:00", "symbol": "ADA-USD"}, {"trade_id": 143732392, "side": "buy", "size": "390.98021528", "price": "0.72100000", "time": "2025-07-15T15:38:48.130826Z", "fetched_at": "2025-07-15T15:39:32.304558+00:00", "symbol": "ADA-USD"}, {"trade_id": 143732391, "side": "buy", "size": "688.44258001", "price": "0.72100000", "time": "2025-07-15T15:38:48.130826Z", "fetched_at": "2025-07-15T15:39:32.304558+00:00", "symbol": "ADA-USD"}, {"trade_id": 143732390, "side": "buy", "size": "5298.80000000", "price": "0.72100000", "time": "2025-07-15T15:38:48.130826Z", "fetched_at": "2025-07-15T15:39:32.304558+00:00", "symbol": "ADA-USD"}, {"trade_id": 143732389, "side": "buy", "size": "831.80392669", "price": "0.72100000", "time": "2025-07-15T15:38:48.130826Z", "fetched_at": "2025-07-15T15:39:32.304558+00:00", "symbol": "ADA-USD"}, {"trade_id": 143732388, "side": "buy", "size": "1.60000000", "price": "0.72100000", "time": "2025-07-15T15:38:48.130826Z", "fetched_at": "2025-07-15T15:39:32.304558+00:00", "symbol": "ADA-USD"}, {"trade_id": 143732387, "side": "buy", "size": "1690.42304000", "price": "0.72100000", "time": "2025-07-15T15:38:48.130826Z", "fetched_at": "2025-07-15T15:39:32.304558+00:00", "symbol": "ADA-USD"}, {"trade_id": 143732386, "side": "buy", "size": "1689.71993000", "price": "0.72110000", "time": "2025-07-15T15:38:48.130826Z", "fetched_at": "2025-07-15T15:39:32.304558+00:00", "symbol": "ADA-USD"}, {"trade_id": 143732385, "side": "buy", "size": "636.01696159", "price": "0.72110000", "time": "2025-07-15T15:38:48.130826Z", "fetched_at": "2025-07-15T15:39:32.304558+00:00", "symbol": "ADA-USD"}, {"trade_id": 143732384, "side": "buy", "size": "70.34633454", "price": "0.72110000", "time": "2025-07-15T15:38:48.130826Z", "fetched_at": "2025-07-15T15:39:32.304558+00:00", "symbol": "ADA-USD"}, {"trade_id": 143732383, "side": "buy", "size": "693.36478113", "price": "0.72110000", "time": "2025-07-15T15:38:48.130826Z", "fetched_at": "2025-07-15T15:39:32.304558+00:00", "symbol": "ADA-USD"}, {"trade_id": 143732382, "side": "buy", "size": "4133.04913315", "price": "0.72110000", "time": "2025-07-15T15:38:48.130826Z", "fetched_at": "2025-07-15T15:39:32.304558+00:00", "symbol": "ADA-USD"}, {"trade_id": 143732381, "side": "buy", "size": "831.80392669", "price": "0.72110000", "time": "2025-07-15T15:38:48.130826Z", "fetched_at": "2025-07-15T15:39:32.304558+00:00", "symbol": "ADA-USD"}, {"trade_id": 143732380, "side": "buy", "size": "1.60000000", "price": "0.72110000", "time": "2025-07-15T15:38:48.130826Z", "fetched_at": "2025-07-15T15:39:32.304558+00:00", "symbol": "ADA-USD"}, {"trade_id": 143732379, "side": "buy", "size": "973.30547759", "price": "0.72120000", "time": "2025-07-15T15:38:48.130826Z", "fetched_at": "2025-07-15T15:39:32.304558+00:00", "symbol": "ADA-USD"}, {"trade_id": 143732378, "side": "buy", "size": "324.21184328", "price": "0.72120000", "time": "2025-07-15T15:38:48.130826Z", "fetched_at": "2025-07-15T15:39:32.304558+00:00", "symbol": "ADA-USD"}, {"trade_id": 143732377, "side": "buy", "size": "459.18666940", "price": "0.72120000", "time": "2025-07-15T15:38:48.130826Z", "fetched_at": "2025-07-15T15:39:32.304558+00:00", "symbol": "ADA-USD"}, {"trade_id": 143732376, "side": "buy", "size": "1.60000000", "price": "0.72120000", "time": "2025-07-15T15:38:48.130826Z", "fetched_at": "2025-07-15T15:39:32.304558+00:00", "symbol": "ADA-USD"}, {"trade_id": 143732375, "side": "buy", "size": "17.81053320", "price": "0.72130000", "time": "2025-07-15T15:38:48.130826Z", "fetched_at": "2025-07-15T15:39:32.304558+00:00", "symbol": "ADA-USD"}, {"trade_id": 143732374, "side": "buy", "size": "1.60000000", "price": "0.72130000", "time": "2025-07-15T15:38:48.130826Z", "fetched_at": "2025-07-15T15:39:32.304558+00:00", "symbol": "ADA-USD"}, {"trade_id": 143732373, "side": "sell", "size": "9.32294403", "price": "0.72140000", "time": "2025-07-15T15:38:47.027169Z", "fetched_at": "2025-07-15T15:39:32.304558+00:00", "symbol": "ADA-USD"}, {"trade_id": 143732372, "side": "sell", "size": "7.47647397", "price": "0.72140000", "time": "2025-07-15T15:38:47.027169Z", "fetched_at": "2025-07-15T15:39:32.304558+00:00", "symbol": "ADA-USD"}, {"trade_id": 143732371, "side": "buy", "size": "249.66379585", "price": "0.72140000", "time": "2025-07-15T15:38:46.314305Z", "fetched_at": "2025-07-15T15:39:32.304558+00:00", "symbol": "ADA-USD"}, {"trade_id": 143732370, "side": "buy", "size": "32.18343000", "price": "0.72130000", "time": "2025-07-15T15:38:43.394715Z", "fetched_at": "2025-07-15T15:39:32.304558+00:00", "symbol": "ADA-USD"}, {"trade_id": 143732369, "side": "buy", "size": "1.60000000", "price": "0.72130000", "time": "2025-07-15T15:38:42.417173Z", "fetched_at": "2025-07-15T15:39:32.304558+00:00", "symbol": "ADA-USD"}, {"trade_id": 143732368, "side": "buy", "size": "379.24552928", "price": "0.72140000", "time": "2025-07-15T15:38:42.320261Z", "fetched_at": "2025-07-15T15:39:32.304558+00:00", "symbol": "ADA-USD"}, {"trade_id": 143732367, "side": "buy", "size": "1.60000000", "price": "0.72140000", "time": "2025-07-15T15:38:42.320261Z", "fetched_at": "2025-07-15T15:39:32.304558+00:00", "symbol": "ADA-USD"}, {"trade_id": 143732366, "side": "buy", "size": "986.53189705", "price": "0.72150000", "time": "2025-07-15T15:38:41.977716Z", "fetched_at": "2025-07-15T15:39:32.304558+00:00", "symbol": "ADA-USD"}, {"trade_id": 143732365, "side": "buy", "size": "1.60000000", "price": "0.72150000", "time": "2025-07-15T15:38:41.977716Z", "fetched_at": "2025-07-15T15:39:32.304558+00:00", "symbol": "ADA-USD"}, {"trade_id": 143732364, "side": "buy", "size": "113.64307267", "price": "0.72150000", "time": "2025-07-15T15:38:41.977716Z", "fetched_at": "2025-07-15T15:39:32.304558+00:00", "symbol": "ADA-USD"}, {"trade_id": 143732363, "side": "buy", "size": "51.00306000", "price": "0.72150000", "time": "2025-07-15T15:38:41.924813Z", "fetched_at": "2025-07-15T15:39:32.304558+00:00", "symbol": "ADA-USD"}, {"trade_id": 143732362, "side": "buy", "size": "511.36605034", "price": "0.72160000", "time": "2025-07-15T15:38:40.861269Z", "fetched_at": "2025-07-15T15:39:32.304558+00:00", "symbol": "ADA-USD"}, {"trade_id": 143732361, "side": "buy", "size": "475.02913220", "price": "0.72160000", "time": "2025-07-15T15:38:40.859488Z", "fetched_at": "2025-07-15T15:39:32.304558+00:00", "symbol": "ADA-USD"}, {"trade_id": 143732360, "side": "buy", "size": "1.60000000", "price": "0.72160000", "time": "2025-07-15T15:38:40.859488Z", "fetched_at": "2025-07-15T15:39:32.304558+00:00", "symbol": "ADA-USD"}, {"trade_id": 143732359, "side": "buy", "size": "1.60000000", "price": "0.72170000", "time": "2025-07-15T15:38:40.728439Z", "fetched_at": "2025-07-15T15:39:32.304558+00:00", "symbol": "ADA-USD"}, {"trade_id": 143732358, "side": "buy", "size": "986.12186717", "price": "0.72180000", "time": "2025-07-15T15:38:40.135978Z", "fetched_at": "2025-07-15T15:39:32.304558+00:00", "symbol": "ADA-USD"}, {"trade_id": 143732357, "side": "sell", "size": "122.68157980", "price": "0.72190000", "time": "2025-07-15T15:38:33.842997Z", "fetched_at": "2025-07-15T15:39:32.304558+00:00", "symbol": "ADA-USD"}, {"trade_id": 143732356, "side": "sell", "size": "825.68838285", "price": "0.72190000", "time": "2025-07-15T15:38:33.828698Z", "fetched_at": "2025-07-15T15:39:32.304558+00:00", "symbol": "ADA-USD"}, {"trade_id": 143732355, "side": "buy", "size": "985.98526627", "price": "0.72190000", "time": "2025-07-15T15:38:31.653862Z", "fetched_at": "2025-07-15T15:39:32.304558+00:00", "symbol": "ADA-USD"}, {"trade_id": 143732354, "side": "sell", "size": "31.17728531", "price": "0.72200000", "time": "2025-07-15T15:38:30.006309Z", "fetched_at": "2025-07-15T15:39:32.304558+00:00", "symbol": "ADA-USD"}, {"trade_id": 143732353, "side": "sell", "size": "57.40042925", "price": "0.72200000", "time": "2025-07-15T15:38:30.006309Z", "fetched_at": "2025-07-15T15:39:32.304558+00:00", "symbol": "ADA-USD"}, {"trade_id": 143732352, "side": "sell", "size": "1.60000000", "price": "0.72200000", "time": "2025-07-15T15:38:30.006309Z", "fetched_at": "2025-07-15T15:39:32.304558+00:00", "symbol": "ADA-USD"}, {"trade_id": 143732351, "side": "sell", "size": "1.60000000", "price": "0.72190000", "time": "2025-07-15T15:38:29.579920Z", "fetched_at": "2025-07-15T15:39:32.304558+00:00", "symbol": "ADA-USD"}, {"trade_id": 143732350, "side": "sell", "size": "34.22859119", "price": "0.72190000", "time": "2025-07-15T15:38:29.579920Z", "fetched_at": "2025-07-15T15:39:32.304558+00:00", "symbol": "ADA-USD"}, {"trade_id": 143732349, "side": "sell", "size": "17.25485053", "price": "0.72190000", "time": "2025-07-15T15:38:29.579920Z", "fetched_at": "2025-07-15T15:39:32.304558+00:00", "symbol": "ADA-USD"}, {"trade_id": 143732348, "side": "sell", "size": "1.60000000", "price": "0.72180000", "time": "2025-07-15T15:38:26.804422Z", "fetched_at": "2025-07-15T15:39:32.304558+00:00", "symbol": "ADA-USD"}, {"trade_id": 143732347, "side": "sell", "size": "29.63426719", "price": "0.72180000", "time": "2025-07-15T15:38:26.804422Z", "fetched_at": "2025-07-15T15:39:32.304558+00:00", "symbol": "ADA-USD"}, {"trade_id": 143732346, "side": "sell", "size": "2.22655163", "price": "0.72170000", "time": "2025-07-15T15:38:25.368466Z", "fetched_at": "2025-07-15T15:39:32.304558+00:00", "symbol": "ADA-USD"}, {"trade_id": 143732345, "side": "sell", "size": "20.06742323", "price": "0.72170000", "time": "2025-07-15T15:38:22.396031Z", "fetched_at": "2025-07-15T15:39:32.304558+00:00", "symbol": "ADA-USD"}, {"trade_id": 143732344, "side": "sell", "size": "1.60000000", "price": "0.72170000", "time": "2025-07-15T15:38:22.396031Z", "fetched_at": "2025-07-15T15:39:32.304558+00:00", "symbol": "ADA-USD"}, {"trade_id": 143732343, "side": "sell", "size": "43.53691176", "price": "0.72170000", "time": "2025-07-15T15:38:22.396031Z", "fetched_at": "2025-07-15T15:39:32.304558+00:00", "symbol": "ADA-USD"}, {"trade_id": 143732342, "side": "sell", "size": "101.96284136", "price": "0.72160000", "time": "2025-07-15T15:38:20.579431Z", "fetched_at": "2025-07-15T15:39:32.304558+00:00", "symbol": "ADA-USD"}, {"trade_id": 143732341, "side": "sell", "size": "111.97586564", "price": "0.72160000", "time": "2025-07-15T15:38:20.566167Z", "fetched_at": "2025-07-15T15:39:32.304558+00:00", "symbol": "ADA-USD"}, {"trade_id": 143732340, "side": "sell", "size": "50.53098851", "price": "0.72160000", "time": "2025-07-15T15:38:20.551413Z", "fetched_at": "2025-07-15T15:39:32.304558+00:00", "symbol": "ADA-USD"}, {"trade_id": 143732339, "side": "sell", "size": "34.91024828", "price": "0.72160000", "time": "2025-07-15T15:38:20.538008Z", "fetched_at": "2025-07-15T15:39:32.304558+00:00", "symbol": "ADA-USD"}, {"trade_id": 143732338, "side": "sell", "size": "34.91024828", "price": "0.72160000", "time": "2025-07-15T15:38:20.521578Z", "fetched_at": "2025-07-15T15:39:32.304558+00:00", "symbol": "ADA-USD"}, {"trade_id": 143732337, "side": "sell", "size": "7.39477808", "price": "0.72140000", "time": "2025-07-15T15:38:19.526839Z", "fetched_at": "2025-07-15T15:39:32.304558+00:00", "symbol": "ADA-USD"}, {"trade_id": 143732336, "side": "sell", "size": "736.90013696", "price": "0.72140000", "time": "2025-07-15T15:38:19.526839Z", "fetched_at": "2025-07-15T15:39:32.304558+00:00", "symbol": "ADA-USD"}, {"trade_id": 143732335, "side": "buy", "size": "355.32030651", "price": "0.72150000", "time": "2025-07-15T15:38:19.212135Z", "fetched_at": "2025-07-15T15:39:32.304558+00:00", "symbol": "ADA-USD"}, {"trade_id": 143732334, "side": "sell", "size": "19.28970800", "price": "0.72160000", "time": "2025-07-15T15:38:19.019918Z", "fetched_at": "2025-07-15T15:39:32.304558+00:00", "symbol": "ADA-USD"}, {"trade_id": 143732333, "side": "sell", "size": "125.00512351", "price": "0.72160000", "time": "2025-07-15T15:38:18.904236Z", "fetched_at": "2025-07-15T15:39:32.304558+00:00", "symbol": "ADA-USD"}, {"trade_id": 143732332, "side": "sell", "size": "12.26908549", "price": "0.72160000", "time": "2025-07-15T15:38:18.904236Z", "fetched_at": "2025-07-15T15:39:32.304558+00:00", "symbol": "ADA-USD"}, {"trade_id": 143732331, "side": "sell", "size": "497.95039232", "price": "0.72160000", "time": "2025-07-15T15:38:17.462972Z", "fetched_at": "2025-07-15T15:39:32.304558+00:00", "symbol": "ADA-USD"}, {"trade_id": 143732330, "side": "sell", "size": "13.14511400", "price": "0.72160000", "time": "2025-07-15T15:38:17.200170Z", "fetched_at": "2025-07-15T15:39:32.304558+00:00", "symbol": "ADA-USD"}, {"trade_id": 143732329, "side": "sell", "size": "603.80000000", "price": "0.72160000", "time": "2025-07-15T15:38:14.900359Z", "fetched_at": "2025-07-15T15:39:32.304558+00:00", "symbol": "ADA-USD"}, {"trade_id": 143732328, "side": "sell", "size": "567.00000000", "price": "0.72160000", "time": "2025-07-15T15:38:14.900359Z", "fetched_at": "2025-07-15T15:39:32.304558+00:00", "symbol": "ADA-USD"}, {"trade_id": 143732327, "side": "sell", "size": "1.60000000", "price": "0.72160000", "time": "2025-07-15T15:38:14.900359Z", "fetched_at": "2025-07-15T15:39:32.304558+00:00", "symbol": "ADA-USD"}, {"trade_id": 143732326, "side": "sell", "size": "35.19538814", "price": "0.72160000", "time": "2025-07-15T15:38:14.900359Z", "fetched_at": "2025-07-15T15:39:32.304558+00:00", "symbol": "ADA-USD"}, {"trade_id": 143732325, "side": "sell", "size": "6.06174244", "price": "0.72150000", "time": "2025-07-15T15:38:11.850392Z", "fetched_at": "2025-07-15T15:39:32.304558+00:00", "symbol": "ADA-USD"}, {"trade_id": 143732324, "side": "sell", "size": "1.60000000", "price": "0.72150000", "time": "2025-07-15T15:38:11.850392Z", "fetched_at": "2025-07-15T15:39:32.304558+00:00", "symbol": "ADA-USD"}, {"trade_id": 143732323, "side": "sell", "size": "61.26897019", "price": "0.72140000", "time": "2025-07-15T15:38:11.518627Z", "fetched_at": "2025-07-15T15:39:32.304558+00:00", "symbol": "ADA-USD"}, {"trade_id": 143732322, "side": "sell", "size": "113.07381273", "price": "0.72120000", "time": "2025-07-15T15:38:10.683479Z", "fetched_at": "2025-07-15T15:39:32.304558+00:00", "symbol": "ADA-USD"}, {"trade_id": 143732321, "side": "sell", "size": "156.45551770", "price": "0.72120000", "time": "2025-07-15T15:38:10.683479Z", "fetched_at": "2025-07-15T15:39:32.304558+00:00", "symbol": "ADA-USD"}, {"trade_id": 143732320, "side": "sell", "size": "830.68986863", "price": "0.72120000", "time": "2025-07-15T15:38:10.672582Z", "fetched_at": "2025-07-15T15:39:32.304558+00:00", "symbol": "ADA-USD"}, {"trade_id": 143732319, "side": "sell", "size": "16.35878066", "price": "0.72120000", "time": "2025-07-15T15:38:10.672582Z", "fetched_at": "2025-07-15T15:39:32.304558+00:00", "symbol": "ADA-USD"}, {"trade_id": 143732318, "side": "sell", "size": "21.81170755", "price": "0.72110000", "time": "2025-07-15T15:38:10.163081Z", "fetched_at": "2025-07-15T15:39:32.304558+00:00", "symbol": "ADA-USD"}, {"trade_id": 143732317, "side": "sell", "size": "267.84497764", "price": "0.72120000", "time": "2025-07-15T15:38:09.177011Z", "fetched_at": "2025-07-15T15:39:32.304558+00:00", "symbol": "ADA-USD"}, {"trade_id": 143732316, "side": "sell", "size": "35.79357136", "price": "0.72110000", "time": "2025-07-15T15:38:09.177011Z", "fetched_at": "2025-07-15T15:39:32.304558+00:00", "symbol": "ADA-USD"}, {"trade_id": 143732315, "side": "buy", "size": "67.84260000", "price": "0.72090000", "time": "2025-07-15T15:38:08.258831Z", "fetched_at": "2025-07-15T15:39:32.304558+00:00", "symbol": "ADA-USD"}, {"trade_id": 143732314, "side": "sell", "size": "29.08227673", "price": "0.72090000", "time": "2025-07-15T15:38:08.138634Z", "fetched_at": "2025-07-15T15:39:32.304558+00:00", "symbol": "ADA-USD"}, {"trade_id": 143732313, "side": "sell", "size": "38.77636897", "price": "0.72090000", "time": "2025-07-15T15:38:06.837945Z", "fetched_at": "2025-07-15T15:39:32.304558+00:00", "symbol": "ADA-USD"}, {"trade_id": 143732312, "side": "buy", "size": "598.40000000", "price": "0.72080000", "time": "2025-07-15T15:38:06.831360Z", "fetched_at": "2025-07-15T15:39:32.304558+00:00", "symbol": "ADA-USD"}, {"trade_id": 143732311, "side": "buy", "size": "1.60000000", "price": "0.72090000", "time": "2025-07-15T15:38:06.831360Z", "fetched_at": "2025-07-15T15:39:32.304558+00:00", "symbol": "ADA-USD"}, {"trade_id": 143732310, "side": "buy", "size": "1.60000000", "price": "0.72100000", "time": "2025-07-15T15:38:06.800435Z", "fetched_at": "2025-07-15T15:39:32.304558+00:00", "symbol": "ADA-USD"}, {"trade_id": 143732309, "side": "buy", "size": "555.36079921", "price": "0.72100000", "time": "2025-07-15T15:38:06.800435Z", "fetched_at": "2025-07-15T15:39:32.304558+00:00", "symbol": "ADA-USD"}, {"trade_id": 143732308, "side": "buy", "size": "1.60000000", "price": "0.72110000", "time": "2025-07-15T15:38:06.715256Z", "fetched_at": "2025-07-15T15:39:32.304558+00:00", "symbol": "ADA-USD"}, {"trade_id": 143732307, "side": "buy", "size": "986.80543979", "price": "0.72130000", "time": "2025-07-15T15:38:06.502537Z", "fetched_at": "2025-07-15T15:39:32.304558+00:00", "symbol": "ADA-USD"}, {"trade_id": 143732306, "side": "buy", "size": "1.60000000", "price": "0.72130000", "time": "2025-07-15T15:38:06.502537Z", "fetched_at": "2025-07-15T15:39:32.304558+00:00", "symbol": "ADA-USD"}, {"trade_id": 143732305, "side": "buy", "size": "11.83677600", "price": "0.72150000", "time": "2025-07-15T15:38:04.446375Z", "fetched_at": "2025-07-15T15:39:32.304558+00:00", "symbol": "ADA-USD"}, {"trade_id": 143732304, "side": "sell", "size": "609.35000000", "price": "0.72150000", "time": "2025-07-15T15:38:04.344300Z", "fetched_at": "2025-07-15T15:39:32.304558+00:00", "symbol": "ADA-USD"}, {"trade_id": 143732303, "side": "sell", "size": "567.00000000", "price": "0.72150000", "time": "2025-07-15T15:38:04.344300Z", "fetched_at": "2025-07-15T15:39:32.304558+00:00", "symbol": "ADA-USD"}, {"trade_id": 143732302, "side": "sell", "size": "1.60000000", "price": "0.72150000", "time": "2025-07-15T15:38:04.344300Z", "fetched_at": "2025-07-15T15:39:32.304558+00:00", "symbol": "ADA-USD"}, {"trade_id": 143732301, "side": "sell", "size": "40.74710557", "price": "0.72150000", "time": "2025-07-15T15:38:04.344300Z", "fetched_at": "2025-07-15T15:39:32.304558+00:00", "symbol": "ADA-USD"}, {"trade_id": 143732300, "side": "buy", "size": "87.72659500", "price": "0.72130000", "time": "2025-07-15T15:38:02.630548Z", "fetched_at": "2025-07-15T15:39:32.304558+00:00", "symbol": "ADA-USD"}, {"trade_id": 143732299, "side": "sell", "size": "1.60000000", "price": "0.72140000", "time": "2025-07-15T15:38:01.541283Z", "fetched_at": "2025-07-15T15:39:32.304558+00:00", "symbol": "ADA-USD"}, {"trade_id": 143732298, "side": "sell", "size": "33.86194922", "price": "0.72140000", "time": "2025-07-15T15:38:01.541283Z", "fetched_at": "2025-07-15T15:39:32.304558+00:00", "symbol": "ADA-USD"}, {"trade_id": 143732297, "side": "sell", "size": "1.60000000", "price": "0.72130000", "time": "2025-07-15T15:38:01.311681Z", "fetched_at": "2025-07-15T15:39:32.304558+00:00", "symbol": "ADA-USD"}, {"trade_id": 143732296, "side": "sell", "size": "26.93985494", "price": "0.72130000", "time": "2025-07-15T15:38:01.311681Z", "fetched_at": "2025-07-15T15:39:32.304558+00:00", "symbol": "ADA-USD"}, {"trade_id": 143732295, "side": "buy", "size": "53.30024284", "price": "0.72120000", "time": "2025-07-15T15:38:00.148444Z", "fetched_at": "2025-07-15T15:39:32.304558+00:00", "symbol": "ADA-USD"}, {"trade_id": 143732294, "side": "sell", "size": "699.26000000", "price": "0.72120000", "time": "2025-07-15T15:38:00.111199Z", "fetched_at": "2025-07-15T15:39:32.304558+00:00", "symbol": "ADA-USD"}, {"trade_id": 143732293, "side": "sell", "size": "1.60000000", "price": "0.72120000", "time": "2025-07-15T15:38:00.111199Z", "fetched_at": "2025-07-15T15:39:32.304558+00:00", "symbol": "ADA-USD"}, {"trade_id": 143732292, "side": "sell", "size": "32.54072325", "price": "0.72120000", "time": "2025-07-15T15:38:00.111199Z", "fetched_at": "2025-07-15T15:39:32.304558+00:00", "symbol": "ADA-USD"}, {"trade_id": 143732291, "side": "sell", "size": "1.60000000", "price": "0.72110000", "time": "2025-07-15T15:37:59.267621Z", "fetched_at": "2025-07-15T15:39:32.304558+00:00", "symbol": "ADA-USD"}, {"trade_id": 143732290, "side": "sell", "size": "8.87764876", "price": "0.72110000", "time": "2025-07-15T15:37:59.267621Z", "fetched_at": "2025-07-15T15:39:32.304558+00:00", "symbol": "ADA-USD"}, {"trade_id": 143732289, "side": "sell", "size": "41.54215629", "price": "0.72100000", "time": "2025-07-15T15:37:58.489115Z", "fetched_at": "2025-07-15T15:39:32.304558+00:00", "symbol": "ADA-USD"}, {"trade_id": 143732288, "side": "sell", "size": "11.78951300", "price": "0.72100000", "time": "2025-07-15T15:37:49.859406Z", "fetched_at": "2025-07-15T15:39:32.304558+00:00", "symbol": "ADA-USD"}, {"trade_id": 143732287, "side": "sell", "size": "1.60000000", "price": "0.72100000", "time": "2025-07-15T15:37:49.859406Z", "fetched_at": "2025-07-15T15:39:32.304558+00:00", "symbol": "ADA-USD"}, {"trade_id": 143732286, "side": "sell", "size": "269.57064000", "price": "0.72080000", "time": "2025-07-15T15:37:46.044575Z", "fetched_at": "2025-07-15T15:39:32.304558+00:00", "symbol": "ADA-USD"}, {"trade_id": 143732285, "side": "buy", "size": "34.57300241", "price": "0.72080000", "time": "2025-07-15T15:37:43.234813Z", "fetched_at": "2025-07-15T15:39:32.304558+00:00", "symbol": "ADA-USD"}, {"trade_id": 143732284, "side": "buy", "size": "614.42279759", "price": "0.72080000", "time": "2025-07-15T15:37:43.234813Z", "fetched_at": "2025-07-15T15:39:32.304558+00:00", "symbol": "ADA-USD"}, {"trade_id": 143732283, "side": "buy", "size": "13.87347391", "price": "0.72080000", "time": "2025-07-15T15:37:43.037369Z", "fetched_at": "2025-07-15T15:39:32.304558+00:00", "symbol": "ADA-USD"}, {"trade_id": 143732282, "side": "sell", "size": "1.60000000", "price": "0.72090000", "time": "2025-07-15T15:37:38.951915Z", "fetched_at": "2025-07-15T15:39:32.304558+00:00", "symbol": "ADA-USD"}, {"trade_id": 143732281, "side": "sell", "size": "3.22652355", "price": "0.72080000", "time": "2025-07-15T15:37:37.816711Z", "fetched_at": "2025-07-15T15:39:32.304558+00:00", "symbol": "ADA-USD"}, {"trade_id": 143732280, "side": "sell", "size": "672.68809300", "price": "0.72080000", "time": "2025-07-15T15:37:36.169328Z", "fetched_at": "2025-07-15T15:39:32.304558+00:00", "symbol": "ADA-USD"}, {"trade_id": 143732279, "side": "sell", "size": "1.60000000", "price": "0.72080000", "time": "2025-07-15T15:37:36.169328Z", "fetched_at": "2025-07-15T15:39:32.304558+00:00", "symbol": "ADA-USD"}, {"trade_id": 143732278, "side": "sell", "size": "44.20440475", "price": "0.72070000", "time": "2025-07-15T15:37:35.881140Z", "fetched_at": "2025-07-15T15:39:32.304558+00:00", "symbol": "ADA-USD"}, {"trade_id": 143732277, "side": "sell", "size": "1.60000000", "price": "0.72070000", "time": "2025-07-15T15:37:35.881140Z", "fetched_at": "2025-07-15T15:39:32.304558+00:00", "symbol": "ADA-USD"}, {"trade_id": 143732276, "side": "sell", "size": "70.43453412", "price": "0.72070000", "time": "2025-07-15T15:37:35.881140Z", "fetched_at": "2025-07-15T15:39:32.304558+00:00", "symbol": "ADA-USD"}, {"trade_id": 143732275, "side": "sell", "size": "6.74562900", "price": "0.72070000", "time": "2025-07-15T15:37:33.898576Z", "fetched_at": "2025-07-15T15:39:32.304558+00:00", "symbol": "ADA-USD"}, {"trade_id": 143732274, "side": "sell", "size": "36.70258059", "price": "0.72060000", "time": "2025-07-15T15:37:32.865547Z", "fetched_at": "2025-07-15T15:39:32.304558+00:00", "symbol": "ADA-USD"}, {"trade_id": 143732273, "side": "sell", "size": "904.36961559", "price": "0.72060000", "time": "2025-07-15T15:37:32.849635Z", "fetched_at": "2025-07-15T15:39:32.304558+00:00", "symbol": "ADA-USD"}, {"trade_id": 143732272, "side": "buy", "size": "442.22791395", "price": "0.72030000", "time": "2025-07-15T15:37:28.367469Z", "fetched_at": "2025-07-15T15:39:32.304558+00:00", "symbol": "ADA-USD"}, {"trade_id": 143732271, "side": "buy", "size": "1691.83078000", "price": "0.72030000", "time": "2025-07-15T15:37:28.367469Z", "fetched_at": "2025-07-15T15:39:32.304558+00:00", "symbol": "ADA-USD"}, {"trade_id": 143732270, "side": "buy", "size": "831.80392669", "price": "0.72030000", "time": "2025-07-15T15:37:28.367469Z", "fetched_at": "2025-07-15T15:39:32.304558+00:00", "symbol": "ADA-USD"}, {"trade_id": 143732269, "side": "buy", "size": "901.27071093", "price": "0.72040000", "time": "2025-07-15T15:37:28.367469Z", "fetched_at": "2025-07-15T15:39:32.304558+00:00", "symbol": "ADA-USD"}, {"trade_id": 143732268, "side": "buy", "size": "599.77847160", "price": "0.72040000", "time": "2025-07-15T15:37:28.367469Z", "fetched_at": "2025-07-15T15:39:32.304558+00:00", "symbol": "ADA-USD"}, {"trade_id": 143732267, "side": "buy", "size": "831.80392669", "price": "0.72040000", "time": "2025-07-15T15:37:28.367469Z", "fetched_at": "2025-07-15T15:39:32.304558+00:00", "symbol": "ADA-USD"}, {"trade_id": 143732266, "side": "buy", "size": "649.98296738", "price": "0.72040000", "time": "2025-07-15T15:37:28.367469Z", "fetched_at": "2025-07-15T15:39:32.304558+00:00", "symbol": "ADA-USD"}, {"trade_id": 143732265, "side": "buy", "size": "988.03826169", "price": "0.72040000", "time": "2025-07-15T15:37:28.367469Z", "fetched_at": "2025-07-15T15:39:32.304558+00:00", "symbol": "ADA-USD"}, {"trade_id": 143732264, "side": "sell", "size": "97.90478701", "price": "0.72070000", "time": "2025-07-15T15:37:26.161941Z", "fetched_at": "2025-07-15T15:39:32.304558+00:00", "symbol": "ADA-USD"}, {"trade_id": 143732263, "side": "sell", "size": "1.60000000", "price": "0.72070000", "time": "2025-07-15T15:37:26.161941Z", "fetched_at": "2025-07-15T15:39:32.304558+00:00", "symbol": "ADA-USD"}, {"trade_id": 143732262, "side": "sell", "size": "1.60000000", "price": "0.72060000", "time": "2025-07-15T15:37:25.921404Z", "fetched_at": "2025-07-15T15:39:32.304558+00:00", "symbol": "ADA-USD"}, {"trade_id": 143732261, "side": "sell", "size": "13.27484045", "price": "0.72050000", "time": "2025-07-15T15:37:25.268581Z", "fetched_at": "2025-07-15T15:39:32.304558+00:00", "symbol": "ADA-USD"}, {"trade_id": 143732260, "side": "sell", "size": "336.49706000", "price": "0.72050000", "time": "2025-07-15T15:37:20.048966Z", "fetched_at": "2025-07-15T15:39:32.304558+00:00", "symbol": "ADA-USD"}, {"trade_id": 143732259, "side": "sell", "size": "821.77142975", "price": "0.72050000", "time": "2025-07-15T15:37:16.051294Z", "fetched_at": "2025-07-15T15:39:32.304558+00:00", "symbol": "ADA-USD"}, {"trade_id": 143732258, "side": "sell", "size": "3549.89255769", "price": "0.72050000", "time": "2025-07-15T15:37:16.050640Z", "fetched_at": "2025-07-15T15:39:32.304558+00:00", "symbol": "ADA-USD"}, {"trade_id": 143732257, "side": "sell", "size": "1.60000000", "price": "0.72050000", "time": "2025-07-15T15:37:16.050640Z", "fetched_at": "2025-07-15T15:39:32.304558+00:00", "symbol": "ADA-USD"}, {"trade_id": 143732256, "side": "buy", "size": "141.32762313", "price": "0.72040000", "time": "2025-07-15T15:37:14.239029Z", "fetched_at": "2025-07-15T15:39:32.304558+00:00", "symbol": "ADA-USD"}, {"trade_id": 143732255, "side": "sell", "size": "1.94187676", "price": "0.72040000", "time": "2025-07-15T15:37:14.007585Z", "fetched_at": "2025-07-15T15:39:32.304558+00:00", "symbol": "ADA-USD"}, {"trade_id": 143732254, "side": "sell", "size": "1.60000000", "price": "0.72040000", "time": "2025-07-15T15:37:14.007585Z", "fetched_at": "2025-07-15T15:39:32.304558+00:00", "symbol": "ADA-USD"}, {"trade_id": 143732253, "side": "sell", "size": "36.85566324", "price": "0.72030000", "time": "2025-07-15T15:37:13.106558Z", "fetched_at": "2025-07-15T15:39:32.304558+00:00", "symbol": "ADA-USD"}, {"trade_id": 143732252, "side": "sell", "size": "1.60000000", "price": "0.72030000", "time": "2025-07-15T15:37:13.106558Z", "fetched_at": "2025-07-15T15:39:32.304558+00:00", "symbol": "ADA-USD"}, {"trade_id": 143732251, "side": "sell", "size": "716.71989965", "price": "0.72020000", "time": "2025-07-15T15:37:11.706629Z", "fetched_at": "2025-07-15T15:39:32.304558+00:00", "symbol": "ADA-USD"}, {"trade_id": 143732250, "side": "sell", "size": "1.60000000", "price": "0.72020000", "time": "2025-07-15T15:37:11.706629Z", "fetched_at": "2025-07-15T15:39:32.304558+00:00", "symbol": "ADA-USD"}, {"trade_id": 143732249, "side": "sell", "size": "727.65221208", "price": "0.72000000", "time": "2025-07-15T15:37:10.300910Z", "fetched_at": "2025-07-15T15:39:32.304558+00:00", "symbol": "ADA-USD"}, {"trade_id": 143732248, "side": "sell", "size": "261.28174561", "price": "0.72000000", "time": "2025-07-15T15:37:10.299138Z", "fetched_at": "2025-07-15T15:39:32.304558+00:00", "symbol": "ADA-USD"}, {"trade_id": 143732247, "side": "sell", "size": "727.65221208", "price": "0.72000000", "time": "2025-07-15T15:37:10.290374Z", "fetched_at": "2025-07-15T15:39:32.304558+00:00", "symbol": "ADA-USD"}, {"trade_id": 143732246, "side": "buy", "size": "1.70367400", "price": "0.71990000", "time": "2025-07-15T15:37:09.830332Z", "fetched_at": "2025-07-15T15:39:32.304558+00:00", "symbol": "ADA-USD"}, {"trade_id": 143732245, "side": "sell", "size": "143.26973881", "price": "0.72000000", "time": "2025-07-15T15:37:08.947451Z", "fetched_at": "2025-07-15T15:39:32.304558+00:00", "symbol": "ADA-USD"}, {"trade_id": 143732244, "side": "sell", "size": "832.26913188", "price": "0.72000000", "time": "2025-07-15T15:37:08.936224Z", "fetched_at": "2025-07-15T15:39:32.304558+00:00", "symbol": "ADA-USD"}, {"trade_id": 143732243, "side": "sell", "size": "13.39508700", "price": "0.72000000", "time": "2025-07-15T15:37:08.880216Z", "fetched_at": "2025-07-15T15:39:32.304558+00:00", "symbol": "ADA-USD"}, {"trade_id": 143732242, "side": "sell", "size": "988.93395769", "price": "0.72000000", "time": "2025-07-15T15:37:08.870412Z", "fetched_at": "2025-07-15T15:39:32.304558+00:00", "symbol": "ADA-USD"}, {"trade_id": 143732241, "side": "sell", "size": "1.60000000", "price": "0.72000000", "time": "2025-07-15T15:37:08.870412Z", "fetched_at": "2025-07-15T15:39:32.304558+00:00", "symbol": "ADA-USD"}, {"trade_id": 143732240, "side": "sell", "size": "988.65794263", "price": "0.71990000", "time": "2025-07-15T15:37:08.661555Z", "fetched_at": "2025-07-15T15:39:32.304558+00:00", "symbol": "ADA-USD"}, {"trade_id": 143732239, "side": "sell", "size": "14.11269789", "price": "0.71990000", "time": "2025-07-15T15:37:08.651563Z", "fetched_at": "2025-07-15T15:39:32.304558+00:00", "symbol": "ADA-USD"}, {"trade_id": 143732238, "side": "sell", "size": "988.65794263", "price": "0.71990000", "time": "2025-07-15T15:37:08.651563Z", "fetched_at": "2025-07-15T15:39:32.304558+00:00", "symbol": "ADA-USD"}, {"trade_id": 143732237, "side": "sell", "size": "31.75357025", "price": "0.71990000", "time": "2025-07-15T15:37:08.651563Z", "fetched_at": "2025-07-15T15:39:32.304558+00:00", "symbol": "ADA-USD"}, {"trade_id": 143732236, "side": "buy", "size": "45.28344668", "price": "0.71970000", "time": "2025-07-15T15:37:08.138328Z", "fetched_at": "2025-07-15T15:39:32.304558+00:00", "symbol": "ADA-USD"}, {"trade_id": 143732235, "side": "buy", "size": "1.60000000", "price": "0.71970000", "time": "2025-07-15T15:37:08.138328Z", "fetched_at": "2025-07-15T15:39:32.304558+00:00", "symbol": "ADA-USD"}, {"trade_id": 143732234, "side": "buy", "size": "39.68755192", "price": "0.71980000", "time": "2025-07-15T15:37:07.282239Z", "fetched_at": "2025-07-15T15:39:32.304558+00:00", "symbol": "ADA-USD"}, {"trade_id": 143732233, "side": "buy", "size": "1.60000000", "price": "0.71980000", "time": "2025-07-15T15:37:07.282239Z", "fetched_at": "2025-07-15T15:39:32.304558+00:00", "symbol": "ADA-USD"}, {"trade_id": 143732232, "side": "buy", "size": "45.68741278", "price": "0.71990000", "time": "2025-07-15T15:37:06.537215Z", "fetched_at": "2025-07-15T15:39:32.304558+00:00", "symbol": "ADA-USD"}, {"trade_id": 143732231, "side": "buy", "size": "48.10611000", "price": "0.71990000", "time": "2025-07-15T15:37:06.273409Z", "fetched_at": "2025-07-15T15:39:32.304558+00:00", "symbol": "ADA-USD"}, {"trade_id": 143732230, "side": "sell", "size": "57.26343411", "price": "0.72000000", "time": "2025-07-15T15:37:03.888981Z", "fetched_at": "2025-07-15T15:39:32.304558+00:00", "symbol": "ADA-USD"}, {"trade_id": 143732229, "side": "sell", "size": "42.33809366", "price": "0.72000000", "time": "2025-07-15T15:37:03.888981Z", "fetched_at": "2025-07-15T15:39:32.304558+00:00", "symbol": "ADA-USD"}, {"trade_id": 143732228, "side": "buy", "size": "52.93193935", "price": "0.71990000", "time": "2025-07-15T15:37:03.580898Z", "fetched_at": "2025-07-15T15:39:32.304558+00:00", "symbol": "ADA-USD"}, {"trade_id": 143732227, "side": "buy", "size": "1.60000000", "price": "0.71990000", "time": "2025-07-15T15:37:03.580898Z", "fetched_at": "2025-07-15T15:39:32.304558+00:00", "symbol": "ADA-USD"}, {"trade_id": 143732226, "side": "buy", "size": "54.94881002", "price": "0.72010000", "time": "2025-07-15T15:37:02.870570Z", "fetched_at": "2025-07-15T15:39:32.304558+00:00", "symbol": "ADA-USD"}, {"trade_id": 143732225, "side": "buy", "size": "54.94881000", "price": "0.72010000", "time": "2025-07-15T15:37:02.840860Z", "fetched_at": "2025-07-15T15:39:32.304558+00:00", "symbol": "ADA-USD"}, {"trade_id": 143732224, "side": "buy", "size": "1.60000000", "price": "0.72000000", "time": "2025-07-15T15:37:02.084635Z", "fetched_at": "2025-07-15T15:39:32.304558+00:00", "symbol": "ADA-USD"}, {"trade_id": 143732223, "side": "buy", "size": "1.60000000", "price": "0.72010000", "time": "2025-07-15T15:37:01.860383Z", "fetched_at": "2025-07-15T15:39:32.304558+00:00", "symbol": "ADA-USD"}, {"trade_id": 143732222, "side": "buy", "size": "1.60000000", "price": "0.72020000", "time": "2025-07-15T15:37:01.741003Z", "fetched_at": "2025-07-15T15:39:32.304558+00:00", "symbol": "ADA-USD"}, {"trade_id": 143732221, "side": "buy", "size": "0.00002872", "price": "0.72030000", "time": "2025-07-15T15:37:01.696617Z", "fetched_at": "2025-07-15T15:39:32.304558+00:00", "symbol": "ADA-USD"}, {"trade_id": 143732220, "side": "buy", "size": "19.18880000", "price": "0.72030000", "time": "2025-07-15T15:37:01.696596Z", "fetched_at": "2025-07-15T15:39:32.304558+00:00", "symbol": "ADA-USD"}, {"trade_id": 143732219, "side": "buy", "size": "58.67620000", "price": "0.72030000", "time": "2025-07-15T15:37:01.696364Z", "fetched_at": "2025-07-15T15:39:32.304558+00:00", "symbol": "ADA-USD"}, {"trade_id": 143732218, "side": "sell", "size": "1.37385500", "price": "0.72040000", "time": "2025-07-15T15:37:01.629291Z", "fetched_at": "2025-07-15T15:39:32.304558+00:00", "symbol": "ADA-USD"}, {"trade_id": 143732217, "side": "buy", "size": "77.85422014", "price": "0.72040000", "time": "2025-07-15T15:37:01.622067Z", "fetched_at": "2025-07-15T15:39:32.304558+00:00", "symbol": "ADA-USD"}, {"trade_id": 143732216, "side": "buy", "size": "5773.32241104", "price": "0.72040000", "time": "2025-07-15T15:37:01.622067Z", "fetched_at": "2025-07-15T15:39:32.304558+00:00", "symbol": "ADA-USD"}, {"trade_id": 143732215, "side": "sell", "size": "6.85777042", "price": "0.72050000", "time": "2025-07-15T15:37:01.378087Z", "fetched_at": "2025-07-15T15:39:32.304558+00:00", "symbol": "ADA-USD"}, {"trade_id": 143732214, "side": "buy", "size": "2636.69164600", "price": "0.72040000", "time": "2025-07-15T15:37:01.281677Z", "fetched_at": "2025-07-15T15:39:32.304558+00:00", "symbol": "ADA-USD"}, {"trade_id": 143732213, "side": "buy", "size": "81.43143432", "price": "0.72050000", "time": "2025-07-15T15:37:00.177785Z", "fetched_at": "2025-07-15T15:39:32.304558+00:00", "symbol": "ADA-USD"}, {"trade_id": 143732212, "side": "sell", "size": "50.00000000", "price": "0.72060000", "time": "2025-07-15T15:36:58.264143Z", "fetched_at": "2025-07-15T15:39:32.304558+00:00", "symbol": "ADA-USD"}, {"trade_id": 143732211, "side": "buy", "size": "999.99999868", "price": "0.72040000", "time": "2025-07-15T15:36:56.272931Z", "fetched_at": "2025-07-15T15:39:32.304558+00:00", "symbol": "ADA-USD"}, {"trade_id": 143732210, "side": "buy", "size": "0.00000132", "price": "0.72050000", "time": "2025-07-15T15:36:56.272931Z", "fetched_at": "2025-07-15T15:39:32.304558+00:00", "symbol": "ADA-USD"}, {"trade_id": 143732209, "side": "buy", "size": "100.70913000", "price": "0.72050000", "time": "2025-07-15T15:36:55.619052Z", "fetched_at": "2025-07-15T15:39:32.304558+00:00", "symbol": "ADA-USD"}, {"trade_id": 143732208, "side": "buy", "size": "4468.27336361", "price": "0.72040000", "time": "2025-07-15T15:36:53.180395Z", "fetched_at": "2025-07-15T15:39:32.304558+00:00", "symbol": "ADA-USD"}, {"trade_id": 143732207, "side": "buy", "size": "51.00306000", "price": "0.72050000", "time": "2025-07-15T15:36:53.180395Z", "fetched_at": "2025-07-15T15:39:32.304558+00:00", "symbol": "ADA-USD"}, {"trade_id": 143732206, "side": "buy", "size": "612.92115207", "price": "0.72050000", "time": "2025-07-15T15:36:53.180395Z", "fetched_at": "2025-07-15T15:39:32.304558+00:00", "symbol": "ADA-USD"}, {"trade_id": 143732205, "side": "buy", "size": "100.70913132", "price": "0.72050000", "time": "2025-07-15T15:36:53.180395Z", "fetched_at": "2025-07-15T15:39:32.304558+00:00", "symbol": "ADA-USD"}, {"trade_id": 143732204, "side": "sell", "size": "551.30382070", "price": "0.72060000", "time": "2025-07-15T15:36:52.787511Z", "fetched_at": "2025-07-15T15:39:32.304558+00:00", "symbol": "ADA-USD"}, {"trade_id": 143732203, "side": "sell", "size": "3.36725037", "price": "0.72060000", "time": "2025-07-15T15:36:46.602652Z", "fetched_at": "2025-07-15T15:39:32.304558+00:00", "symbol": "ADA-USD"}, {"trade_id": 143732202, "side": "sell", "size": "1.60000000", "price": "0.72060000", "time": "2025-07-15T15:36:46.602652Z", "fetched_at": "2025-07-15T15:39:32.304558+00:00", "symbol": "ADA-USD"}, {"trade_id": 143732201, "side": "sell", "size": "50.00221063", "price": "0.72060000", "time": "2025-07-15T15:36:46.602652Z", "fetched_at": "2025-07-15T15:39:32.304558+00:00", "symbol": "ADA-USD"}, {"trade_id": 143732200, "side": "sell", "size": "6.52853000", "price": "0.72050000", "time": "2025-07-15T15:36:46.423003Z", "fetched_at": "2025-07-15T15:39:32.304558+00:00", "symbol": "ADA-USD"}, {"trade_id": 143732199, "side": "sell", "size": "13.39508700", "price": "0.72050000", "time": "2025-07-15T15:36:46.396130Z", "fetched_at": "2025-07-15T15:39:32.304558+00:00", "symbol": "ADA-USD"}, {"trade_id": 143732198, "side": "sell", "size": "6.52671800", "price": "0.72050000", "time": "2025-07-15T15:36:45.784568Z", "fetched_at": "2025-07-15T15:39:32.304558+00:00", "symbol": "ADA-USD"}, {"trade_id": 143732197, "side": "sell", "size": "24.07009021", "price": "0.72050000", "time": "2025-07-15T15:36:45.272323Z", "fetched_at": "2025-07-15T15:39:32.304558+00:00", "symbol": "ADA-USD"}, {"trade_id": 143732196, "side": "buy", "size": "27.56680908", "price": "0.72040000", "time": "2025-07-15T15:36:45.202602Z", "fetched_at": "2025-07-15T15:39:32.304558+00:00", "symbol": "ADA-USD"}, {"trade_id": 143732195, "side": "buy", "size": "40.27579092", "price": "0.72040000", "time": "2025-07-15T15:36:45.202602Z", "fetched_at": "2025-07-15T15:39:32.304558+00:00", "symbol": "ADA-USD"}, {"trade_id": 143732194, "side": "buy", "size": "94.57676320", "price": "0.72010000", "time": "2025-07-15T15:36:44.347922Z", "fetched_at": "2025-07-15T15:39:32.304558+00:00", "symbol": "ADA-USD"}, {"trade_id": 143732193, "side": "buy", "size": "567.00000000", "price": "0.72010000", "time": "2025-07-15T15:36:44.347922Z", "fetched_at": "2025-07-15T15:39:32.304558+00:00", "symbol": "ADA-USD"}, {"trade_id": 143732192, "side": "buy", "size": "111.91890482", "price": "0.72020000", "time": "2025-07-15T15:36:44.347922Z", "fetched_at": "2025-07-15T15:39:32.304558+00:00", "symbol": "ADA-USD"}, {"trade_id": 143732191, "side": "buy", "size": "641.50433198", "price": "0.72020000", "time": "2025-07-15T15:36:44.347922Z", "fetched_at": "2025-07-15T15:39:32.304558+00:00", "symbol": "ADA-USD"}, {"trade_id": 143732190, "side": "buy", "size": "111.90336700", "price": "0.72030000", "time": "2025-07-15T15:36:44.295367Z", "fetched_at": "2025-07-15T15:39:32.304558+00:00", "symbol": "ADA-USD"}, {"trade_id": 143732189, "side": "sell", "size": "6.58167900", "price": "0.72030000", "time": "2025-07-15T15:36:43.926223Z", "fetched_at": "2025-07-15T15:39:32.304558+00:00", "symbol": "ADA-USD"}, {"trade_id": 143732188, "side": "sell", "size": "6.86927600", "price": "0.72030000", "time": "2025-07-15T15:36:42.965239Z", "fetched_at": "2025-07-15T15:39:32.304558+00:00", "symbol": "ADA-USD"}, {"trade_id": 143732187, "side": "buy", "size": "49.21740289", "price": "0.72030000", "time": "2025-07-15T15:36:41.826422Z", "fetched_at": "2025-07-15T15:39:32.304558+00:00", "symbol": "ADA-USD"}, {"trade_id": 143732186, "side": "buy", "size": "0.00000664", "price": "0.72040000", "time": "2025-07-15T15:36:41.824348Z", "fetched_at": "2025-07-15T15:39:32.304558+00:00", "symbol": "ADA-USD"}, {"trade_id": 143732185, "side": "buy", "size": "170.13818000", "price": "0.72040000", "time": "2025-07-15T15:36:41.782973Z", "fetched_at": "2025-07-15T15:39:32.304558+00:00", "symbol": "ADA-USD"}, {"trade_id": 143732184, "side": "sell", "size": "26.31941200", "price": "0.72050000", "time": "2025-07-15T15:36:41.782539Z", "fetched_at": "2025-07-15T15:39:32.304558+00:00", "symbol": "ADA-USD"}, {"trade_id": 143732183, "side": "buy", "size": "324.28894889", "price": "0.72040000", "time": "2025-07-15T15:36:41.662029Z", "fetched_at": "2025-07-15T15:39:32.304558+00:00", "symbol": "ADA-USD"}, {"trade_id": 143732182, "side": "buy", "size": "175.71105111", "price": "0.72040000", "time": "2025-07-15T15:36:41.662029Z", "fetched_at": "2025-07-15T15:39:32.304558+00:00", "symbol": "ADA-USD"}, {"trade_id": 143732181, "side": "buy", "size": "96.20198434", "price": "0.72040000", "time": "2025-07-15T15:36:37.796267Z", "fetched_at": "2025-07-15T15:39:32.304558+00:00", "symbol": "ADA-USD"}, {"trade_id": 143732180, "side": "buy", "size": "67.84260000", "price": "0.72040000", "time": "2025-07-15T15:36:37.792899Z", "fetched_at": "2025-07-15T15:39:32.304558+00:00", "symbol": "ADA-USD"}, {"trade_id": 143732179, "side": "sell", "size": "9.62099100", "price": "0.72050000", "time": "2025-07-15T15:36:37.437544Z", "fetched_at": "2025-07-15T15:39:32.304558+00:00", "symbol": "ADA-USD"}, {"trade_id": 143732178, "side": "sell", "size": "20.96635653", "price": "0.72040000", "time": "2025-07-15T15:36:37.157235Z", "fetched_at": "2025-07-15T15:39:32.304558+00:00", "symbol": "ADA-USD"}, {"trade_id": 143732177, "side": "sell", "size": "46.87624347", "price": "0.72040000", "time": "2025-07-15T15:36:37.157235Z", "fetched_at": "2025-07-15T15:39:32.304558+00:00", "symbol": "ADA-USD"}, {"trade_id": 143732176, "side": "buy", "size": "0.00000885", "price": "0.72050000", "time": "2025-07-15T15:36:36.416156Z", "fetched_at": "2025-07-15T15:39:32.304558+00:00", "symbol": "ADA-USD"}, {"trade_id": 143732175, "side": "buy", "size": "172.00605000", "price": "0.72050000", "time": "2025-07-15T15:36:36.412270Z", "fetched_at": "2025-07-15T15:39:32.304558+00:00", "symbol": "ADA-USD"}, {"trade_id": 143732174, "side": "sell", "size": "1.60000000", "price": "0.72050000", "time": "2025-07-15T15:36:34.743998Z", "fetched_at": "2025-07-15T15:39:32.304558+00:00", "symbol": "ADA-USD"}, {"trade_id": 143732173, "side": "buy", "size": "99.97607926", "price": "0.72030000", "time": "2025-07-15T15:36:34.129718Z", "fetched_at": "2025-07-15T15:39:32.304558+00:00", "symbol": "ADA-USD"}, {"trade_id": 143732172, "side": "buy", "size": "567.00000000", "price": "0.72030000", "time": "2025-07-15T15:36:34.129718Z", "fetched_at": "2025-07-15T15:39:32.304558+00:00", "symbol": "ADA-USD"}, {"trade_id": 143732171, "side": "buy", "size": "48.88307416", "price": "0.72030000", "time": "2025-07-15T15:36:34.129718Z", "fetched_at": "2025-07-15T15:39:32.304558+00:00", "symbol": "ADA-USD"}, {"trade_id": 143732170, "side": "buy", "size": "49.99778936", "price": "0.72030000", "time": "2025-07-15T15:36:34.129718Z", "fetched_at": "2025-07-15T15:39:32.304558+00:00", "symbol": "ADA-USD"}, {"trade_id": 143732169, "side": "buy", "size": "234.14305722", "price": "0.72040000", "time": "2025-07-15T15:36:34.129718Z", "fetched_at": "2025-07-15T15:39:32.304558+00:00", "symbol": "ADA-USD"}, {"trade_id": 143732168, "side": "sell", "size": "500.00000000", "price": "0.72030000", "time": "2025-07-15T15:36:33.541481Z", "fetched_at": "2025-07-15T15:39:32.304558+00:00", "symbol": "ADA-USD"}, {"trade_id": 143732167, "side": "buy", "size": "428.45005529", "price": "0.72010000", "time": "2025-07-15T15:36:29.736802Z", "fetched_at": "2025-07-15T15:39:32.304558+00:00", "symbol": "ADA-USD"}, {"trade_id": 143732166, "side": "buy", "size": "1.60000000", "price": "0.72010000", "time": "2025-07-15T15:36:29.736802Z", "fetched_at": "2025-07-15T15:39:32.304558+00:00", "symbol": "ADA-USD"}, {"trade_id": 143732165, "side": "buy", "size": "46.92957480", "price": "0.72020000", "time": "2025-07-15T15:36:29.736802Z", "fetched_at": "2025-07-15T15:39:32.304558+00:00", "symbol": "ADA-USD"}, {"trade_id": 143732164, "side": "buy", "size": "1.60000000", "price": "0.72020000", "time": "2025-07-15T15:36:29.736802Z", "fetched_at": "2025-07-15T15:39:32.304558+00:00", "symbol": "ADA-USD"}, {"trade_id": 143732163, "side": "buy", "size": "286.58415327", "price": "0.72030000", "time": "2025-07-15T15:36:29.736802Z", "fetched_at": "2025-07-15T15:39:32.304558+00:00", "symbol": "ADA-USD"}, {"trade_id": 143732162, "side": "buy", "size": "629.27444264", "price": "0.72030000", "time": "2025-07-15T15:36:29.736802Z", "fetched_at": "2025-07-15T15:39:32.304558+00:00", "symbol": "ADA-USD"}, {"trade_id": 143732161, "side": "sell", "size": "281.18193680", "price": "0.72030000", "time": "2025-07-15T15:36:28.867541Z", "fetched_at": "2025-07-15T15:39:32.304558+00:00", "symbol": "ADA-USD"}, {"trade_id": 143732160, "side": "sell", "size": "171.65322681", "price": "0.72030000", "time": "2025-07-15T15:36:28.857382Z", "fetched_at": "2025-07-15T15:39:32.304558+00:00", "symbol": "ADA-USD"}, {"trade_id": 143732159, "side": "buy", "size": "354.18999453", "price": "0.72030000", "time": "2025-07-15T15:36:27.703070Z", "fetched_at": "2025-07-15T15:39:32.304558+00:00", "symbol": "ADA-USD"}, {"trade_id": 143732158, "side": "buy", "size": "1.60000000", "price": "0.72030000", "time": "2025-07-15T15:36:27.703070Z", "fetched_at": "2025-07-15T15:39:32.304558+00:00", "symbol": "ADA-USD"}, {"trade_id": 143732157, "side": "buy", "size": "1.60000000", "price": "0.72040000", "time": "2025-07-15T15:36:27.605042Z", "fetched_at": "2025-07-15T15:39:32.304558+00:00", "symbol": "ADA-USD"}, {"trade_id": 143732156, "side": "buy", "size": "0.00000205", "price": "0.72060000", "time": "2025-07-15T15:36:27.605042Z", "fetched_at": "2025-07-15T15:39:32.304558+00:00", "symbol": "ADA-USD"}, {"trade_id": 143732155, "side": "buy", "size": "233.37708000", "price": "0.72060000", "time": "2025-07-15T15:36:26.215264Z", "fetched_at": "2025-07-15T15:39:32.304558+00:00", "symbol": "ADA-USD"}, {"trade_id": 143732154, "side": "buy", "size": "500.00000000", "price": "0.72060000", "time": "2025-07-15T15:36:26.215019Z", "fetched_at": "2025-07-15T15:39:32.304558+00:00", "symbol": "ADA-USD"}, {"trade_id": 143732153, "side": "buy", "size": "67.84260000", "price": "0.72060000", "time": "2025-07-15T15:36:26.178949Z", "fetched_at": "2025-07-15T15:39:32.304558+00:00", "symbol": "ADA-USD"}, {"trade_id": 143732152, "side": "buy", "size": "67.84260000", "price": "0.72060000", "time": "2025-07-15T15:36:23.745138Z", "fetched_at": "2025-07-15T15:39:32.304558+00:00", "symbol": "ADA-USD"}, {"trade_id": 143732151, "side": "buy", "size": "67.84260000", "price": "0.72060000", "time": "2025-07-15T15:36:21.701152Z", "fetched_at": "2025-07-15T15:39:32.304558+00:00", "symbol": "ADA-USD"}, {"trade_id": 143732150, "side": "buy", "size": "58.87480152", "price": "0.72050000", "time": "2025-07-15T15:36:21.111961Z", "fetched_at": "2025-07-15T15:39:32.304558+00:00", "symbol": "ADA-USD"}, {"trade_id": 143732149, "side": "buy", "size": "1.60000000", "price": "0.72050000", "time": "2025-07-15T15:36:21.111961Z", "fetched_at": "2025-07-15T15:39:32.304558+00:00", "symbol": "ADA-USD"}, {"trade_id": 143732148, "side": "buy", "size": "0.00000148", "price": "0.72070000", "time": "2025-07-15T15:36:21.111961Z", "fetched_at": "2025-07-15T15:39:32.304558+00:00", "symbol": "ADA-USD"}, {"trade_id": 143732147, "side": "buy", "size": "418.97261000", "price": "0.72070000", "time": "2025-07-15T15:36:20.886903Z", "fetched_at": "2025-07-15T15:39:32.304558+00:00", "symbol": "ADA-USD"}, {"trade_id": 143732146, "side": "buy", "size": "1209.91380163", "price": "0.72070000", "time": "2025-07-15T15:36:17.582282Z", "fetched_at": "2025-07-15T15:39:32.304558+00:00", "symbol": "ADA-USD"}, {"trade_id": 143732145, "side": "buy", "size": "1258.90007773", "price": "0.72080000", "time": "2025-07-15T15:36:17.332758Z", "fetched_at": "2025-07-15T15:39:32.304558+00:00", "symbol": "ADA-USD"}, {"trade_id": 143732144, "side": "sell", "size": "1333.50249255", "price": "0.72090000", "time": "2025-07-15T15:36:14.605934Z", "fetched_at": "2025-07-15T15:39:32.304558+00:00", "symbol": "ADA-USD"}, {"trade_id": 143732143, "side": "sell", "size": "1.60000000", "price": "0.72090000", "time": "2025-07-15T15:36:14.605934Z", "fetched_at": "2025-07-15T15:39:32.304558+00:00", "symbol": "ADA-USD"}, {"trade_id": 143732142, "side": "buy", "size": "999.78890000", "price": "0.72060000", "time": "2025-07-15T15:36:11.615924Z", "fetched_at": "2025-07-15T15:39:32.304558+00:00", "symbol": "ADA-USD"}, {"trade_id": 143732141, "side": "buy", "size": "10.05652200", "price": "0.72060000", "time": "2025-07-15T15:36:10.664374Z", "fetched_at": "2025-07-15T15:39:32.304558+00:00", "symbol": "ADA-USD"}, {"trade_id": 143732140, "side": "sell", "size": "11.94717200", "price": "0.72070000", "time": "2025-07-15T15:36:08.351704Z", "fetched_at": "2025-07-15T15:39:32.304558+00:00", "symbol": "ADA-USD"}, {"trade_id": 143732139, "side": "sell", "size": "343.05492653", "price": "0.72080000", "time": "2025-07-15T15:36:05.357163Z", "fetched_at": "2025-07-15T15:39:32.304558+00:00", "symbol": "ADA-USD"}, {"trade_id": 143732138, "side": "sell", "size": "1647.46508133", "price": "0.72080000", "time": "2025-07-15T15:36:03.705852Z", "fetched_at": "2025-07-15T15:39:32.304558+00:00", "symbol": "ADA-USD"}, {"trade_id": 143732137, "side": "sell", "size": "566.06840916", "price": "0.72080000", "time": "2025-07-15T15:36:03.704582Z", "fetched_at": "2025-07-15T15:39:32.304558+00:00", "symbol": "ADA-USD"}, {"trade_id": 143732136, "side": "sell", "size": "49.40306000", "price": "0.72080000", "time": "2025-07-15T15:36:03.389122Z", "fetched_at": "2025-07-15T15:39:32.304558+00:00", "symbol": "ADA-USD"}, {"trade_id": 143732135, "side": "sell", "size": "1.60000000", "price": "0.72080000", "time": "2025-07-15T15:36:03.389122Z", "fetched_at": "2025-07-15T15:39:32.304558+00:00", "symbol": "ADA-USD"}, {"trade_id": 143732134, "side": "sell", "size": "101.85688506", "price": "0.72070000", "time": "2025-07-15T15:36:02.091418Z", "fetched_at": "2025-07-15T15:39:32.304558+00:00", "symbol": "ADA-USD"}, {"trade_id": 143732133, "side": "sell", "size": "2161.07972208", "price": "0.72070000", "time": "2025-07-15T15:36:02.082389Z", "fetched_at": "2025-07-15T15:39:32.304558+00:00", "symbol": "ADA-USD"}, {"trade_id": 143732132, "side": "sell", "size": "1.60000000", "price": "0.72070000", "time": "2025-07-15T15:36:02.082389Z", "fetched_at": "2025-07-15T15:39:32.304558+00:00", "symbol": "ADA-USD"}, {"trade_id": 143732131, "side": "buy", "size": "86.11961000", "price": "0.72050000", "time": "2025-07-15T15:36:01.644894Z", "fetched_at": "2025-07-15T15:39:32.304558+00:00", "symbol": "ADA-USD"}, {"trade_id": 143732130, "side": "buy", "size": "109.49058000", "price": "0.72030000", "time": "2025-07-15T15:36:01.018178Z", "fetched_at": "2025-07-15T15:39:32.304558+00:00", "symbol": "ADA-USD"}, {"trade_id": 143732129, "side": "buy", "size": "17.77718700", "price": "0.72020000", "time": "2025-07-15T15:35:59.280552Z", "fetched_at": "2025-07-15T15:39:32.304558+00:00", "symbol": "ADA-USD"}, {"trade_id": 143732128, "side": "buy", "size": "51.00306000", "price": "0.72020000", "time": "2025-07-15T15:35:58.548071Z", "fetched_at": "2025-07-15T15:39:32.304558+00:00", "symbol": "ADA-USD"}, {"trade_id": 143732127, "side": "buy", "size": "49.40306000", "price": "0.72020000", "time": "2025-07-15T15:35:58.541704Z", "fetched_at": "2025-07-15T15:39:32.304558+00:00", "symbol": "ADA-USD"}, {"trade_id": 143732126, "side": "buy", "size": "1.60000000", "price": "0.72020000", "time": "2025-07-15T15:35:58.541704Z", "fetched_at": "2025-07-15T15:39:32.304558+00:00", "symbol": "ADA-USD"}, {"trade_id": 143732125, "side": "buy", "size": "127.41265513", "price": "0.72030000", "time": "2025-07-15T15:35:58.158360Z", "fetched_at": "2025-07-15T15:39:32.304558+00:00", "symbol": "ADA-USD"}, {"trade_id": 143732124, "side": "buy", "size": "1.60000000", "price": "0.72030000", "time": "2025-07-15T15:35:58.158360Z", "fetched_at": "2025-07-15T15:39:32.304558+00:00", "symbol": "ADA-USD"}, {"trade_id": 143732123, "side": "buy", "size": "0.00000474", "price": "0.72040000", "time": "2025-07-15T15:35:57.656707Z", "fetched_at": "2025-07-15T15:39:32.304558+00:00", "symbol": "ADA-USD"}, {"trade_id": 143732122, "side": "buy", "size": "85.71594000", "price": "0.72040000", "time": "2025-07-15T15:35:57.656329Z", "fetched_at": "2025-07-15T15:39:32.304558+00:00", "symbol": "ADA-USD"}, {"trade_id": 143732121, "side": "buy", "size": "51.00306000", "price": "0.72040000", "time": "2025-07-15T15:35:57.652537Z", "fetched_at": "2025-07-15T15:39:32.304558+00:00", "symbol": "ADA-USD"}, {"trade_id": 143732120, "side": "buy", "size": "166.31043000", "price": "0.72040000", "time": "2025-07-15T15:35:57.140280Z", "fetched_at": "2025-07-15T15:39:32.304558+00:00", "symbol": "ADA-USD"}, {"trade_id": 143732119, "side": "buy", "size": "51.00306000", "price": "0.72040000", "time": "2025-07-15T15:35:56.786477Z", "fetched_at": "2025-07-15T15:39:32.304558+00:00", "symbol": "ADA-USD"}, {"trade_id": 143732118, "side": "buy", "size": "1.60000000", "price": "0.72040000", "time": "2025-07-15T15:35:55.649991Z", "fetched_at": "2025-07-15T15:39:32.304558+00:00", "symbol": "ADA-USD"}, {"trade_id": 143732117, "side": "buy", "size": "0.00000955", "price": "0.72050000", "time": "2025-07-15T15:35:55.649991Z", "fetched_at": "2025-07-15T15:39:32.304558+00:00", "symbol": "ADA-USD"}, {"trade_id": 143732116, "side": "sell", "size": "34.37500000", "price": "0.72060000", "time": "2025-07-15T15:35:55.622851Z", "fetched_at": "2025-07-15T15:39:32.304558+00:00", "symbol": "ADA-USD"}, {"trade_id": 143732115, "side": "sell", "size": "23.58892596", "price": "0.72060000", "time": "2025-07-15T15:35:55.233428Z", "fetched_at": "2025-07-15T15:39:32.304558+00:00", "symbol": "ADA-USD"}, {"trade_id": 143732114, "side": "buy", "size": "230.67518625", "price": "0.72050000", "time": "2025-07-15T15:35:55.160427Z", "fetched_at": "2025-07-15T15:39:32.304558+00:00", "symbol": "ADA-USD"}, {"trade_id": 143732113, "side": "buy", "size": "1.60000000", "price": "0.72050000", "time": "2025-07-15T15:35:55.160427Z", "fetched_at": "2025-07-15T15:39:32.304558+00:00", "symbol": "ADA-USD"}, {"trade_id": 143732112, "side": "buy", "size": "252.55505375", "price": "0.72050000", "time": "2025-07-15T15:35:55.160427Z", "fetched_at": "2025-07-15T15:39:32.304558+00:00", "symbol": "ADA-USD"}, {"trade_id": 143732111, "side": "buy", "size": "291.07170618", "price": "0.72060000", "time": "2025-07-15T15:35:53.842687Z", "fetched_at": "2025-07-15T15:39:32.304558+00:00", "symbol": "ADA-USD"}, {"trade_id": 143732110, "side": "sell", "size": "0.62383700", "price": "0.72070000", "time": "2025-07-15T15:35:53.514179Z", "fetched_at": "2025-07-15T15:39:32.304558+00:00", "symbol": "ADA-USD"}, {"trade_id": 143732109, "side": "sell", "size": "13.40252700", "price": "0.72070000", "time": "2025-07-15T15:35:52.766805Z", "fetched_at": "2025-07-15T15:39:32.304558+00:00", "symbol": "ADA-USD"}, {"trade_id": 143732108, "side": "sell", "size": "40.71228843", "price": "0.72060000", "time": "2025-07-15T15:35:51.648820Z", "fetched_at": "2025-07-15T15:39:32.304558+00:00", "symbol": "ADA-USD"}, {"trade_id": 143732107, "side": "buy", "size": "1674.09100495", "price": "0.72060000", "time": "2025-07-15T15:35:50.822896Z", "fetched_at": "2025-07-15T15:39:32.304558+00:00", "symbol": "ADA-USD"}, {"trade_id": 143732106, "side": "buy", "size": "1.60000000", "price": "0.72060000", "time": "2025-07-15T15:35:50.822896Z", "fetched_at": "2025-07-15T15:39:32.304558+00:00", "symbol": "ADA-USD"}, {"trade_id": 143732105, "side": "buy", "size": "40.54083573", "price": "0.72080000", "time": "2025-07-15T15:35:46.855335Z", "fetched_at": "2025-07-15T15:39:32.304558+00:00", "symbol": "ADA-USD"}, {"trade_id": 143732104, "side": "buy", "size": "51.00306000", "price": "0.72080000", "time": "2025-07-15T15:35:46.855011Z", "fetched_at": "2025-07-15T15:39:32.304558+00:00", "symbol": "ADA-USD"}, {"trade_id": 143732103, "side": "buy", "size": "2169.96464704", "price": "0.72080000", "time": "2025-07-15T15:35:46.851293Z", "fetched_at": "2025-07-15T15:39:32.304558+00:00", "symbol": "ADA-USD"}, {"trade_id": 143732102, "side": "buy", "size": "45.49393924", "price": "0.72080000", "time": "2025-07-15T15:35:46.851293Z", "fetched_at": "2025-07-15T15:39:32.304558+00:00", "symbol": "ADA-USD"}, {"trade_id": 143732101, "side": "sell", "size": "2.40591600", "price": "0.72080000", "time": "2025-07-15T15:35:41.073279Z", "fetched_at": "2025-07-15T15:39:32.304558+00:00", "symbol": "ADA-USD"}, {"trade_id": 143732100, "side": "sell", "size": "1.60000000", "price": "0.72090000", "time": "2025-07-15T15:35:40.601555Z", "fetched_at": "2025-07-15T15:39:32.304558+00:00", "symbol": "ADA-USD"}, {"trade_id": 143732099, "side": "sell", "size": "1.60000000", "price": "0.72080000", "time": "2025-07-15T15:35:40.548720Z", "fetched_at": "2025-07-15T15:39:32.304558+00:00", "symbol": "ADA-USD"}, {"trade_id": 143732098, "side": "sell", "size": "1.60000000", "price": "0.72070000", "time": "2025-07-15T15:35:40.177595Z", "fetched_at": "2025-07-15T15:39:32.304558+00:00", "symbol": "ADA-USD"}, {"trade_id": 143732097, "side": "sell", "size": "22.17871506", "price": "0.72060000", "time": "2025-07-15T15:35:39.991733Z", "fetched_at": "2025-07-15T15:39:32.304558+00:00", "symbol": "ADA-USD"}, {"trade_id": 143732096, "side": "sell", "size": "1.60000000", "price": "0.72060000", "time": "2025-07-15T15:35:39.991733Z", "fetched_at": "2025-07-15T15:39:32.304558+00:00", "symbol": "ADA-USD"}, {"trade_id": 143732095, "side": "sell", "size": "1924.62366529", "price": "0.72040000", "time": "2025-07-15T15:35:39.777829Z", "fetched_at": "2025-07-15T15:39:32.304558+00:00", "symbol": "ADA-USD"}, {"trade_id": 143732094, "side": "buy", "size": "2.19290100", "price": "0.72030000", "time": "2025-07-15T15:35:38.392557Z", "fetched_at": "2025-07-15T15:39:32.304558+00:00", "symbol": "ADA-USD"}, {"trade_id": 143732093, "side": "buy", "size": "1944.59373497", "price": "0.72040000", "time": "2025-07-15T15:35:37.213606Z", "fetched_at": "2025-07-15T15:39:32.304558+00:00", "symbol": "ADA-USD"}, {"trade_id": 143732092, "side": "sell", "size": "11.89875000", "price": "0.72050000", "time": "2025-07-15T15:35:36.833341Z", "fetched_at": "2025-07-15T15:39:32.304558+00:00", "symbol": "ADA-USD"}, {"trade_id": 143732091, "side": "sell", "size": "1.60000000", "price": "0.72050000", "time": "2025-07-15T15:35:36.833341Z", "fetched_at": "2025-07-15T15:39:32.304558+00:00", "symbol": "ADA-USD"}, {"trade_id": 143732090, "side": "sell", "size": "1321.99030815", "price": "0.72040000", "time": "2025-07-15T15:35:33.668734Z", "fetched_at": "2025-07-15T15:39:32.304558+00:00", "symbol": "ADA-USD"}, {"trade_id": 143732089, "side": "sell", "size": "1.60000000", "price": "0.72040000", "time": "2025-07-15T15:35:33.668734Z", "fetched_at": "2025-07-15T15:39:32.304558+00:00", "symbol": "ADA-USD"}, {"trade_id": 143732088, "side": "sell", "size": "660.30978773", "price": "0.72030000", "time": "2025-07-15T15:35:33.668734Z", "fetched_at": "2025-07-15T15:39:32.304558+00:00", "symbol": "ADA-USD"}, {"trade_id": 143732087, "side": "sell", "size": "1.60000000", "price": "0.72030000", "time": "2025-07-15T15:35:33.668734Z", "fetched_at": "2025-07-15T15:39:32.304558+00:00", "symbol": "ADA-USD"}, {"trade_id": 143732086, "side": "sell", "size": "1.60000000", "price": "0.72020000", "time": "2025-07-15T15:35:32.519835Z", "fetched_at": "2025-07-15T15:39:32.304558+00:00", "symbol": "ADA-USD"}, {"trade_id": 143732085, "side": "sell", "size": "23.69801197", "price": "0.72010000", "time": "2025-07-15T15:35:30.590010Z", "fetched_at": "2025-07-15T15:39:32.304558+00:00", "symbol": "ADA-USD"}, {"trade_id": 143732084, "side": "sell", "size": "918.74677198", "price": "0.72000000", "time": "2025-07-15T15:35:29.990201Z", "fetched_at": "2025-07-15T15:39:32.304558+00:00", "symbol": "ADA-USD"}, {"trade_id": 143732083, "side": "sell", "size": "126.50699239", "price": "0.72000000", "time": "2025-07-15T15:35:29.717193Z", "fetched_at": "2025-07-15T15:39:32.304558+00:00", "symbol": "ADA-USD"}, {"trade_id": 143732082, "side": "sell", "size": "81.59391697", "price": "0.72000000", "time": "2025-07-15T15:35:29.699073Z", "fetched_at": "2025-07-15T15:39:32.304558+00:00", "symbol": "ADA-USD"}, {"trade_id": 143732081, "side": "sell", "size": "326.75268072", "price": "0.72000000", "time": "2025-07-15T15:35:29.688388Z", "fetched_at": "2025-07-15T15:39:32.304558+00:00", "symbol": "ADA-USD"}, {"trade_id": 143732080, "side": "sell", "size": "786.64954431", "price": "0.72000000", "time": "2025-07-15T15:35:29.674042Z", "fetched_at": "2025-07-15T15:39:32.304558+00:00", "symbol": "ADA-USD"}, {"trade_id": 143732079, "side": "buy", "size": "2264.02133004", "price": "0.72000000", "time": "2025-07-15T15:35:28.656201Z", "fetched_at": "2025-07-15T15:39:32.304558+00:00", "symbol": "ADA-USD"}, {"trade_id": 143732078, "side": "sell", "size": "67.49255900", "price": "0.72010000", "time": "2025-07-15T15:35:26.346590Z", "fetched_at": "2025-07-15T15:39:32.304558+00:00", "symbol": "ADA-USD"}, {"trade_id": 143732077, "side": "sell", "size": "1.60000000", "price": "0.72020000", "time": "2025-07-15T15:35:22.976304Z", "fetched_at": "2025-07-15T15:39:32.304558+00:00", "symbol": "ADA-USD"}, {"trade_id": 143732076, "side": "sell", "size": "1.60000000", "price": "0.72010000", "time": "2025-07-15T15:35:22.368809Z", "fetched_at": "2025-07-15T15:39:32.304558+00:00", "symbol": "ADA-USD"}, {"trade_id": 143732075, "side": "sell", "size": "1.60000000", "price": "0.72000000", "time": "2025-07-15T15:35:20.449062Z", "fetched_at": "2025-07-15T15:39:32.304558+00:00", "symbol": "ADA-USD"}, {"trade_id": 143732074, "side": "sell", "size": "1.60000000", "price": "0.71990000", "time": "2025-07-15T15:35:18.909261Z", "fetched_at": "2025-07-15T15:39:32.304558+00:00", "symbol": "ADA-USD"}, {"trade_id": 143732073, "side": "sell", "size": "53.37245942", "price": "0.71990000", "time": "2025-07-15T15:35:18.909261Z", "fetched_at": "2025-07-15T15:39:32.304558+00:00", "symbol": "ADA-USD"}, {"trade_id": 143732072, "side": "sell", "size": "16.91972408", "price": "0.71980000", "time": "2025-07-15T15:35:13.516507Z", "fetched_at": "2025-07-15T15:39:32.304558+00:00", "symbol": "ADA-USD"}, {"trade_id": 143732071, "side": "sell", "size": "1.60000000", "price": "0.71980000", "time": "2025-07-15T15:35:13.516507Z", "fetched_at": "2025-07-15T15:39:32.304558+00:00", "symbol": "ADA-USD"}, {"trade_id": 143732070, "side": "sell", "size": "13.11382260", "price": "0.71980000", "time": "2025-07-15T15:35:13.516507Z", "fetched_at": "2025-07-15T15:39:32.304558+00:00", "symbol": "ADA-USD"}, {"trade_id": 143732069, "side": "sell", "size": "1.60000000", "price": "0.71970000", "time": "2025-07-15T15:35:12.588661Z", "fetched_at": "2025-07-15T15:39:32.304558+00:00", "symbol": "ADA-USD"}, {"trade_id": 143732068, "side": "sell", "size": "11.70544193", "price": "0.71970000", "time": "2025-07-15T15:35:12.588661Z", "fetched_at": "2025-07-15T15:39:32.304558+00:00", "symbol": "ADA-USD"}, {"trade_id": 143732067, "side": "sell", "size": "389.62392774", "price": "0.71960000", "time": "2025-07-15T15:35:12.171620Z", "fetched_at": "2025-07-15T15:39:32.304558+00:00", "symbol": "ADA-USD"}, {"trade_id": 143732066, "side": "sell", "size": "67.84260000", "price": "0.71960000", "time": "2025-07-15T15:35:12.169511Z", "fetched_at": "2025-07-15T15:39:32.304558+00:00", "symbol": "ADA-USD"}, {"trade_id": 143732065, "side": "sell", "size": "123.81367430", "price": "0.71960000", "time": "2025-07-15T15:35:10.309428Z", "fetched_at": "2025-07-15T15:39:32.304558+00:00", "symbol": "ADA-USD"}, {"trade_id": 143732064, "side": "sell", "size": "132.87617272", "price": "0.71960000", "time": "2025-07-15T15:35:10.285622Z", "fetched_at": "2025-07-15T15:39:32.304558+00:00", "symbol": "ADA-USD"}, {"trade_id": 143732063, "side": "sell", "size": "229.24451487", "price": "0.71960000", "time": "2025-07-15T15:35:10.266849Z", "fetched_at": "2025-07-15T15:39:32.304558+00:00", "symbol": "ADA-USD"}, {"trade_id": 143732062, "side": "sell", "size": "714.34600724", "price": "0.71960000", "time": "2025-07-15T15:35:10.249694Z", "fetched_at": "2025-07-15T15:39:32.304558+00:00", "symbol": "ADA-USD"}, {"trade_id": 143732061, "side": "sell", "size": "1.60000000", "price": "0.71960000", "time": "2025-07-15T15:35:10.249694Z", "fetched_at": "2025-07-15T15:39:32.304558+00:00", "symbol": "ADA-USD"}, {"trade_id": 143732060, "side": "sell", "size": "16.22487133", "price": "0.71960000", "time": "2025-07-15T15:35:10.249694Z", "fetched_at": "2025-07-15T15:39:32.304558+00:00", "symbol": "ADA-USD"}, {"trade_id": 143732059, "side": "sell", "size": "1.01316700", "price": "0.71960000", "time": "2025-07-15T15:35:10.129706Z", "fetched_at": "2025-07-15T15:39:32.304558+00:00", "symbol": "ADA-USD"}, {"trade_id": 143732058, "side": "sell", "size": "2265.73815744", "price": "0.71940000", "time": "2025-07-15T15:35:09.381595Z", "fetched_at": "2025-07-15T15:39:32.304558+00:00", "symbol": "ADA-USD"}, {"trade_id": 143732057, "side": "buy", "size": "42.20827800", "price": "0.71940000", "time": "2025-07-15T15:35:08.072657Z", "fetched_at": "2025-07-15T15:39:32.304558+00:00", "symbol": "ADA-USD"}, {"trade_id": 143732056, "side": "sell", "size": "15.63230400", "price": "0.71950000", "time": "2025-07-15T15:35:05.658602Z", "fetched_at": "2025-07-15T15:39:32.304558+00:00", "symbol": "ADA-USD"}, {"trade_id": 143732055, "side": "sell", "size": "1.60000000", "price": "0.71940000", "time": "2025-07-15T15:35:05.582544Z", "fetched_at": "2025-07-15T15:39:32.304558+00:00", "symbol": "ADA-USD"}, {"trade_id": 143732054, "side": "buy", "size": "1647.86294203", "price": "0.71900000", "time": "2025-07-15T15:35:03.286719Z", "fetched_at": "2025-07-15T15:39:32.304558+00:00", "symbol": "ADA-USD"}, {"trade_id": 143732053, "side": "buy", "size": "1.60000000", "price": "0.71900000", "time": "2025-07-15T15:35:03.187507Z", "fetched_at": "2025-07-15T15:39:32.304558+00:00", "symbol": "ADA-USD"}, {"trade_id": 143732052, "side": "buy", "size": "478.66508429", "price": "0.71900000", "time": "2025-07-15T15:35:03.187507Z", "fetched_at": "2025-07-15T15:39:32.304558+00:00", "symbol": "ADA-USD"}, {"trade_id": 143732051, "side": "buy", "size": "1.60000000", "price": "0.71910000", "time": "2025-07-15T15:35:03.059609Z", "fetched_at": "2025-07-15T15:39:32.304558+00:00", "symbol": "ADA-USD"}, {"trade_id": 143732050, "side": "sell", "size": "67.84260000", "price": "0.71920000", "time": "2025-07-15T15:35:02.970556Z", "fetched_at": "2025-07-15T15:39:32.304558+00:00", "symbol": "ADA-USD"}, {"trade_id": 143732049, "side": "buy", "size": "2265.90958803", "price": "0.71940000", "time": "2025-07-15T15:35:02.780009Z", "fetched_at": "2025-07-15T15:39:32.304558+00:00", "symbol": "ADA-USD"}, {"trade_id": 143732048, "side": "sell", "size": "22.35378811", "price": "0.71950000", "time": "2025-07-15T15:35:01.988426Z", "fetched_at": "2025-07-15T15:39:32.304558+00:00", "symbol": "ADA-USD"}, {"trade_id": 143732047, "side": "sell", "size": "0.00000126", "price": "0.71950000", "time": "2025-07-15T15:35:01.988426Z", "fetched_at": "2025-07-15T15:39:32.304558+00:00", "symbol": "ADA-USD"}, {"trade_id": 143732046, "side": "sell", "size": "2166.69081710", "price": "0.71940000", "time": "2025-07-15T15:35:01.717821Z", "fetched_at": "2025-07-15T15:39:32.304558+00:00", "symbol": "ADA-USD"}, {"trade_id": 143732045, "side": "sell", "size": "54.00759300", "price": "0.71940000", "time": "2025-07-15T15:34:58.871125Z", "fetched_at": "2025-07-15T15:39:32.304558+00:00", "symbol": "ADA-USD"}, {"trade_id": 143732044, "side": "sell", "size": "9.03353400", "price": "0.71940000", "time": "2025-07-15T15:34:57.962433Z", "fetched_at": "2025-07-15T15:39:32.304558+00:00", "symbol": "ADA-USD"}, {"trade_id": 143732043, "side": "sell", "size": "67.84260000", "price": "0.71940000", "time": "2025-07-15T15:34:57.098207Z", "fetched_at": "2025-07-15T15:39:32.304558+00:00", "symbol": "ADA-USD"}, {"trade_id": 143732042, "side": "buy", "size": "2265.90958803", "price": "0.71940000", "time": "2025-07-15T15:34:56.631301Z", "fetched_at": "2025-07-15T15:39:32.304558+00:00", "symbol": "ADA-USD"}, {"trade_id": 143732041, "side": "sell", "size": "1.59999874", "price": "0.71950000", "time": "2025-07-15T15:34:49.344661Z", "fetched_at": "2025-07-15T15:39:32.304558+00:00", "symbol": "ADA-USD"}, {"trade_id": 143732040, "side": "sell", "size": "93.68494126", "price": "0.71950000", "time": "2025-07-15T15:34:49.344661Z", "fetched_at": "2025-07-15T15:39:32.304558+00:00", "symbol": "ADA-USD"}, {"trade_id": 143732039, "side": "sell", "size": "23.37923932", "price": "0.71940000", "time": "2025-07-15T15:34:47.107707Z", "fetched_at": "2025-07-15T15:39:32.304558+00:00", "symbol": "ADA-USD"}, {"trade_id": 143732038, "side": "sell", "size": "1.60000000", "price": "0.71940000", "time": "2025-07-15T15:34:47.107707Z", "fetched_at": "2025-07-15T15:39:32.304558+00:00", "symbol": "ADA-USD"}, {"trade_id": 143732037, "side": "sell", "size": "20.09040068", "price": "0.71940000", "time": "2025-07-15T15:34:47.107707Z", "fetched_at": "2025-07-15T15:39:32.304558+00:00", "symbol": "ADA-USD"}, {"trade_id": 143732036, "side": "sell", "size": "2257.17677875", "price": "0.71910000", "time": "2025-07-15T15:34:44.893863Z", "fetched_at": "2025-07-15T15:39:32.304558+00:00", "symbol": "ADA-USD"}, {"trade_id": 143732035, "side": "sell", "size": "395.39625984", "price": "0.71910000", "time": "2025-07-15T15:34:44.893863Z", "fetched_at": "2025-07-15T15:39:32.304558+00:00", "symbol": "ADA-USD"}, {"trade_id": 143732034, "side": "buy", "size": "2266.85489866", "price": "0.71910000", "time": "2025-07-15T15:34:43.998293Z", "fetched_at": "2025-07-15T15:39:32.304558+00:00", "symbol": "ADA-USD"}, {"trade_id": 143732033, "side": "sell", "size": "3.18506666", "price": "0.71930000", "time": "2025-07-15T15:34:43.445277Z", "fetched_at": "2025-07-15T15:39:32.304558+00:00", "symbol": "ADA-USD"}, {"trade_id": 143732032, "side": "sell", "size": "1.60000000", "price": "0.71930000", "time": "2025-07-15T15:34:43.445277Z", "fetched_at": "2025-07-15T15:39:32.304558+00:00", "symbol": "ADA-USD"}, {"trade_id": 143732031, "side": "sell", "size": "18.70708257", "price": "0.71930000", "time": "2025-07-15T15:34:43.445277Z", "fetched_at": "2025-07-15T15:39:32.304558+00:00", "symbol": "ADA-USD"}, {"trade_id": 143732030, "side": "sell", "size": "0.00008876", "price": "0.71920000", "time": "2025-07-15T15:34:42.630469Z", "fetched_at": "2025-07-15T15:39:32.304558+00:00", "symbol": "ADA-USD"}, {"trade_id": 143732029, "side": "sell", "size": "1.59991124", "price": "0.71920000", "time": "2025-07-15T15:34:42.629633Z", "fetched_at": "2025-07-15T15:39:32.304558+00:00", "symbol": "ADA-USD"}, {"trade_id": 143732028, "side": "sell", "size": "17.42758876", "price": "0.71920000", "time": "2025-07-15T15:34:42.629633Z", "fetched_at": "2025-07-15T15:39:32.304558+00:00", "symbol": "ADA-USD"}, {"trade_id": 143732027, "side": "sell", "size": "9.64106800", "price": "0.71920000", "time": "2025-07-15T15:34:42.619023Z", "fetched_at": "2025-07-15T15:39:32.304558+00:00", "symbol": "ADA-USD"}, {"trade_id": 143732026, "side": "sell", "size": "1.60000000", "price": "0.71910000", "time": "2025-07-15T15:34:42.591511Z", "fetched_at": "2025-07-15T15:39:32.304558+00:00", "symbol": "ADA-USD"}, {"trade_id": 143732025, "side": "sell", "size": "311.24673531", "price": "0.71900000", "time": "2025-07-15T15:34:42.534929Z", "fetched_at": "2025-07-15T15:39:32.304558+00:00", "symbol": "ADA-USD"}, {"trade_id": 143732024, "side": "sell", "size": "1.60000000", "price": "0.71900000", "time": "2025-07-15T15:34:42.534929Z", "fetched_at": "2025-07-15T15:39:32.304558+00:00", "symbol": "ADA-USD"}, {"trade_id": 143732023, "side": "sell", "size": "1227.14628325", "price": "0.71880000", "time": "2025-07-15T15:34:40.657149Z", "fetched_at": "2025-07-15T15:39:32.304558+00:00", "symbol": "ADA-USD"}, {"trade_id": 143732022, "side": "sell", "size": "1000.00000000", "price": "0.71880000", "time": "2025-07-15T15:34:40.515700Z", "fetched_at": "2025-07-15T15:39:32.304558+00:00", "symbol": "ADA-USD"}, {"trade_id": 143732021, "side": "sell", "size": "13.77487100", "price": "0.71880000", "time": "2025-07-15T15:34:40.157341Z", "fetched_at": "2025-07-15T15:39:32.304558+00:00", "symbol": "ADA-USD"}, {"trade_id": 143732020, "side": "sell", "size": "27.04029300", "price": "0.71880000", "time": "2025-07-15T15:34:39.323053Z", "fetched_at": "2025-07-15T15:39:32.304558+00:00", "symbol": "ADA-USD"}, {"trade_id": 143732019, "side": "buy", "size": "2268.11654046", "price": "0.71870000", "time": "2025-07-15T15:34:38.555719Z", "fetched_at": "2025-07-15T15:39:32.304558+00:00", "symbol": "ADA-USD"}, {"trade_id": 143732018, "side": "buy", "size": "1.60000000", "price": "0.71870000", "time": "2025-07-15T15:34:38.555719Z", "fetched_at": "2025-07-15T15:39:32.304558+00:00", "symbol": "ADA-USD"}, {"trade_id": 143732017, "side": "sell", "size": "13.42863100", "price": "0.71890000", "time": "2025-07-15T15:34:37.315458Z", "fetched_at": "2025-07-15T15:39:32.304558+00:00", "symbol": "ADA-USD"}, {"trade_id": 143732016, "side": "buy", "size": "327.39730000", "price": "0.71890000", "time": "2025-07-15T15:34:35.932894Z", "fetched_at": "2025-07-15T15:39:32.304558+00:00", "symbol": "ADA-USD"}, {"trade_id": 143732015, "side": "sell", "size": "63.98360080", "price": "0.71910000", "time": "2025-07-15T15:34:35.434283Z", "fetched_at": "2025-07-15T15:39:32.304558+00:00", "symbol": "ADA-USD"}, {"trade_id": 143732014, "side": "sell", "size": "51.00306000", "price": "0.71910000", "time": "2025-07-15T15:34:35.434283Z", "fetched_at": "2025-07-15T15:39:32.304558+00:00", "symbol": "ADA-USD"}, {"trade_id": 143732013, "side": "sell", "size": "1.60000000", "price": "0.71910000", "time": "2025-07-15T15:34:35.434283Z", "fetched_at": "2025-07-15T15:39:32.304558+00:00", "symbol": "ADA-USD"}, {"trade_id": 143732012, "side": "sell", "size": "18.66831620", "price": "0.71910000", "time": "2025-07-15T15:34:35.434283Z", "fetched_at": "2025-07-15T15:39:32.304558+00:00", "symbol": "ADA-USD"}, {"trade_id": 143732011, "side": "sell", "size": "1.60000000", "price": "0.71900000", "time": "2025-07-15T15:34:34.964383Z", "fetched_at": "2025-07-15T15:39:32.304558+00:00", "symbol": "ADA-USD"}, {"trade_id": 143732010, "side": "sell", "size": "7.57694900", "price": "0.71900000", "time": "2025-07-15T15:34:34.964383Z", "fetched_at": "2025-07-15T15:39:32.304558+00:00", "symbol": "ADA-USD"}, {"trade_id": 143732009, "side": "sell", "size": "1.60000000", "price": "0.71890000", "time": "2025-07-15T15:34:30.446911Z", "fetched_at": "2025-07-15T15:39:32.304558+00:00", "symbol": "ADA-USD"}, {"trade_id": 143732008, "side": "sell", "size": "1.60000000", "price": "0.71880000", "time": "2025-07-15T15:34:30.446672Z", "fetched_at": "2025-07-15T15:39:32.304558+00:00", "symbol": "ADA-USD"}, {"trade_id": 143732007, "side": "sell", "size": "413.55366634", "price": "0.71870000", "time": "2025-07-15T15:34:27.890201Z", "fetched_at": "2025-07-15T15:39:32.304558+00:00", "symbol": "ADA-USD"}, {"trade_id": 143732006, "side": "sell", "size": "1.60000000", "price": "0.71870000", "time": "2025-07-15T15:34:27.890201Z", "fetched_at": "2025-07-15T15:39:32.304558+00:00", "symbol": "ADA-USD"}, {"trade_id": 143732005, "side": "sell", "size": "1.60000000", "price": "0.71860000", "time": "2025-07-15T15:34:27.890201Z", "fetched_at": "2025-07-15T15:39:32.304558+00:00", "symbol": "ADA-USD"}, {"trade_id": 143732004, "side": "sell", "size": "1.60000000", "price": "0.71850000", "time": "2025-07-15T15:34:27.541597Z", "fetched_at": "2025-07-15T15:39:32.304558+00:00", "symbol": "ADA-USD"}, {"trade_id": 143732003, "side": "sell", "size": "23.24269515", "price": "0.71840000", "time": "2025-07-15T15:34:26.766180Z", "fetched_at": "2025-07-15T15:39:32.304558+00:00", "symbol": "ADA-USD"}, {"trade_id": 143732002, "side": "sell", "size": "2246.06247909", "price": "0.71830000", "time": "2025-07-15T15:34:25.901607Z", "fetched_at": "2025-07-15T15:39:32.304558+00:00", "symbol": "ADA-USD"}, {"trade_id": 143732001, "side": "buy", "size": "2269.37958740", "price": "0.71830000", "time": "2025-07-15T15:34:25.718866Z", "fetched_at": "2025-07-15T15:39:32.304558+00:00", "symbol": "ADA-USD"}, {"trade_id": 143732000, "side": "sell", "size": "1.60000000", "price": "0.71840000", "time": "2025-07-15T15:34:24.245541Z", "fetched_at": "2025-07-15T15:39:32.304558+00:00", "symbol": "ADA-USD"}, {"trade_id": 143731999, "side": "sell", "size": "1.60000000", "price": "0.71830000", "time": "2025-07-15T15:34:23.037256Z", "fetched_at": "2025-07-15T15:39:32.304558+00:00", "symbol": "ADA-USD"}, {"trade_id": 143731998, "side": "sell", "size": "1.60000000", "price": "0.71820000", "time": "2025-07-15T15:34:22.456201Z", "fetched_at": "2025-07-15T15:39:32.304558+00:00", "symbol": "ADA-USD"}, {"trade_id": 143731997, "side": "sell", "size": "1.60000000", "price": "0.71810000", "time": "2025-07-15T15:34:21.640874Z", "fetched_at": "2025-07-15T15:39:32.304558+00:00", "symbol": "ADA-USD"}, {"trade_id": 143731996, "side": "sell", "size": "1.60000000", "price": "0.71800000", "time": "2025-07-15T15:34:21.624966Z", "fetched_at": "2025-07-15T15:39:32.304558+00:00", "symbol": "ADA-USD"}, {"trade_id": 143731995, "side": "sell", "size": "16.03253210", "price": "0.71790000", "time": "2025-07-15T15:34:21.320142Z", "fetched_at": "2025-07-15T15:39:32.304558+00:00", "symbol": "ADA-USD"}, {"trade_id": 143731994, "side": "sell", "size": "1.60000000", "price": "0.71790000", "time": "2025-07-15T15:34:21.320142Z", "fetched_at": "2025-07-15T15:39:32.304558+00:00", "symbol": "ADA-USD"}, {"trade_id": 143731993, "side": "sell", "size": "23.56511453", "price": "0.71790000", "time": "2025-07-15T15:34:21.320142Z", "fetched_at": "2025-07-15T15:39:32.304558+00:00", "symbol": "ADA-USD"}, {"trade_id": 143731992, "side": "sell", "size": "51.00306000", "price": "0.71790000", "time": "2025-07-15T15:34:21.316191Z", "fetched_at": "2025-07-15T15:39:32.304558+00:00", "symbol": "ADA-USD"}, {"trade_id": 143731991, "side": "sell", "size": "51.00306000", "price": "0.71790000", "time": "2025-07-15T15:34:21.312490Z", "fetched_at": "2025-07-15T15:39:32.304558+00:00", "symbol": "ADA-USD"}, {"trade_id": 143731990, "side": "sell", "size": "1578.91938017", "price": "0.71780000", "time": "2025-07-15T15:34:21.049766Z", "fetched_at": "2025-07-15T15:39:32.304558+00:00", "symbol": "ADA-USD"}, {"trade_id": 143731989, "side": "sell", "size": "2271.29002220", "price": "0.71780000", "time": "2025-07-15T15:34:18.300377Z", "fetched_at": "2025-07-15T15:39:32.304558+00:00", "symbol": "ADA-USD"}, {"trade_id": 143731988, "side": "sell", "size": "1.60000000", "price": "0.71780000", "time": "2025-07-15T15:34:18.300377Z", "fetched_at": "2025-07-15T15:39:32.304558+00:00", "symbol": "ADA-USD"}, {"trade_id": 143731987, "side": "sell", "size": "57.21275525", "price": "0.71780000", "time": "2025-07-15T15:34:18.300377Z", "fetched_at": "2025-07-15T15:39:32.304558+00:00", "symbol": "ADA-USD"}, {"trade_id": 143731986, "side": "buy", "size": "318.37812346", "price": "0.71760000", "time": "2025-07-15T15:34:13.476410Z", "fetched_at": "2025-07-15T15:39:32.304558+00:00", "symbol": "ADA-USD"}, {"trade_id": 143731985, "side": "buy", "size": "1.60000000", "price": "0.71760000", "time": "2025-07-15T15:34:12.981808Z", "fetched_at": "2025-07-15T15:39:32.304558+00:00", "symbol": "ADA-USD"}, {"trade_id": 143731984, "side": "buy", "size": "1253.35700297", "price": "0.71770000", "time": "2025-07-15T15:34:12.956369Z", "fetched_at": "2025-07-15T15:39:32.304558+00:00", "symbol": "ADA-USD"}, {"trade_id": 143731983, "side": "buy", "size": "697.44545693", "price": "0.71760000", "time": "2025-07-15T15:34:11.133310Z", "fetched_at": "2025-07-15T15:39:32.304558+00:00", "symbol": "ADA-USD"}, {"trade_id": 143731982, "side": "buy", "size": "2271.27679759", "price": "0.71770000", "time": "2025-07-15T15:34:11.016416Z", "fetched_at": "2025-07-15T15:39:32.304558+00:00", "symbol": "ADA-USD"}, {"trade_id": 143731981, "side": "buy", "size": "4.97979000", "price": "0.71780000", "time": "2025-07-15T15:34:10.675127Z", "fetched_at": "2025-07-15T15:39:32.304558+00:00", "symbol": "ADA-USD"}, {"trade_id": 143731980, "side": "sell", "size": "1468.21461364", "price": "0.71780000", "time": "2025-07-15T15:34:08.860755Z", "fetched_at": "2025-07-15T15:39:32.304558+00:00", "symbol": "ADA-USD"}, {"trade_id": 143731979, "side": "sell", "size": "779.31128756", "price": "0.71780000", "time": "2025-07-15T15:34:08.855530Z", "fetched_at": "2025-07-15T15:39:32.304558+00:00", "symbol": "ADA-USD"}, {"trade_id": 143731978, "side": "sell", "size": "76.28367366", "price": "0.71780000", "time": "2025-07-15T15:34:08.855530Z", "fetched_at": "2025-07-15T15:39:32.304558+00:00", "symbol": "ADA-USD"}, {"trade_id": 143731977, "side": "sell", "size": "67.84260000", "price": "0.71770000", "time": "2025-07-15T15:34:08.630887Z", "fetched_at": "2025-07-15T15:39:32.304558+00:00", "symbol": "ADA-USD"}, {"trade_id": 143731976, "side": "buy", "size": "179.52358400", "price": "0.71780000", "time": "2025-07-15T15:34:08.615030Z", "fetched_at": "2025-07-15T15:39:32.304558+00:00", "symbol": "ADA-USD"}, {"trade_id": 143731975, "side": "buy", "size": "2270.96037563", "price": "0.71780000", "time": "2025-07-15T15:34:08.615030Z", "fetched_at": "2025-07-15T15:39:32.304558+00:00", "symbol": "ADA-USD"}, {"trade_id": 143731974, "side": "buy", "size": "31.62176844", "price": "0.71780000", "time": "2025-07-15T15:34:08.615030Z", "fetched_at": "2025-07-15T15:39:32.304558+00:00", "symbol": "ADA-USD"}, {"trade_id": 143731973, "side": "sell", "size": "80.55010000", "price": "0.71790000", "time": "2025-07-15T15:34:08.354361Z", "fetched_at": "2025-07-15T15:39:32.304558+00:00", "symbol": "ADA-USD"}, {"trade_id": 143731972, "side": "sell", "size": "644.11090000", "price": "0.71790000", "time": "2025-07-15T15:34:08.346636Z", "fetched_at": "2025-07-15T15:39:32.304558+00:00", "symbol": "ADA-USD"}, {"trade_id": 143731971, "side": "sell", "size": "33.04599300", "price": "0.71790000", "time": "2025-07-15T15:34:07.839383Z", "fetched_at": "2025-07-15T15:39:32.304558+00:00", "symbol": "ADA-USD"}