[{"trade_id": 143711491, "side": "buy", "size": "67.84260000", "price": "0.73460000", "time": "2025-07-15T13:30:04.882479Z", "fetched_at": "2025-07-15T13:30:09.090349+00:00", "symbol": "ADA-USD"}, {"trade_id": 143711490, "side": "buy", "size": "157.06802700", "price": "0.73450000", "time": "2025-07-15T13:30:04.483506Z", "fetched_at": "2025-07-15T13:30:09.090349+00:00", "symbol": "ADA-USD"}, {"trade_id": 143711489, "side": "buy", "size": "50.00000000", "price": "0.73450000", "time": "2025-07-15T13:30:04.483506Z", "fetched_at": "2025-07-15T13:30:09.090349+00:00", "symbol": "ADA-USD"}, {"trade_id": 143711488, "side": "buy", "size": "567.00000000", "price": "0.73450000", "time": "2025-07-15T13:30:04.483506Z", "fetched_at": "2025-07-15T13:30:09.090349+00:00", "symbol": "ADA-USD"}, {"trade_id": 143711487, "side": "sell", "size": "548.90904956", "price": "0.73460000", "time": "2025-07-15T13:30:04.415734Z", "fetched_at": "2025-07-15T13:30:09.090349+00:00", "symbol": "ADA-USD"}, {"trade_id": 143711486, "side": "sell", "size": "275.69095044", "price": "0.73460000", "time": "2025-07-15T13:30:04.415734Z", "fetched_at": "2025-07-15T13:30:09.090349+00:00", "symbol": "ADA-USD"}, {"trade_id": 143711485, "side": "sell", "size": "500.00000000", "price": "0.73440000", "time": "2025-07-15T13:30:04.005517Z", "fetched_at": "2025-07-15T13:30:09.090349+00:00", "symbol": "ADA-USD"}, {"trade_id": 143711484, "side": "sell", "size": "525.28124555", "price": "0.73450000", "time": "2025-07-15T13:30:02.442512Z", "fetched_at": "2025-07-15T13:30:09.090349+00:00", "symbol": "ADA-USD"}, {"trade_id": 143711483, "side": "sell", "size": "23.42780401", "price": "0.73440000", "time": "2025-07-15T13:30:02.442512Z", "fetched_at": "2025-07-15T13:30:09.090349+00:00", "symbol": "ADA-USD"}, {"trade_id": 143711482, "side": "sell", "size": "275.69095044", "price": "0.73440000", "time": "2025-07-15T13:30:02.442512Z", "fetched_at": "2025-07-15T13:30:09.090349+00:00", "symbol": "ADA-USD"}, {"trade_id": 143711481, "side": "sell", "size": "1628.26856497", "price": "0.73450000", "time": "2025-07-15T13:30:02.349345Z", "fetched_at": "2025-07-15T13:30:09.090349+00:00", "symbol": "ADA-USD"}, {"trade_id": 143711480, "side": "sell", "size": "567.00000000", "price": "0.73450000", "time": "2025-07-15T13:30:02.349345Z", "fetched_at": "2025-07-15T13:30:09.090349+00:00", "symbol": "ADA-USD"}, {"trade_id": 143711479, "side": "sell", "size": "652.78087659", "price": "0.73440000", "time": "2025-07-15T13:30:02.349345Z", "fetched_at": "2025-07-15T13:30:09.090349+00:00", "symbol": "ADA-USD"}, {"trade_id": 143711478, "side": "sell", "size": "50.00000000", "price": "0.73440000", "time": "2025-07-15T13:30:02.349345Z", "fetched_at": "2025-07-15T13:30:09.090349+00:00", "symbol": "ADA-USD"}, {"trade_id": 143711477, "side": "sell", "size": "981.50000000", "price": "0.73440000", "time": "2025-07-15T13:30:02.349345Z", "fetched_at": "2025-07-15T13:30:09.090349+00:00", "symbol": "ADA-USD"}, {"trade_id": 143711476, "side": "sell", "size": "242.65055844", "price": "0.73440000", "time": "2025-07-15T13:30:02.349345Z", "fetched_at": "2025-07-15T13:30:09.090349+00:00", "symbol": "ADA-USD"}, {"trade_id": 143711475, "side": "sell", "size": "33.04039200", "price": "0.73440000", "time": "2025-07-15T13:30:01.890893Z", "fetched_at": "2025-07-15T13:30:09.090349+00:00", "symbol": "ADA-USD"}, {"trade_id": 143711474, "side": "buy", "size": "50.00000000", "price": "0.73410000", "time": "2025-07-15T13:30:01.884123Z", "fetched_at": "2025-07-15T13:30:09.090349+00:00", "symbol": "ADA-USD"}, {"trade_id": 143711473, "side": "buy", "size": "400.00000000", "price": "0.73410000", "time": "2025-07-15T13:30:01.884123Z", "fetched_at": "2025-07-15T13:30:09.090349+00:00", "symbol": "ADA-USD"}, {"trade_id": 143711472, "side": "buy", "size": "643.92676750", "price": "0.73410000", "time": "2025-07-15T13:30:01.884123Z", "fetched_at": "2025-07-15T13:30:09.090349+00:00", "symbol": "ADA-USD"}, {"trade_id": 143711471, "side": "buy", "size": "1.50000000", "price": "0.73410000", "time": "2025-07-15T13:30:01.884123Z", "fetched_at": "2025-07-15T13:30:09.090349+00:00", "symbol": "ADA-USD"}, {"trade_id": 143711470, "side": "buy", "size": "33.00000000", "price": "0.73430000", "time": "2025-07-15T13:30:01.798455Z", "fetched_at": "2025-07-15T13:30:09.090349+00:00", "symbol": "ADA-USD"}, {"trade_id": 143711469, "side": "buy", "size": "567.00000000", "price": "0.73430000", "time": "2025-07-15T13:30:01.798455Z", "fetched_at": "2025-07-15T13:30:09.090349+00:00", "symbol": "ADA-USD"}, {"trade_id": 143711468, "side": "buy", "size": "549.55190124", "price": "0.73420000", "time": "2025-07-15T13:30:01.789853Z", "fetched_at": "2025-07-15T13:30:09.090349+00:00", "symbol": "ADA-USD"}, {"trade_id": 143711467, "side": "buy", "size": "51.00306000", "price": "0.73420000", "time": "2025-07-15T13:30:01.789853Z", "fetched_at": "2025-07-15T13:30:09.090349+00:00", "symbol": "ADA-USD"}, {"trade_id": 143711466, "side": "sell", "size": "0.00000044", "price": "0.73420000", "time": "2025-07-15T13:30:01.749914Z", "fetched_at": "2025-07-15T13:30:09.090349+00:00", "symbol": "ADA-USD"}, {"trade_id": 143711465, "side": "sell", "size": "275.69095000", "price": "0.73420000", "time": "2025-07-15T13:30:01.747099Z", "fetched_at": "2025-07-15T13:30:09.090349+00:00", "symbol": "ADA-USD"}, {"trade_id": 143711464, "side": "sell", "size": "500.00000000", "price": "0.73420000", "time": "2025-07-15T13:30:01.737296Z", "fetched_at": "2025-07-15T13:30:09.090349+00:00", "symbol": "ADA-USD"}, {"trade_id": 143711463, "side": "sell", "size": "275.69095044", "price": "0.73420000", "time": "2025-07-15T13:30:01.737296Z", "fetched_at": "2025-07-15T13:30:09.090349+00:00", "symbol": "ADA-USD"}, {"trade_id": 143711462, "side": "sell", "size": "131.33982000", "price": "0.73420000", "time": "2025-07-15T13:30:01.737296Z", "fetched_at": "2025-07-15T13:30:09.090349+00:00", "symbol": "ADA-USD"}, {"trade_id": 143711461, "side": "buy", "size": "1.50000000", "price": "0.73420000", "time": "2025-07-15T13:30:01.604360Z", "fetched_at": "2025-07-15T13:30:09.090349+00:00", "symbol": "ADA-USD"}, {"trade_id": 143711460, "side": "buy", "size": "1.50000000", "price": "0.73430000", "time": "2025-07-15T13:30:01.475402Z", "fetched_at": "2025-07-15T13:30:09.090349+00:00", "symbol": "ADA-USD"}, {"trade_id": 143711459, "side": "buy", "size": "1.50000000", "price": "0.73440000", "time": "2025-07-15T13:30:01.024135Z", "fetched_at": "2025-07-15T13:30:09.090349+00:00", "symbol": "ADA-USD"}, {"trade_id": 143711458, "side": "buy", "size": "1.50000000", "price": "0.73450000", "time": "2025-07-15T13:30:00.875385Z", "fetched_at": "2025-07-15T13:30:09.090349+00:00", "symbol": "ADA-USD"}, {"trade_id": 143711457, "side": "buy", "size": "1.50000000", "price": "0.73460000", "time": "2025-07-15T13:30:00.379313Z", "fetched_at": "2025-07-15T13:30:09.090349+00:00", "symbol": "ADA-USD"}, {"trade_id": 143711456, "side": "buy", "size": "1.50000000", "price": "0.73470000", "time": "2025-07-15T13:30:00.110781Z", "fetched_at": "2025-07-15T13:30:09.090349+00:00", "symbol": "ADA-USD"}, {"trade_id": 143711455, "side": "sell", "size": "171.82582415", "price": "0.73480000", "time": "2025-07-15T13:29:59.922477Z", "fetched_at": "2025-07-15T13:30:09.090349+00:00", "symbol": "ADA-USD"}, {"trade_id": 143711454, "side": "sell", "size": "650.99873340", "price": "0.73480000", "time": "2025-07-15T13:29:59.922477Z", "fetched_at": "2025-07-15T13:30:09.090349+00:00", "symbol": "ADA-USD"}, {"trade_id": 143711453, "side": "sell", "size": "1.37544245", "price": "0.73480000", "time": "2025-07-15T13:29:59.922477Z", "fetched_at": "2025-07-15T13:30:09.090349+00:00", "symbol": "ADA-USD"}, {"trade_id": 143711452, "side": "buy", "size": "512.00000000", "price": "0.73480000", "time": "2025-07-15T13:29:59.276983Z", "fetched_at": "2025-07-15T13:30:09.090349+00:00", "symbol": "ADA-USD"}, {"trade_id": 143711451, "side": "buy", "size": "383.30825564", "price": "0.73480000", "time": "2025-07-15T13:29:58.096310Z", "fetched_at": "2025-07-15T13:30:09.090349+00:00", "symbol": "ADA-USD"}, {"trade_id": 143711450, "side": "buy", "size": "51.00306000", "price": "0.73480000", "time": "2025-07-15T13:29:58.096310Z", "fetched_at": "2025-07-15T13:30:09.090349+00:00", "symbol": "ADA-USD"}, {"trade_id": 143711449, "side": "buy", "size": "1.50000000", "price": "0.73480000", "time": "2025-07-15T13:29:58.096310Z", "fetched_at": "2025-07-15T13:30:09.090349+00:00", "symbol": "ADA-USD"}, {"trade_id": 143711448, "side": "buy", "size": "1.50000000", "price": "0.73490000", "time": "2025-07-15T13:29:56.554566Z", "fetched_at": "2025-07-15T13:30:09.090349+00:00", "symbol": "ADA-USD"}, {"trade_id": 143711447, "side": "sell", "size": "301.83200577", "price": "0.73500000", "time": "2025-07-15T13:29:56.159292Z", "fetched_at": "2025-07-15T13:30:09.090349+00:00", "symbol": "ADA-USD"}, {"trade_id": 143711446, "side": "sell", "size": "11.86799423", "price": "0.73500000", "time": "2025-07-15T13:29:56.159292Z", "fetched_at": "2025-07-15T13:30:09.090349+00:00", "symbol": "ADA-USD"}, {"trade_id": 143711445, "side": "buy", "size": "510.50000000", "price": "0.73500000", "time": "2025-07-15T13:29:55.408623Z", "fetched_at": "2025-07-15T13:30:09.090349+00:00", "symbol": "ADA-USD"}, {"trade_id": 143711444, "side": "buy", "size": "1.50000000", "price": "0.73500000", "time": "2025-07-15T13:29:55.408623Z", "fetched_at": "2025-07-15T13:30:09.090349+00:00", "symbol": "ADA-USD"}, {"trade_id": 143711443, "side": "buy", "size": "13.06112891", "price": "0.73510000", "time": "2025-07-15T13:29:55.001619Z", "fetched_at": "2025-07-15T13:30:09.090349+00:00", "symbol": "ADA-USD"}, {"trade_id": 143711442, "side": "buy", "size": "1.50000000", "price": "0.73510000", "time": "2025-07-15T13:29:55.001619Z", "fetched_at": "2025-07-15T13:30:09.090349+00:00", "symbol": "ADA-USD"}, {"trade_id": 143711441, "side": "buy", "size": "1.50000000", "price": "0.73520000", "time": "2025-07-15T13:29:54.811789Z", "fetched_at": "2025-07-15T13:30:09.090349+00:00", "symbol": "ADA-USD"}, {"trade_id": 143711440, "side": "buy", "size": "1.50000000", "price": "0.73530000", "time": "2025-07-15T13:29:50.439718Z", "fetched_at": "2025-07-15T13:30:09.090349+00:00", "symbol": "ADA-USD"}, {"trade_id": 143711439, "side": "sell", "size": "156.10000000", "price": "0.73540000", "time": "2025-07-15T13:29:50.360620Z", "fetched_at": "2025-07-15T13:30:09.090349+00:00", "symbol": "ADA-USD"}, {"trade_id": 143711438, "side": "sell", "size": "51.00306000", "price": "0.73540000", "time": "2025-07-15T13:29:49.582443Z", "fetched_at": "2025-07-15T13:30:09.090349+00:00", "symbol": "ADA-USD"}, {"trade_id": 143711437, "side": "sell", "size": "50.00000000", "price": "0.73540000", "time": "2025-07-15T13:29:49.582443Z", "fetched_at": "2025-07-15T13:30:09.090349+00:00", "symbol": "ADA-USD"}, {"trade_id": 143711436, "side": "sell", "size": "567.00000000", "price": "0.73540000", "time": "2025-07-15T13:29:49.582443Z", "fetched_at": "2025-07-15T13:30:09.090349+00:00", "symbol": "ADA-USD"}, {"trade_id": 143711435, "side": "buy", "size": "1.50000000", "price": "0.73540000", "time": "2025-07-15T13:29:48.395648Z", "fetched_at": "2025-07-15T13:30:09.090349+00:00", "symbol": "ADA-USD"}, {"trade_id": 143711434, "side": "sell", "size": "173.10004571", "price": "0.73570000", "time": "2025-07-15T13:29:46.717723Z", "fetched_at": "2025-07-15T13:30:09.090349+00:00", "symbol": "ADA-USD"}, {"trade_id": 143711433, "side": "sell", "size": "499.72855329", "price": "0.73570000", "time": "2025-07-15T13:29:46.717723Z", "fetched_at": "2025-07-15T13:30:09.090349+00:00", "symbol": "ADA-USD"}, {"trade_id": 143711432, "side": "sell", "size": "0.02812521", "price": "0.73570000", "time": "2025-07-15T13:29:46.635714Z", "fetched_at": "2025-07-15T13:30:09.090349+00:00", "symbol": "ADA-USD"}, {"trade_id": 143711431, "side": "sell", "size": "67.24332150", "price": "0.73570000", "time": "2025-07-15T13:29:46.613520Z", "fetched_at": "2025-07-15T13:30:09.090349+00:00", "symbol": "ADA-USD"}, {"trade_id": 143711430, "side": "buy", "size": "3.50392300", "price": "0.73550000", "time": "2025-07-15T13:29:46.546584Z", "fetched_at": "2025-07-15T13:30:09.090349+00:00", "symbol": "ADA-USD"}, {"trade_id": 143711429, "side": "buy", "size": "1.50000000", "price": "0.73560000", "time": "2025-07-15T13:29:45.836605Z", "fetched_at": "2025-07-15T13:30:09.090349+00:00", "symbol": "ADA-USD"}, {"trade_id": 143711428, "side": "buy", "size": "469.79100000", "price": "0.73570000", "time": "2025-07-15T13:29:45.679062Z", "fetched_at": "2025-07-15T13:30:09.090349+00:00", "symbol": "ADA-USD"}, {"trade_id": 143711427, "side": "buy", "size": "341.20900000", "price": "0.73570000", "time": "2025-07-15T13:29:45.675316Z", "fetched_at": "2025-07-15T13:30:09.090349+00:00", "symbol": "ADA-USD"}, {"trade_id": 143711426, "side": "buy", "size": "1.50000000", "price": "0.73570000", "time": "2025-07-15T13:29:45.675316Z", "fetched_at": "2025-07-15T13:30:09.090349+00:00", "symbol": "ADA-USD"}, {"trade_id": 143711425, "side": "buy", "size": "67.84260000", "price": "0.73590000", "time": "2025-07-15T13:29:45.078831Z", "fetched_at": "2025-07-15T13:30:09.090349+00:00", "symbol": "ADA-USD"}, {"trade_id": 143711424, "side": "sell", "size": "0.66752717", "price": "0.73600000", "time": "2025-07-15T13:29:42.481524Z", "fetched_at": "2025-07-15T13:30:09.090349+00:00", "symbol": "ADA-USD"}, {"trade_id": 143711423, "side": "sell", "size": "1.50000000", "price": "0.73590000", "time": "2025-07-15T13:29:41.128104Z", "fetched_at": "2025-07-15T13:30:09.090349+00:00", "symbol": "ADA-USD"}, {"trade_id": 143711422, "side": "sell", "size": "8.60191800", "price": "0.73580000", "time": "2025-07-15T13:29:40.195752Z", "fetched_at": "2025-07-15T13:30:09.090349+00:00", "symbol": "ADA-USD"}, {"trade_id": 143711421, "side": "sell", "size": "1.50000000", "price": "0.73580000", "time": "2025-07-15T13:29:40.195752Z", "fetched_at": "2025-07-15T13:30:09.090349+00:00", "symbol": "ADA-USD"}, {"trade_id": 143711420, "side": "sell", "size": "11.40191800", "price": "0.73570000", "time": "2025-07-15T13:29:39.404916Z", "fetched_at": "2025-07-15T13:30:09.090349+00:00", "symbol": "ADA-USD"}, {"trade_id": 143711419, "side": "sell", "size": "1.50000000", "price": "0.73570000", "time": "2025-07-15T13:29:39.404916Z", "fetched_at": "2025-07-15T13:30:09.090349+00:00", "symbol": "ADA-USD"}, {"trade_id": 143711418, "side": "sell", "size": "1.50000000", "price": "0.73560000", "time": "2025-07-15T13:29:39.124269Z", "fetched_at": "2025-07-15T13:30:09.090349+00:00", "symbol": "ADA-USD"}, {"trade_id": 143711417, "side": "sell", "size": "1.50000000", "price": "0.73550000", "time": "2025-07-15T13:29:38.325762Z", "fetched_at": "2025-07-15T13:30:09.090349+00:00", "symbol": "ADA-USD"}, {"trade_id": 143711416, "side": "sell", "size": "99.04902000", "price": "0.73540000", "time": "2025-07-15T13:29:37.802463Z", "fetched_at": "2025-07-15T13:30:09.090349+00:00", "symbol": "ADA-USD"}, {"trade_id": 143711415, "side": "sell", "size": "160.71585000", "price": "0.73540000", "time": "2025-07-15T13:29:37.797115Z", "fetched_at": "2025-07-15T13:30:09.090349+00:00", "symbol": "ADA-USD"}, {"trade_id": 143711414, "side": "sell", "size": "51.06899000", "price": "0.73540000", "time": "2025-07-15T13:29:37.791305Z", "fetched_at": "2025-07-15T13:30:09.090349+00:00", "symbol": "ADA-USD"}, {"trade_id": 143711413, "side": "sell", "size": "61.22168000", "price": "0.73540000", "time": "2025-07-15T13:29:37.786590Z", "fetched_at": "2025-07-15T13:30:09.090349+00:00", "symbol": "ADA-USD"}, {"trade_id": 143711412, "side": "sell", "size": "127.94446000", "price": "0.73540000", "time": "2025-07-15T13:29:37.783086Z", "fetched_at": "2025-07-15T13:30:09.090349+00:00", "symbol": "ADA-USD"}, {"trade_id": 143711411, "side": "sell", "size": "1.50000000", "price": "0.73540000", "time": "2025-07-15T13:29:37.313885Z", "fetched_at": "2025-07-15T13:30:09.090349+00:00", "symbol": "ADA-USD"}, {"trade_id": 143711410, "side": "buy", "size": "67.84260000", "price": "0.73530000", "time": "2025-07-15T13:29:35.582995Z", "fetched_at": "2025-07-15T13:30:09.090349+00:00", "symbol": "ADA-USD"}, {"trade_id": 143711409, "side": "sell", "size": "275.69095044", "price": "0.73520000", "time": "2025-07-15T13:29:35.528125Z", "fetched_at": "2025-07-15T13:30:09.090349+00:00", "symbol": "ADA-USD"}, {"trade_id": 143711408, "side": "sell", "size": "500.00000000", "price": "0.73520000", "time": "2025-07-15T13:29:35.528125Z", "fetched_at": "2025-07-15T13:30:09.090349+00:00", "symbol": "ADA-USD"}, {"trade_id": 143711407, "side": "buy", "size": "9.00000000", "price": "0.73510000", "time": "2025-07-15T13:29:34.669324Z", "fetched_at": "2025-07-15T13:30:09.090349+00:00", "symbol": "ADA-USD"}, {"trade_id": 143711406, "side": "sell", "size": "132.23350100", "price": "0.73530000", "time": "2025-07-15T13:29:34.022760Z", "fetched_at": "2025-07-15T13:30:09.090349+00:00", "symbol": "ADA-USD"}, {"trade_id": 143711405, "side": "sell", "size": "2261.22689800", "price": "0.73530000", "time": "2025-07-15T13:29:33.705094Z", "fetched_at": "2025-07-15T13:30:09.090349+00:00", "symbol": "ADA-USD"}, {"trade_id": 143711404, "side": "sell", "size": "50.00000000", "price": "0.73530000", "time": "2025-07-15T13:29:33.705094Z", "fetched_at": "2025-07-15T13:30:09.090349+00:00", "symbol": "ADA-USD"}, {"trade_id": 143711403, "side": "sell", "size": "1.50000000", "price": "0.73530000", "time": "2025-07-15T13:29:33.705094Z", "fetched_at": "2025-07-15T13:30:09.090349+00:00", "symbol": "ADA-USD"}, {"trade_id": 143711402, "side": "sell", "size": "0.73650000", "price": "0.73520000", "time": "2025-07-15T13:29:33.705094Z", "fetched_at": "2025-07-15T13:30:09.090349+00:00", "symbol": "ADA-USD"}, {"trade_id": 143711401, "side": "sell", "size": "1.50000000", "price": "0.73520000", "time": "2025-07-15T13:29:33.705094Z", "fetched_at": "2025-07-15T13:30:09.090349+00:00", "symbol": "ADA-USD"}, {"trade_id": 143711400, "side": "sell", "size": "399.49388000", "price": "0.73510000", "time": "2025-07-15T13:29:32.303406Z", "fetched_at": "2025-07-15T13:30:09.090349+00:00", "symbol": "ADA-USD"}, {"trade_id": 143711399, "side": "sell", "size": "51.00306000", "price": "0.73510000", "time": "2025-07-15T13:29:32.294755Z", "fetched_at": "2025-07-15T13:30:09.090349+00:00", "symbol": "ADA-USD"}, {"trade_id": 143711398, "side": "sell", "size": "49.50306000", "price": "0.73510000", "time": "2025-07-15T13:29:32.026163Z", "fetched_at": "2025-07-15T13:30:09.090349+00:00", "symbol": "ADA-USD"}, {"trade_id": 143711397, "side": "sell", "size": "1.50000000", "price": "0.73510000", "time": "2025-07-15T13:29:32.026163Z", "fetched_at": "2025-07-15T13:30:09.090349+00:00", "symbol": "ADA-USD"}, {"trade_id": 143711396, "side": "buy", "size": "67.84260000", "price": "0.73500000", "time": "2025-07-15T13:29:30.165459Z", "fetched_at": "2025-07-15T13:30:09.090349+00:00", "symbol": "ADA-USD"}, {"trade_id": 143711395, "side": "sell", "size": "1.50000000", "price": "0.73500000", "time": "2025-07-15T13:29:30.155381Z", "fetched_at": "2025-07-15T13:30:09.090349+00:00", "symbol": "ADA-USD"}, {"trade_id": 143711394, "side": "sell", "size": "500.00000000", "price": "0.73490000", "time": "2025-07-15T13:29:29.399285Z", "fetched_at": "2025-07-15T13:30:09.090349+00:00", "symbol": "ADA-USD"}, {"trade_id": 143711393, "side": "sell", "size": "1.50000000", "price": "0.73490000", "time": "2025-07-15T13:29:29.399285Z", "fetched_at": "2025-07-15T13:30:09.090349+00:00", "symbol": "ADA-USD"}, {"trade_id": 143711392, "side": "sell", "size": "219.10000000", "price": "0.73470000", "time": "2025-07-15T13:29:25.700704Z", "fetched_at": "2025-07-15T13:30:09.090349+00:00", "symbol": "ADA-USD"}, {"trade_id": 143711391, "side": "buy", "size": "605.07171320", "price": "0.73470000", "time": "2025-07-15T13:29:24.174183Z", "fetched_at": "2025-07-15T13:30:09.090349+00:00", "symbol": "ADA-USD"}, {"trade_id": 143711390, "side": "buy", "size": "3700.72503819", "price": "0.73470000", "time": "2025-07-15T13:29:24.174183Z", "fetched_at": "2025-07-15T13:30:09.090349+00:00", "symbol": "ADA-USD"}, {"trade_id": 143711389, "side": "buy", "size": "1346.47496181", "price": "0.73470000", "time": "2025-07-15T13:29:24.174026Z", "fetched_at": "2025-07-15T13:30:09.090349+00:00", "symbol": "ADA-USD"}, {"trade_id": 143711388, "side": "sell", "size": "132.17954300", "price": "0.73490000", "time": "2025-07-15T13:29:22.804358Z", "fetched_at": "2025-07-15T13:30:09.090349+00:00", "symbol": "ADA-USD"}, {"trade_id": 143711387, "side": "sell", "size": "322.79947038", "price": "0.73490000", "time": "2025-07-15T13:29:22.103922Z", "fetched_at": "2025-07-15T13:30:09.090349+00:00", "symbol": "ADA-USD"}, {"trade_id": 143711386, "side": "sell", "size": "500.00000000", "price": "0.73490000", "time": "2025-07-15T13:29:22.103922Z", "fetched_at": "2025-07-15T13:30:09.090349+00:00", "symbol": "ADA-USD"}, {"trade_id": 143711385, "side": "sell", "size": "1.40052962", "price": "0.73480000", "time": "2025-07-15T13:29:22.103922Z", "fetched_at": "2025-07-15T13:30:09.090349+00:00", "symbol": "ADA-USD"}, {"trade_id": 143711384, "side": "sell", "size": "12.07113441", "price": "0.73480000", "time": "2025-07-15T13:29:21.396587Z", "fetched_at": "2025-07-15T13:30:09.090349+00:00", "symbol": "ADA-USD"}, {"trade_id": 143711383, "side": "buy", "size": "62.59420418", "price": "0.73470000", "time": "2025-07-15T13:29:20.101163Z", "fetched_at": "2025-07-15T13:30:09.090349+00:00", "symbol": "ADA-USD"}, {"trade_id": 143711382, "side": "buy", "size": "1.50000000", "price": "0.73470000", "time": "2025-07-15T13:29:20.101163Z", "fetched_at": "2025-07-15T13:30:09.090349+00:00", "symbol": "ADA-USD"}, {"trade_id": 143711381, "side": "buy", "size": "50.00000000", "price": "0.73480000", "time": "2025-07-15T13:29:20.101163Z", "fetched_at": "2025-07-15T13:30:09.090349+00:00", "symbol": "ADA-USD"}, {"trade_id": 143711380, "side": "buy", "size": "12.90115782", "price": "0.73480000", "time": "2025-07-15T13:29:20.101163Z", "fetched_at": "2025-07-15T13:30:09.090349+00:00", "symbol": "ADA-USD"}, {"trade_id": 143711379, "side": "buy", "size": "1.50000000", "price": "0.73480000", "time": "2025-07-15T13:29:20.101163Z", "fetched_at": "2025-07-15T13:30:09.090349+00:00", "symbol": "ADA-USD"}, {"trade_id": 143711378, "side": "sell", "size": "6.20098522", "price": "0.73490000", "time": "2025-07-15T13:29:18.751654Z", "fetched_at": "2025-07-15T13:30:09.090349+00:00", "symbol": "ADA-USD"}, {"trade_id": 143711377, "side": "sell", "size": "400.00000000", "price": "0.73490000", "time": "2025-07-15T13:29:18.751654Z", "fetched_at": "2025-07-15T13:30:09.090349+00:00", "symbol": "ADA-USD"}, {"trade_id": 143711376, "side": "sell", "size": "131.33982000", "price": "0.73490000", "time": "2025-07-15T13:29:18.751654Z", "fetched_at": "2025-07-15T13:30:09.090349+00:00", "symbol": "ADA-USD"}, {"trade_id": 143711375, "side": "buy", "size": "4120.80000000", "price": "0.73490000", "time": "2025-07-15T13:29:18.734370Z", "fetched_at": "2025-07-15T13:30:09.090349+00:00", "symbol": "ADA-USD"}, {"trade_id": 143711374, "side": "buy", "size": "1.50000000", "price": "0.73490000", "time": "2025-07-15T13:29:18.734370Z", "fetched_at": "2025-07-15T13:30:09.090349+00:00", "symbol": "ADA-USD"}, {"trade_id": 143711373, "side": "sell", "size": "31.17648300", "price": "0.73510000", "time": "2025-07-15T13:29:16.055173Z", "fetched_at": "2025-07-15T13:30:09.090349+00:00", "symbol": "ADA-USD"}, {"trade_id": 143711372, "side": "sell", "size": "50.00000000", "price": "0.73510000", "time": "2025-07-15T13:29:16.055173Z", "fetched_at": "2025-07-15T13:30:09.090349+00:00", "symbol": "ADA-USD"}, {"trade_id": 143711371, "side": "sell", "size": "51.00306000", "price": "0.73510000", "time": "2025-07-15T13:29:16.055173Z", "fetched_at": "2025-07-15T13:30:09.090349+00:00", "symbol": "ADA-USD"}, {"trade_id": 143711370, "side": "sell", "size": "132.17954300", "price": "0.73520000", "time": "2025-07-15T13:29:11.049298Z", "fetched_at": "2025-07-15T13:30:09.090349+00:00", "symbol": "ADA-USD"}, {"trade_id": 143711369, "side": "buy", "size": "28.13146724", "price": "0.73500000", "time": "2025-07-15T13:29:09.505583Z", "fetched_at": "2025-07-15T13:30:09.090349+00:00", "symbol": "ADA-USD"}, {"trade_id": 143711368, "side": "buy", "size": "656.46568043", "price": "0.73510000", "time": "2025-07-15T13:29:09.505583Z", "fetched_at": "2025-07-15T13:30:09.090349+00:00", "symbol": "ADA-USD"}, {"trade_id": 143711367, "side": "buy", "size": "51.00306000", "price": "0.73510000", "time": "2025-07-15T13:29:09.505583Z", "fetched_at": "2025-07-15T13:30:09.090349+00:00", "symbol": "ADA-USD"}, {"trade_id": 143711366, "side": "buy", "size": "672.34617133", "price": "0.73510000", "time": "2025-07-15T13:29:09.505583Z", "fetched_at": "2025-07-15T13:30:09.090349+00:00", "symbol": "ADA-USD"}, {"trade_id": 143711365, "side": "sell", "size": "62.07515800", "price": "0.73510000", "time": "2025-07-15T13:29:07.209794Z", "fetched_at": "2025-07-15T13:30:09.090349+00:00", "symbol": "ADA-USD"}, {"trade_id": 143711364, "side": "sell", "size": "5.98905562", "price": "0.73510000", "time": "2025-07-15T13:29:07.171067Z", "fetched_at": "2025-07-15T13:30:09.090349+00:00", "symbol": "ADA-USD"}, {"trade_id": 143711363, "side": "sell", "size": "1.68241764", "price": "0.73510000", "time": "2025-07-15T13:29:07.171067Z", "fetched_at": "2025-07-15T13:30:09.090349+00:00", "symbol": "ADA-USD"}, {"trade_id": 143711362, "side": "buy", "size": "31.21703700", "price": "0.73500000", "time": "2025-07-15T13:29:06.242647Z", "fetched_at": "2025-07-15T13:30:09.090349+00:00", "symbol": "ADA-USD"}, {"trade_id": 143711361, "side": "buy", "size": "1.50000000", "price": "0.73500000", "time": "2025-07-15T13:29:06.242647Z", "fetched_at": "2025-07-15T13:30:09.090349+00:00", "symbol": "ADA-USD"}, {"trade_id": 143711360, "side": "sell", "size": "4134.57669927", "price": "0.73550000", "time": "2025-07-15T13:29:04.467623Z", "fetched_at": "2025-07-15T13:30:09.090349+00:00", "symbol": "ADA-USD"}, {"trade_id": 143711359, "side": "sell", "size": "567.00000000", "price": "0.73550000", "time": "2025-07-15T13:29:04.467623Z", "fetched_at": "2025-07-15T13:30:09.090349+00:00", "symbol": "ADA-USD"}, {"trade_id": 143711358, "side": "sell", "size": "400.00000000", "price": "0.73550000", "time": "2025-07-15T13:29:04.467623Z", "fetched_at": "2025-07-15T13:30:09.090349+00:00", "symbol": "ADA-USD"}, {"trade_id": 143711357, "side": "sell", "size": "1657.32480000", "price": "0.73550000", "time": "2025-07-15T13:29:04.467623Z", "fetched_at": "2025-07-15T13:30:09.090349+00:00", "symbol": "ADA-USD"}, {"trade_id": 143711356, "side": "sell", "size": "800.00000000", "price": "0.73540000", "time": "2025-07-15T13:29:04.467623Z", "fetched_at": "2025-07-15T13:30:09.090349+00:00", "symbol": "ADA-USD"}, {"trade_id": 143711355, "side": "sell", "size": "400.00000000", "price": "0.73540000", "time": "2025-07-15T13:29:04.467623Z", "fetched_at": "2025-07-15T13:30:09.090349+00:00", "symbol": "ADA-USD"}, {"trade_id": 143711354, "side": "sell", "size": "1658.00102000", "price": "0.73540000", "time": "2025-07-15T13:29:04.467623Z", "fetched_at": "2025-07-15T13:30:09.090349+00:00", "symbol": "ADA-USD"}, {"trade_id": 143711353, "side": "sell", "size": "1.50000000", "price": "0.73540000", "time": "2025-07-15T13:29:04.467623Z", "fetched_at": "2025-07-15T13:30:09.090349+00:00", "symbol": "ADA-USD"}, {"trade_id": 143711352, "side": "sell", "size": "574.45831674", "price": "0.73540000", "time": "2025-07-15T13:29:04.467623Z", "fetched_at": "2025-07-15T13:30:09.090349+00:00", "symbol": "ADA-USD"}, {"trade_id": 143711351, "side": "sell", "size": "567.00000000", "price": "0.73540000", "time": "2025-07-15T13:29:04.467623Z", "fetched_at": "2025-07-15T13:30:09.090349+00:00", "symbol": "ADA-USD"}, {"trade_id": 143711350, "side": "sell", "size": "275.69095044", "price": "0.73540000", "time": "2025-07-15T13:29:04.467623Z", "fetched_at": "2025-07-15T13:30:09.090349+00:00", "symbol": "ADA-USD"}, {"trade_id": 143711349, "side": "sell", "size": "677.35071709", "price": "0.73530000", "time": "2025-07-15T13:29:04.467623Z", "fetched_at": "2025-07-15T13:30:09.090349+00:00", "symbol": "ADA-USD"}, {"trade_id": 143711348, "side": "sell", "size": "1.50000000", "price": "0.73530000", "time": "2025-07-15T13:29:04.467623Z", "fetched_at": "2025-07-15T13:30:09.090349+00:00", "symbol": "ADA-USD"}, {"trade_id": 143711347, "side": "sell", "size": "400.00000000", "price": "0.73530000", "time": "2025-07-15T13:29:04.467623Z", "fetched_at": "2025-07-15T13:30:09.090349+00:00", "symbol": "ADA-USD"}, {"trade_id": 143711346, "side": "sell", "size": "1658.00102000", "price": "0.73530000", "time": "2025-07-15T13:29:04.467623Z", "fetched_at": "2025-07-15T13:30:09.090349+00:00", "symbol": "ADA-USD"}, {"trade_id": 143711345, "side": "sell", "size": "1658.22656000", "price": "0.73520000", "time": "2025-07-15T13:29:04.467623Z", "fetched_at": "2025-07-15T13:30:09.090349+00:00", "symbol": "ADA-USD"}, {"trade_id": 143711344, "side": "sell", "size": "2017.72072000", "price": "0.73520000", "time": "2025-07-15T13:29:04.467623Z", "fetched_at": "2025-07-15T13:30:09.090349+00:00", "symbol": "ADA-USD"}, {"trade_id": 143711343, "side": "sell", "size": "835.29934843", "price": "0.73520000", "time": "2025-07-15T13:29:04.467623Z", "fetched_at": "2025-07-15T13:30:09.090349+00:00", "symbol": "ADA-USD"}, {"trade_id": 143711342, "side": "sell", "size": "275.69095044", "price": "0.73520000", "time": "2025-07-15T13:29:04.467623Z", "fetched_at": "2025-07-15T13:30:09.090349+00:00", "symbol": "ADA-USD"}, {"trade_id": 143711341, "side": "sell", "size": "740.63513875", "price": "0.73520000", "time": "2025-07-15T13:29:04.467623Z", "fetched_at": "2025-07-15T13:30:09.090349+00:00", "symbol": "ADA-USD"}, {"trade_id": 143711340, "side": "sell", "size": "500.00000000", "price": "0.73510000", "time": "2025-07-15T13:29:04.467623Z", "fetched_at": "2025-07-15T13:30:09.090349+00:00", "symbol": "ADA-USD"}, {"trade_id": 143711339, "side": "sell", "size": "6.85275884", "price": "0.73510000", "time": "2025-07-15T13:29:04.467623Z", "fetched_at": "2025-07-15T13:30:09.090349+00:00", "symbol": "ADA-USD"}, {"trade_id": 143711338, "side": "buy", "size": "5.48920897", "price": "0.73510000", "time": "2025-07-15T13:29:02.959605Z", "fetched_at": "2025-07-15T13:30:09.090349+00:00", "symbol": "ADA-USD"}, {"trade_id": 143711337, "side": "buy", "size": "1.50000000", "price": "0.73510000", "time": "2025-07-15T13:29:02.959605Z", "fetched_at": "2025-07-15T13:30:09.090349+00:00", "symbol": "ADA-USD"}, {"trade_id": 143711336, "side": "buy", "size": "3.80821921", "price": "0.73530000", "time": "2025-07-15T13:28:59.371863Z", "fetched_at": "2025-07-15T13:30:09.090349+00:00", "symbol": "ADA-USD"}, {"trade_id": 143711335, "side": "sell", "size": "26.43321500", "price": "0.73560000", "time": "2025-07-15T13:28:58.196413Z", "fetched_at": "2025-07-15T13:30:09.090349+00:00", "symbol": "ADA-USD"}, {"trade_id": 143711334, "side": "buy", "size": "0.00008688", "price": "0.73570000", "time": "2025-07-15T13:28:58.072730Z", "fetched_at": "2025-07-15T13:30:09.090349+00:00", "symbol": "ADA-USD"}, {"trade_id": 143711333, "side": "buy", "size": "173.52550000", "price": "0.73570000", "time": "2025-07-15T13:28:58.071916Z", "fetched_at": "2025-07-15T13:30:09.090349+00:00", "symbol": "ADA-USD"}, {"trade_id": 143711332, "side": "buy", "size": "67.84260000", "price": "0.73570000", "time": "2025-07-15T13:28:57.718751Z", "fetched_at": "2025-07-15T13:30:09.090349+00:00", "symbol": "ADA-USD"}, {"trade_id": 143711331, "side": "sell", "size": "1.50000000", "price": "0.73570000", "time": "2025-07-15T13:28:57.700567Z", "fetched_at": "2025-07-15T13:30:09.090349+00:00", "symbol": "ADA-USD"}, {"trade_id": 143711330, "side": "sell", "size": "224.68789044", "price": "0.73560000", "time": "2025-07-15T13:28:57.668211Z", "fetched_at": "2025-07-15T13:30:09.090349+00:00", "symbol": "ADA-USD"}, {"trade_id": 143711329, "side": "sell", "size": "51.00306000", "price": "0.73560000", "time": "2025-07-15T13:28:57.657402Z", "fetched_at": "2025-07-15T13:30:09.090349+00:00", "symbol": "ADA-USD"}, {"trade_id": 143711328, "side": "sell", "size": "1.50000000", "price": "0.73560000", "time": "2025-07-15T13:28:57.652129Z", "fetched_at": "2025-07-15T13:30:09.090349+00:00", "symbol": "ADA-USD"}, {"trade_id": 143711327, "side": "sell", "size": "275.69095044", "price": "0.73560000", "time": "2025-07-15T13:28:57.652129Z", "fetched_at": "2025-07-15T13:30:09.090349+00:00", "symbol": "ADA-USD"}, {"trade_id": 143711326, "side": "sell", "size": "1.50000000", "price": "0.73550000", "time": "2025-07-15T13:28:57.639401Z", "fetched_at": "2025-07-15T13:30:09.090349+00:00", "symbol": "ADA-USD"}, {"trade_id": 143711325, "side": "sell", "size": "1.50000000", "price": "0.73540000", "time": "2025-07-15T13:28:57.401400Z", "fetched_at": "2025-07-15T13:30:09.090349+00:00", "symbol": "ADA-USD"}, {"trade_id": 143711324, "side": "sell", "size": "1.50000000", "price": "0.73520000", "time": "2025-07-15T13:28:55.357990Z", "fetched_at": "2025-07-15T13:30:09.090349+00:00", "symbol": "ADA-USD"}, {"trade_id": 143711323, "side": "sell", "size": "1.64771655", "price": "0.73510000", "time": "2025-07-15T13:28:51.945738Z", "fetched_at": "2025-07-15T13:30:09.090349+00:00", "symbol": "ADA-USD"}, {"trade_id": 143711322, "side": "sell", "size": "12.12543847", "price": "0.73500000", "time": "2025-07-15T13:28:51.759901Z", "fetched_at": "2025-07-15T13:30:09.090349+00:00", "symbol": "ADA-USD"}, {"trade_id": 143711321, "side": "buy", "size": "1246.53669968", "price": "0.73480000", "time": "2025-07-15T13:28:51.420196Z", "fetched_at": "2025-07-15T13:30:09.090349+00:00", "symbol": "ADA-USD"}, {"trade_id": 143711320, "side": "buy", "size": "844.89592723", "price": "0.73480000", "time": "2025-07-15T13:28:51.420196Z", "fetched_at": "2025-07-15T13:30:09.090349+00:00", "symbol": "ADA-USD"}, {"trade_id": 143711319, "side": "buy", "size": "12.48044851", "price": "0.73480000", "time": "2025-07-15T13:28:51.420196Z", "fetched_at": "2025-07-15T13:30:09.090349+00:00", "symbol": "ADA-USD"}, {"trade_id": 143711318, "side": "buy", "size": "1.50000000", "price": "0.73480000", "time": "2025-07-15T13:28:51.420196Z", "fetched_at": "2025-07-15T13:30:09.090349+00:00", "symbol": "ADA-USD"}, {"trade_id": 143711317, "side": "buy", "size": "51.00306000", "price": "0.73490000", "time": "2025-07-15T13:28:51.420196Z", "fetched_at": "2025-07-15T13:30:09.090349+00:00", "symbol": "ADA-USD"}, {"trade_id": 143711316, "side": "buy", "size": "581.68391871", "price": "0.73490000", "time": "2025-07-15T13:28:51.420196Z", "fetched_at": "2025-07-15T13:30:09.090349+00:00", "symbol": "ADA-USD"}, {"trade_id": 143711315, "side": "buy", "size": "50.00000000", "price": "0.73490000", "time": "2025-07-15T13:28:51.420196Z", "fetched_at": "2025-07-15T13:30:09.090349+00:00", "symbol": "ADA-USD"}, {"trade_id": 143711314, "side": "buy", "size": "747.97741087", "price": "0.73490000", "time": "2025-07-15T13:28:51.420196Z", "fetched_at": "2025-07-15T13:30:09.090349+00:00", "symbol": "ADA-USD"}, {"trade_id": 143711313, "side": "sell", "size": "11.77771152", "price": "0.73490000", "time": "2025-07-15T13:28:50.173588Z", "fetched_at": "2025-07-15T13:30:09.090349+00:00", "symbol": "ADA-USD"}, {"trade_id": 143711312, "side": "sell", "size": "642.98270720", "price": "0.73490000", "time": "2025-07-15T13:28:50.173588Z", "fetched_at": "2025-07-15T13:30:09.090349+00:00", "symbol": "ADA-USD"}, {"trade_id": 143711311, "side": "buy", "size": "368.38539549", "price": "0.73480000", "time": "2025-07-15T13:28:49.436545Z", "fetched_at": "2025-07-15T13:30:09.090349+00:00", "symbol": "ADA-USD"}, {"trade_id": 143711310, "side": "buy", "size": "13.60729351", "price": "0.73490000", "time": "2025-07-15T13:28:49.436545Z", "fetched_at": "2025-07-15T13:30:09.090349+00:00", "symbol": "ADA-USD"}, {"trade_id": 143711309, "side": "buy", "size": "50.00000000", "price": "0.73490000", "time": "2025-07-15T13:28:49.436545Z", "fetched_at": "2025-07-15T13:30:09.090349+00:00", "symbol": "ADA-USD"}, {"trade_id": 143711308, "side": "buy", "size": "1.50000000", "price": "0.73490000", "time": "2025-07-15T13:28:49.436545Z", "fetched_at": "2025-07-15T13:30:09.090349+00:00", "symbol": "ADA-USD"}, {"trade_id": 143711307, "side": "buy", "size": "1.50000000", "price": "0.73500000", "time": "2025-07-15T13:28:49.436545Z", "fetched_at": "2025-07-15T13:30:09.090349+00:00", "symbol": "ADA-USD"}, {"trade_id": 143711306, "side": "buy", "size": "1.50000000", "price": "0.73510000", "time": "2025-07-15T13:28:48.818971Z", "fetched_at": "2025-07-15T13:30:09.090349+00:00", "symbol": "ADA-USD"}, {"trade_id": 143711305, "side": "sell", "size": "150.40904956", "price": "0.73530000", "time": "2025-07-15T13:28:41.979174Z", "fetched_at": "2025-07-15T13:30:09.090349+00:00", "symbol": "ADA-USD"}, {"trade_id": 143711304, "side": "sell", "size": "275.69095044", "price": "0.73520000", "time": "2025-07-15T13:28:41.979174Z", "fetched_at": "2025-07-15T13:30:09.090349+00:00", "symbol": "ADA-USD"}, {"trade_id": 143711303, "side": "sell", "size": "51.00306000", "price": "0.73520000", "time": "2025-07-15T13:28:40.170665Z", "fetched_at": "2025-07-15T13:30:09.090349+00:00", "symbol": "ADA-USD"}, {"trade_id": 143711302, "side": "sell", "size": "397.99388000", "price": "0.73510000", "time": "2025-07-15T13:28:39.976452Z", "fetched_at": "2025-07-15T13:30:09.090349+00:00", "symbol": "ADA-USD"}, {"trade_id": 143711301, "side": "sell", "size": "51.00306000", "price": "0.73510000", "time": "2025-07-15T13:28:39.927435Z", "fetched_at": "2025-07-15T13:30:09.090349+00:00", "symbol": "ADA-USD"}, {"trade_id": 143711300, "side": "sell", "size": "51.00306000", "price": "0.73510000", "time": "2025-07-15T13:28:39.895688Z", "fetched_at": "2025-07-15T13:30:09.090349+00:00", "symbol": "ADA-USD"}, {"trade_id": 143711299, "side": "sell", "size": "256.90000000", "price": "0.73510000", "time": "2025-07-15T13:28:36.117031Z", "fetched_at": "2025-07-15T13:30:09.090349+00:00", "symbol": "ADA-USD"}, {"trade_id": 143711298, "side": "sell", "size": "567.00000000", "price": "0.73510000", "time": "2025-07-15T13:28:36.117031Z", "fetched_at": "2025-07-15T13:30:09.090349+00:00", "symbol": "ADA-USD"}, {"trade_id": 143711297, "side": "sell", "size": "692.56018000", "price": "0.73520000", "time": "2025-07-15T13:28:33.862234Z", "fetched_at": "2025-07-15T13:30:09.090349+00:00", "symbol": "ADA-USD"}, {"trade_id": 143711296, "side": "sell", "size": "131.33982000", "price": "0.73520000", "time": "2025-07-15T13:28:33.862234Z", "fetched_at": "2025-07-15T13:30:09.090349+00:00", "symbol": "ADA-USD"}, {"trade_id": 143711295, "side": "sell", "size": "807.77338739", "price": "0.73520000", "time": "2025-07-15T13:28:33.046549Z", "fetched_at": "2025-07-15T13:30:09.090349+00:00", "symbol": "ADA-USD"}, {"trade_id": 143711294, "side": "sell", "size": "400.00000000", "price": "0.73520000", "time": "2025-07-15T13:28:33.046549Z", "fetched_at": "2025-07-15T13:30:09.090349+00:00", "symbol": "ADA-USD"}, {"trade_id": 143711293, "side": "sell", "size": "709.31412017", "price": "0.73520000", "time": "2025-07-15T13:28:33.046549Z", "fetched_at": "2025-07-15T13:30:09.090349+00:00", "symbol": "ADA-USD"}, {"trade_id": 143711292, "side": "sell", "size": "275.69095044", "price": "0.73520000", "time": "2025-07-15T13:28:33.046549Z", "fetched_at": "2025-07-15T13:30:09.090349+00:00", "symbol": "ADA-USD"}, {"trade_id": 143711291, "side": "sell", "size": "500.00000000", "price": "0.73510000", "time": "2025-07-15T13:28:33.046549Z", "fetched_at": "2025-07-15T13:30:09.090349+00:00", "symbol": "ADA-USD"}, {"trade_id": 143711290, "side": "buy", "size": "1.50000000", "price": "0.73510000", "time": "2025-07-15T13:28:32.574560Z", "fetched_at": "2025-07-15T13:30:09.090349+00:00", "symbol": "ADA-USD"}, {"trade_id": 143711289, "side": "sell", "size": "272.50904956", "price": "0.73530000", "time": "2025-07-15T13:28:29.678105Z", "fetched_at": "2025-07-15T13:30:09.090349+00:00", "symbol": "ADA-USD"}, {"trade_id": 143711288, "side": "sell", "size": "275.69095044", "price": "0.73520000", "time": "2025-07-15T13:28:29.678105Z", "fetched_at": "2025-07-15T13:30:09.090349+00:00", "symbol": "ADA-USD"}, {"trade_id": 143711287, "side": "sell", "size": "275.69095044", "price": "0.73520000", "time": "2025-07-15T13:28:28.823633Z", "fetched_at": "2025-07-15T13:30:09.090349+00:00", "symbol": "ADA-USD"}, {"trade_id": 143711286, "side": "buy", "size": "31.20562176", "price": "0.73530000", "time": "2025-07-15T13:28:27.999903Z", "fetched_at": "2025-07-15T13:30:09.090349+00:00", "symbol": "ADA-USD"}, {"trade_id": 143711285, "side": "sell", "size": "5046.17527500", "price": "0.73520000", "time": "2025-07-15T13:28:27.897533Z", "fetched_at": "2025-07-15T13:30:09.090349+00:00", "symbol": "ADA-USD"}, {"trade_id": 143711284, "side": "sell", "size": "9.42472500", "price": "0.73520000", "time": "2025-07-15T13:28:26.027438Z", "fetched_at": "2025-07-15T13:30:09.090349+00:00", "symbol": "ADA-USD"}, {"trade_id": 143711283, "side": "sell", "size": "548.20904956", "price": "0.73520000", "time": "2025-07-15T13:28:24.905503Z", "fetched_at": "2025-07-15T13:30:09.090349+00:00", "symbol": "ADA-USD"}, {"trade_id": 143711282, "side": "sell", "size": "275.69095044", "price": "0.73520000", "time": "2025-07-15T13:28:24.905503Z", "fetched_at": "2025-07-15T13:30:09.090349+00:00", "symbol": "ADA-USD"}, {"trade_id": 143711281, "side": "buy", "size": "344.41064446", "price": "0.73520000", "time": "2025-07-15T13:28:20.731686Z", "fetched_at": "2025-07-15T13:30:09.090349+00:00", "symbol": "ADA-USD"}, {"trade_id": 143711280, "side": "buy", "size": "48.20904956", "price": "0.73520000", "time": "2025-07-15T13:28:20.731686Z", "fetched_at": "2025-07-15T13:30:09.090349+00:00", "symbol": "ADA-USD"}, {"trade_id": 143711279, "side": "sell", "size": "275.69095044", "price": "0.73520000", "time": "2025-07-15T13:28:20.212516Z", "fetched_at": "2025-07-15T13:30:09.090349+00:00", "symbol": "ADA-USD"}, {"trade_id": 143711278, "side": "sell", "size": "500.00000000", "price": "0.73520000", "time": "2025-07-15T13:28:20.212516Z", "fetched_at": "2025-07-15T13:30:09.090349+00:00", "symbol": "ADA-USD"}, {"trade_id": 143711277, "side": "sell", "size": "615.52624671", "price": "0.73520000", "time": "2025-07-15T13:28:18.352922Z", "fetched_at": "2025-07-15T13:30:09.090349+00:00", "symbol": "ADA-USD"}, {"trade_id": 143711276, "side": "sell", "size": "208.37375329", "price": "0.73520000", "time": "2025-07-15T13:28:18.352922Z", "fetched_at": "2025-07-15T13:30:09.090349+00:00", "symbol": "ADA-USD"}, {"trade_id": 143711275, "side": "sell", "size": "0.02814434", "price": "0.73520000", "time": "2025-07-15T13:28:17.312517Z", "fetched_at": "2025-07-15T13:30:09.090349+00:00", "symbol": "ADA-USD"}, {"trade_id": 143711274, "side": "sell", "size": "67.28905281", "price": "0.73520000", "time": "2025-07-15T13:28:17.296945Z", "fetched_at": "2025-07-15T13:30:09.090349+00:00", "symbol": "ADA-USD"}, {"trade_id": 143711273, "side": "buy", "size": "0.00000956", "price": "0.73520000", "time": "2025-07-15T13:28:16.456603Z", "fetched_at": "2025-07-15T13:30:09.090349+00:00", "symbol": "ADA-USD"}, {"trade_id": 143711272, "side": "buy", "size": "3330.50904000", "price": "0.73520000", "time": "2025-07-15T13:28:16.456399Z", "fetched_at": "2025-07-15T13:30:09.090349+00:00", "symbol": "ADA-USD"}, {"trade_id": 143711271, "side": "buy", "size": "512.00000000", "price": "0.73520000", "time": "2025-07-15T13:28:16.441480Z", "fetched_at": "2025-07-15T13:30:09.090349+00:00", "symbol": "ADA-USD"}, {"trade_id": 143711270, "side": "sell", "size": "39.64038100", "price": "0.73530000", "time": "2025-07-15T13:28:15.633451Z", "fetched_at": "2025-07-15T13:30:09.090349+00:00", "symbol": "ADA-USD"}, {"trade_id": 143711269, "side": "sell", "size": "51.00306000", "price": "0.73530000", "time": "2025-07-15T13:28:13.004288Z", "fetched_at": "2025-07-15T13:30:09.090349+00:00", "symbol": "ADA-USD"}, {"trade_id": 143711268, "side": "sell", "size": "33.03589900", "price": "0.73530000", "time": "2025-07-15T13:28:12.365695Z", "fetched_at": "2025-07-15T13:30:09.090349+00:00", "symbol": "ADA-USD"}, {"trade_id": 143711267, "side": "sell", "size": "275.69095044", "price": "0.73520000", "time": "2025-07-15T13:28:10.986762Z", "fetched_at": "2025-07-15T13:30:09.090349+00:00", "symbol": "ADA-USD"}, {"trade_id": 143711266, "side": "sell", "size": "46.44149970", "price": "0.73530000", "time": "2025-07-15T13:28:09.430044Z", "fetched_at": "2025-07-15T13:30:09.090349+00:00", "symbol": "ADA-USD"}, {"trade_id": 143711265, "side": "sell", "size": "500.00000000", "price": "0.73530000", "time": "2025-07-15T13:28:09.430044Z", "fetched_at": "2025-07-15T13:30:09.090349+00:00", "symbol": "ADA-USD"}, {"trade_id": 143711264, "side": "sell", "size": "1.46754986", "price": "0.73520000", "time": "2025-07-15T13:28:09.430044Z", "fetched_at": "2025-07-15T13:30:09.090349+00:00", "symbol": "ADA-USD"}, {"trade_id": 143711263, "side": "sell", "size": "275.69095044", "price": "0.73520000", "time": "2025-07-15T13:28:09.430044Z", "fetched_at": "2025-07-15T13:30:09.090349+00:00", "symbol": "ADA-USD"}, {"trade_id": 143711262, "side": "sell", "size": "11.42310653", "price": "0.73520000", "time": "2025-07-15T13:28:08.458045Z", "fetched_at": "2025-07-15T13:30:09.090349+00:00", "symbol": "ADA-USD"}, {"trade_id": 143711261, "side": "buy", "size": "12.99785897", "price": "0.73520000", "time": "2025-07-15T13:28:06.676818Z", "fetched_at": "2025-07-15T13:30:09.090349+00:00", "symbol": "ADA-USD"}, {"trade_id": 143711260, "side": "buy", "size": "1.50000000", "price": "0.73520000", "time": "2025-07-15T13:28:06.676818Z", "fetched_at": "2025-07-15T13:30:09.090349+00:00", "symbol": "ADA-USD"}, {"trade_id": 143711259, "side": "sell", "size": "47.80904956", "price": "0.73550000", "time": "2025-07-15T13:28:06.465850Z", "fetched_at": "2025-07-15T13:30:09.090349+00:00", "symbol": "ADA-USD"}, {"trade_id": 143711258, "side": "sell", "size": "500.00000000", "price": "0.73540000", "time": "2025-07-15T13:28:06.465850Z", "fetched_at": "2025-07-15T13:30:09.090349+00:00", "symbol": "ADA-USD"}, {"trade_id": 143711257, "side": "sell", "size": "275.69095044", "price": "0.73540000", "time": "2025-07-15T13:28:06.465850Z", "fetched_at": "2025-07-15T13:30:09.090349+00:00", "symbol": "ADA-USD"}, {"trade_id": 143711256, "side": "sell", "size": "47.80904956", "price": "0.73550000", "time": "2025-07-15T13:28:03.924314Z", "fetched_at": "2025-07-15T13:30:09.090349+00:00", "symbol": "ADA-USD"}, {"trade_id": 143711255, "side": "sell", "size": "275.69095044", "price": "0.73540000", "time": "2025-07-15T13:28:03.924314Z", "fetched_at": "2025-07-15T13:30:09.090349+00:00", "symbol": "ADA-USD"}, {"trade_id": 143711254, "side": "sell", "size": "500.00000000", "price": "0.73540000", "time": "2025-07-15T13:28:03.924314Z", "fetched_at": "2025-07-15T13:30:09.090349+00:00", "symbol": "ADA-USD"}, {"trade_id": 143711253, "side": "sell", "size": "4.00000000", "price": "0.73540000", "time": "2025-07-15T13:28:02.460940Z", "fetched_at": "2025-07-15T13:30:09.090349+00:00", "symbol": "ADA-USD"}, {"trade_id": 143711252, "side": "sell", "size": "47.70904956", "price": "0.73540000", "time": "2025-07-15T13:28:00.419039Z", "fetched_at": "2025-07-15T13:30:09.090349+00:00", "symbol": "ADA-USD"}, {"trade_id": 143711251, "side": "sell", "size": "275.69095044", "price": "0.73540000", "time": "2025-07-15T13:28:00.419039Z", "fetched_at": "2025-07-15T13:30:09.090349+00:00", "symbol": "ADA-USD"}, {"trade_id": 143711250, "side": "sell", "size": "500.00000000", "price": "0.73530000", "time": "2025-07-15T13:28:00.419039Z", "fetched_at": "2025-07-15T13:30:09.090349+00:00", "symbol": "ADA-USD"}, {"trade_id": 143711249, "side": "buy", "size": "464.83984472", "price": "0.73530000", "time": "2025-07-15T13:27:57.689842Z", "fetched_at": "2025-07-15T13:30:09.090349+00:00", "symbol": "ADA-USD"}, {"trade_id": 143711248, "side": "buy", "size": "377.11101429", "price": "0.73530000", "time": "2025-07-15T13:27:57.686722Z", "fetched_at": "2025-07-15T13:30:09.090349+00:00", "symbol": "ADA-USD"}, {"trade_id": 143711247, "side": "buy", "size": "2008.50000001", "price": "0.73530000", "time": "2025-07-15T13:27:57.652656Z", "fetched_at": "2025-07-15T13:30:09.090349+00:00", "symbol": "ADA-USD"}, {"trade_id": 143711246, "side": "buy", "size": "1.50000000", "price": "0.73530000", "time": "2025-07-15T13:27:57.652656Z", "fetched_at": "2025-07-15T13:30:09.090349+00:00", "symbol": "ADA-USD"}, {"trade_id": 143711245, "side": "buy", "size": "1.50000000", "price": "0.73540000", "time": "2025-07-15T13:27:57.647425Z", "fetched_at": "2025-07-15T13:30:09.090349+00:00", "symbol": "ADA-USD"}, {"trade_id": 143711244, "side": "buy", "size": "6.11452000", "price": "0.73550000", "time": "2025-07-15T13:27:57.636287Z", "fetched_at": "2025-07-15T13:30:09.090349+00:00", "symbol": "ADA-USD"}, {"trade_id": 143711243, "side": "buy", "size": "67.84260000", "price": "0.73550000", "time": "2025-07-15T13:27:57.471535Z", "fetched_at": "2025-07-15T13:30:09.090349+00:00", "symbol": "ADA-USD"}, {"trade_id": 143711242, "side": "sell", "size": "51.00306000", "price": "0.73550000", "time": "2025-07-15T13:27:57.326057Z", "fetched_at": "2025-07-15T13:30:09.090349+00:00", "symbol": "ADA-USD"}, {"trade_id": 143711241, "side": "sell", "size": "567.00000000", "price": "0.73550000", "time": "2025-07-15T13:27:57.326057Z", "fetched_at": "2025-07-15T13:30:09.090349+00:00", "symbol": "ADA-USD"}, {"trade_id": 143711240, "side": "sell", "size": "131.33982000", "price": "0.73550000", "time": "2025-07-15T13:27:57.326057Z", "fetched_at": "2025-07-15T13:30:09.090349+00:00", "symbol": "ADA-USD"}, {"trade_id": 143711239, "side": "buy", "size": "1.50000000", "price": "0.73550000", "time": "2025-07-15T13:27:56.476313Z", "fetched_at": "2025-07-15T13:30:09.090349+00:00", "symbol": "ADA-USD"}, {"trade_id": 143711238, "side": "sell", "size": "717.64972454", "price": "0.73560000", "time": "2025-07-15T13:27:56.272805Z", "fetched_at": "2025-07-15T13:30:09.090349+00:00", "symbol": "ADA-USD"}, {"trade_id": 143711237, "side": "sell", "size": "34.67760814", "price": "0.73560000", "time": "2025-07-15T13:27:56.272805Z", "fetched_at": "2025-07-15T13:30:09.090349+00:00", "symbol": "ADA-USD"}, {"trade_id": 143711236, "side": "sell", "size": "50.00000000", "price": "0.73560000", "time": "2025-07-15T13:27:56.272805Z", "fetched_at": "2025-07-15T13:30:09.090349+00:00", "symbol": "ADA-USD"}, {"trade_id": 143711235, "side": "sell", "size": "51.00306000", "price": "0.73560000", "time": "2025-07-15T13:27:56.272805Z", "fetched_at": "2025-07-15T13:30:09.090349+00:00", "symbol": "ADA-USD"}, {"trade_id": 143711234, "side": "sell", "size": "500.00000000", "price": "0.73560000", "time": "2025-07-15T13:27:56.272805Z", "fetched_at": "2025-07-15T13:30:09.090349+00:00", "symbol": "ADA-USD"}, {"trade_id": 143711233, "side": "sell", "size": "275.69095044", "price": "0.73560000", "time": "2025-07-15T13:27:56.272805Z", "fetched_at": "2025-07-15T13:30:09.090349+00:00", "symbol": "ADA-USD"}, {"trade_id": 143711232, "side": "buy", "size": "1.50000000", "price": "0.73560000", "time": "2025-07-15T13:27:54.575237Z", "fetched_at": "2025-07-15T13:30:09.090349+00:00", "symbol": "ADA-USD"}, {"trade_id": 143711231, "side": "sell", "size": "7.33732000", "price": "0.73570000", "time": "2025-07-15T13:27:54.218542Z", "fetched_at": "2025-07-15T13:30:09.090349+00:00", "symbol": "ADA-USD"}, {"trade_id": 143711230, "side": "sell", "size": "124.73443900", "price": "0.73570000", "time": "2025-07-15T13:27:54.218542Z", "fetched_at": "2025-07-15T13:30:09.090349+00:00", "symbol": "ADA-USD"}, {"trade_id": 143711229, "side": "sell", "size": "6.60538100", "price": "0.73570000", "time": "2025-07-15T13:27:54.149727Z", "fetched_at": "2025-07-15T13:30:09.090349+00:00", "symbol": "ADA-USD"}, {"trade_id": 143711228, "side": "buy", "size": "823.30000000", "price": "0.73570000", "time": "2025-07-15T13:27:53.443812Z", "fetched_at": "2025-07-15T13:30:09.090349+00:00", "symbol": "ADA-USD"}, {"trade_id": 143711227, "side": "sell", "size": "518.73439744", "price": "0.73570000", "time": "2025-07-15T13:27:49.559591Z", "fetched_at": "2025-07-15T13:30:09.090349+00:00", "symbol": "ADA-USD"}, {"trade_id": 143711226, "side": "buy", "size": "47.60904956", "price": "0.73580000", "time": "2025-07-15T13:27:49.425021Z", "fetched_at": "2025-07-15T13:30:09.090349+00:00", "symbol": "ADA-USD"}, {"trade_id": 143711225, "side": "sell", "size": "275.69095044", "price": "0.73580000", "time": "2025-07-15T13:27:48.427995Z", "fetched_at": "2025-07-15T13:30:09.090349+00:00", "symbol": "ADA-USD"}, {"trade_id": 143711224, "side": "sell", "size": "500.00000000", "price": "0.73580000", "time": "2025-07-15T13:27:48.427995Z", "fetched_at": "2025-07-15T13:30:09.090349+00:00", "symbol": "ADA-USD"}, {"trade_id": 143711223, "side": "sell", "size": "1.97784700", "price": "0.73580000", "time": "2025-07-15T13:27:46.478593Z", "fetched_at": "2025-07-15T13:30:09.090349+00:00", "symbol": "ADA-USD"}, {"trade_id": 143711222, "side": "sell", "size": "323.30000000", "price": "0.73550000", "time": "2025-07-15T13:27:45.175332Z", "fetched_at": "2025-07-15T13:30:09.090349+00:00", "symbol": "ADA-USD"}, {"trade_id": 143711221, "side": "sell", "size": "500.00000000", "price": "0.73550000", "time": "2025-07-15T13:27:45.175332Z", "fetched_at": "2025-07-15T13:30:09.090349+00:00", "symbol": "ADA-USD"}, {"trade_id": 143711220, "side": "buy", "size": "0.00000146", "price": "0.73550000", "time": "2025-07-15T13:27:42.585425Z", "fetched_at": "2025-07-15T13:30:09.090349+00:00", "symbol": "ADA-USD"}, {"trade_id": 143711219, "side": "buy", "size": "221.61727000", "price": "0.73550000", "time": "2025-07-15T13:27:42.584994Z", "fetched_at": "2025-07-15T13:30:09.090349+00:00", "symbol": "ADA-USD"}, {"trade_id": 143711218, "side": "buy", "size": "600.00000000", "price": "0.73550000", "time": "2025-07-15T13:27:42.574928Z", "fetched_at": "2025-07-15T13:30:09.090349+00:00", "symbol": "ADA-USD"}, {"trade_id": 143711217, "side": "sell", "size": "1.68272854", "price": "0.73550000", "time": "2025-07-15T13:27:42.480599Z", "fetched_at": "2025-07-15T13:30:09.090349+00:00", "symbol": "ADA-USD"}, {"trade_id": 143711216, "side": "buy", "size": "492.53012580", "price": "0.73550000", "time": "2025-07-15T13:27:40.128540Z", "fetched_at": "2025-07-15T13:30:09.090349+00:00", "symbol": "ADA-USD"}, {"trade_id": 143711215, "side": "buy", "size": "319.24100671", "price": "0.73550000", "time": "2025-07-15T13:27:40.127140Z", "fetched_at": "2025-07-15T13:30:09.090349+00:00", "symbol": "ADA-USD"}, {"trade_id": 143711214, "side": "sell", "size": "11.52886749", "price": "0.73550000", "time": "2025-07-15T13:27:40.085514Z", "fetched_at": "2025-07-15T13:30:09.090349+00:00", "symbol": "ADA-USD"}, {"trade_id": 143711213, "side": "buy", "size": "318.28455664", "price": "0.73540000", "time": "2025-07-15T13:27:39.259151Z", "fetched_at": "2025-07-15T13:30:09.090349+00:00", "symbol": "ADA-USD"}, {"trade_id": 143711212, "side": "buy", "size": "674.04988229", "price": "0.73540000", "time": "2025-07-15T13:27:39.259151Z", "fetched_at": "2025-07-15T13:30:09.090349+00:00", "symbol": "ADA-USD"}, {"trade_id": 143711211, "side": "buy", "size": "1.50000000", "price": "0.73540000", "time": "2025-07-15T13:27:39.259151Z", "fetched_at": "2025-07-15T13:30:09.090349+00:00", "symbol": "ADA-USD"}, {"trade_id": 143711210, "side": "buy", "size": "13.59619307", "price": "0.73550000", "time": "2025-07-15T13:27:39.259151Z", "fetched_at": "2025-07-15T13:30:09.090349+00:00", "symbol": "ADA-USD"}, {"trade_id": 143711209, "side": "buy", "size": "1.50000000", "price": "0.73550000", "time": "2025-07-15T13:27:39.259151Z", "fetched_at": "2025-07-15T13:30:09.090349+00:00", "symbol": "ADA-USD"}, {"trade_id": 143711208, "side": "buy", "size": "807.65520035", "price": "0.73570000", "time": "2025-07-15T13:27:38.500140Z", "fetched_at": "2025-07-15T13:30:09.090349+00:00", "symbol": "ADA-USD"}, {"trade_id": 143711207, "side": "sell", "size": "15.54479965", "price": "0.73570000", "time": "2025-07-15T13:27:37.913928Z", "fetched_at": "2025-07-15T13:30:09.090349+00:00", "symbol": "ADA-USD"}, {"trade_id": 143711206, "side": "sell", "size": "1.72797890", "price": "0.73550000", "time": "2025-07-15T13:27:35.234923Z", "fetched_at": "2025-07-15T13:30:09.090349+00:00", "symbol": "ADA-USD"}, {"trade_id": 143711205, "side": "buy", "size": "522.03235106", "price": "0.73550000", "time": "2025-07-15T13:27:34.469841Z", "fetched_at": "2025-07-15T13:30:09.090349+00:00", "symbol": "ADA-USD"}, {"trade_id": 143711204, "side": "sell", "size": "681.23798997", "price": "0.73550000", "time": "2025-07-15T13:27:34.431254Z", "fetched_at": "2025-07-15T13:30:09.090349+00:00", "symbol": "ADA-USD"}, {"trade_id": 143711203, "side": "sell", "size": "190.79853751", "price": "0.73550000", "time": "2025-07-15T13:27:34.431254Z", "fetched_at": "2025-07-15T13:30:09.090349+00:00", "symbol": "ADA-USD"}, {"trade_id": 143711202, "side": "sell", "size": "500.00000000", "price": "0.73550000", "time": "2025-07-15T13:27:34.431254Z", "fetched_at": "2025-07-15T13:30:09.090349+00:00", "symbol": "ADA-USD"}, {"trade_id": 143711201, "side": "sell", "size": "567.00000000", "price": "0.73550000", "time": "2025-07-15T13:27:34.431254Z", "fetched_at": "2025-07-15T13:30:09.090349+00:00", "symbol": "ADA-USD"}, {"trade_id": 143711200, "side": "sell", "size": "131.33982000", "price": "0.73550000", "time": "2025-07-15T13:27:34.431254Z", "fetched_at": "2025-07-15T13:30:09.090349+00:00", "symbol": "ADA-USD"}, {"trade_id": 143711199, "side": "sell", "size": "5.49538250", "price": "0.73550000", "time": "2025-07-15T13:27:34.431254Z", "fetched_at": "2025-07-15T13:30:09.090349+00:00", "symbol": "ADA-USD"}, {"trade_id": 143711198, "side": "sell", "size": "138.21699524", "price": "0.73550000", "time": "2025-07-15T13:27:31.737662Z", "fetched_at": "2025-07-15T13:30:09.090349+00:00", "symbol": "ADA-USD"}, {"trade_id": 143711197, "side": "buy", "size": "567.00000000", "price": "0.73550000", "time": "2025-07-15T13:27:31.132299Z", "fetched_at": "2025-07-15T13:30:09.090349+00:00", "symbol": "ADA-USD"}, {"trade_id": 143711196, "side": "buy", "size": "1.50000000", "price": "0.73550000", "time": "2025-07-15T13:27:31.132299Z", "fetched_at": "2025-07-15T13:30:09.090349+00:00", "symbol": "ADA-USD"}, {"trade_id": 143711195, "side": "buy", "size": "7.58788880", "price": "0.73560000", "time": "2025-07-15T13:27:29.452482Z", "fetched_at": "2025-07-15T13:30:09.090349+00:00", "symbol": "ADA-USD"}, {"trade_id": 143711194, "side": "buy", "size": "3984.66018000", "price": "0.73560000", "time": "2025-07-15T13:27:29.452482Z", "fetched_at": "2025-07-15T13:30:09.090349+00:00", "symbol": "ADA-USD"}, {"trade_id": 143711193, "side": "sell", "size": "131.33982000", "price": "0.73560000", "time": "2025-07-15T13:27:29.421448Z", "fetched_at": "2025-07-15T13:30:09.090349+00:00", "symbol": "ADA-USD"}, {"trade_id": 143711192, "side": "buy", "size": "70.21657100", "price": "0.73560000", "time": "2025-07-15T13:27:28.660291Z", "fetched_at": "2025-07-15T13:30:09.090349+00:00", "symbol": "ADA-USD"}, {"trade_id": 143711191, "side": "buy", "size": "1.50000000", "price": "0.73560000", "time": "2025-07-15T13:27:28.660291Z", "fetched_at": "2025-07-15T13:30:09.090349+00:00", "symbol": "ADA-USD"}, {"trade_id": 143711190, "side": "buy", "size": "1.50000000", "price": "0.73570000", "time": "2025-07-15T13:27:28.660291Z", "fetched_at": "2025-07-15T13:30:09.090349+00:00", "symbol": "ADA-USD"}, {"trade_id": 143711189, "side": "buy", "size": "137.28421900", "price": "0.73580000", "time": "2025-07-15T13:27:24.928047Z", "fetched_at": "2025-07-15T13:30:09.090349+00:00", "symbol": "ADA-USD"}, {"trade_id": 143711188, "side": "sell", "size": "500.00000000", "price": "0.73580000", "time": "2025-07-15T13:27:21.369411Z", "fetched_at": "2025-07-15T13:30:09.090349+00:00", "symbol": "ADA-USD"}, {"trade_id": 143711187, "side": "sell", "size": "275.69095044", "price": "0.73580000", "time": "2025-07-15T13:27:21.369411Z", "fetched_at": "2025-07-15T13:30:09.090349+00:00", "symbol": "ADA-USD"}, {"trade_id": 143711186, "side": "sell", "size": "1.50000000", "price": "0.73580000", "time": "2025-07-15T13:27:18.969337Z", "fetched_at": "2025-07-15T13:30:09.090349+00:00", "symbol": "ADA-USD"}, {"trade_id": 143711185, "side": "sell", "size": "500.00000000", "price": "0.73570000", "time": "2025-07-15T13:27:18.812300Z", "fetched_at": "2025-07-15T13:30:09.090349+00:00", "symbol": "ADA-USD"}, {"trade_id": 143711184, "side": "sell", "size": "275.69095044", "price": "0.73560000", "time": "2025-07-15T13:27:18.312445Z", "fetched_at": "2025-07-15T13:30:09.090349+00:00", "symbol": "ADA-USD"}, {"trade_id": 143711183, "side": "sell", "size": "1.92645195", "price": "0.73560000", "time": "2025-07-15T13:27:18.312445Z", "fetched_at": "2025-07-15T13:30:09.090349+00:00", "symbol": "ADA-USD"}, {"trade_id": 143711182, "side": "buy", "size": "808.76552324", "price": "0.73560000", "time": "2025-07-15T13:27:16.004021Z", "fetched_at": "2025-07-15T13:30:09.090349+00:00", "symbol": "ADA-USD"}, {"trade_id": 143711181, "side": "buy", "size": "1.50000000", "price": "0.73560000", "time": "2025-07-15T13:27:16.004021Z", "fetched_at": "2025-07-15T13:30:09.090349+00:00", "symbol": "ADA-USD"}, {"trade_id": 143711180, "side": "buy", "size": "1.41585607", "price": "0.73570000", "time": "2025-07-15T13:27:15.826405Z", "fetched_at": "2025-07-15T13:30:09.090349+00:00", "symbol": "ADA-USD"}, {"trade_id": 143711179, "side": "buy", "size": "1.50000000", "price": "0.73570000", "time": "2025-07-15T13:27:15.826405Z", "fetched_at": "2025-07-15T13:30:09.090349+00:00", "symbol": "ADA-USD"}, {"trade_id": 143711178, "side": "buy", "size": "59.66024400", "price": "0.73580000", "time": "2025-07-15T13:27:14.559422Z", "fetched_at": "2025-07-15T13:30:09.090349+00:00", "symbol": "ADA-USD"}, {"trade_id": 143711177, "side": "sell", "size": "3.43573877", "price": "0.73590000", "time": "2025-07-15T13:27:13.788831Z", "fetched_at": "2025-07-15T13:30:09.090349+00:00", "symbol": "ADA-USD"}, {"trade_id": 143711176, "side": "sell", "size": "1.50000000", "price": "0.73590000", "time": "2025-07-15T13:27:13.539422Z", "fetched_at": "2025-07-15T13:30:09.090349+00:00", "symbol": "ADA-USD"}, {"trade_id": 143711175, "side": "sell", "size": "2101.99694000", "price": "0.73590000", "time": "2025-07-15T13:27:13.521480Z", "fetched_at": "2025-07-15T13:30:09.090349+00:00", "symbol": "ADA-USD"}, {"trade_id": 143711174, "side": "sell", "size": "618.00306000", "price": "0.73580000", "time": "2025-07-15T13:27:13.521480Z", "fetched_at": "2025-07-15T13:30:09.090349+00:00", "symbol": "ADA-USD"}, {"trade_id": 143711173, "side": "sell", "size": "1389.10784000", "price": "0.73580000", "time": "2025-07-15T13:27:13.518781Z", "fetched_at": "2025-07-15T13:30:09.090349+00:00", "symbol": "ADA-USD"}, {"trade_id": 143711172, "side": "sell", "size": "844.89592723", "price": "0.73580000", "time": "2025-07-15T13:27:13.518781Z", "fetched_at": "2025-07-15T13:30:09.090349+00:00", "symbol": "ADA-USD"}, {"trade_id": 143711171, "side": "sell", "size": "500.00000000", "price": "0.73580000", "time": "2025-07-15T13:27:13.518781Z", "fetched_at": "2025-07-15T13:30:09.090349+00:00", "symbol": "ADA-USD"}, {"trade_id": 143711170, "side": "sell", "size": "275.69095044", "price": "0.73580000", "time": "2025-07-15T13:27:13.518781Z", "fetched_at": "2025-07-15T13:30:09.090349+00:00", "symbol": "ADA-USD"}, {"trade_id": 143711169, "side": "sell", "size": "51.00306000", "price": "0.73570000", "time": "2025-07-15T13:27:13.518781Z", "fetched_at": "2025-07-15T13:30:09.090349+00:00", "symbol": "ADA-USD"}, {"trade_id": 143711168, "side": "sell", "size": "567.00000000", "price": "0.73570000", "time": "2025-07-15T13:27:13.518781Z", "fetched_at": "2025-07-15T13:30:09.090349+00:00", "symbol": "ADA-USD"}, {"trade_id": 143711167, "side": "sell", "size": "13.01227933", "price": "0.73570000", "time": "2025-07-15T13:27:13.518781Z", "fetched_at": "2025-07-15T13:30:09.090349+00:00", "symbol": "ADA-USD"}, {"trade_id": 143711166, "side": "buy", "size": "5.62566128", "price": "0.73570000", "time": "2025-07-15T13:27:11.375241Z", "fetched_at": "2025-07-15T13:30:09.090349+00:00", "symbol": "ADA-USD"}, {"trade_id": 143711165, "side": "buy", "size": "1.50000000", "price": "0.73570000", "time": "2025-07-15T13:27:11.375241Z", "fetched_at": "2025-07-15T13:30:09.090349+00:00", "symbol": "ADA-USD"}, {"trade_id": 143711164, "side": "sell", "size": "26.33181086", "price": "0.73590000", "time": "2025-07-15T13:27:10.379076Z", "fetched_at": "2025-07-15T13:30:09.090349+00:00", "symbol": "ADA-USD"}, {"trade_id": 143711163, "side": "buy", "size": "400.89440453", "price": "0.73600000", "time": "2025-07-15T13:27:09.711409Z", "fetched_at": "2025-07-15T13:30:09.090349+00:00", "symbol": "ADA-USD"}, {"trade_id": 143711162, "side": "buy", "size": "3714.60559547", "price": "0.73600000", "time": "2025-07-15T13:27:09.710827Z", "fetched_at": "2025-07-15T13:30:09.090349+00:00", "symbol": "ADA-USD"}, {"trade_id": 143711161, "side": "sell", "size": "131.98207300", "price": "0.73610000", "time": "2025-07-15T13:27:09.194079Z", "fetched_at": "2025-07-15T13:30:09.090349+00:00", "symbol": "ADA-USD"}, {"trade_id": 143711160, "side": "buy", "size": "41.28228911", "price": "0.73600000", "time": "2025-07-15T13:27:08.328513Z", "fetched_at": "2025-07-15T13:30:09.090349+00:00", "symbol": "ADA-USD"}, {"trade_id": 143711159, "side": "buy", "size": "278.80759296", "price": "0.73610000", "time": "2025-07-15T13:27:08.322139Z", "fetched_at": "2025-07-15T13:30:09.090349+00:00", "symbol": "ADA-USD"}, {"trade_id": 143711158, "side": "buy", "size": "67.84260000", "price": "0.73600000", "time": "2025-07-15T13:27:08.224482Z", "fetched_at": "2025-07-15T13:30:09.090349+00:00", "symbol": "ADA-USD"}, {"trade_id": 143711157, "side": "sell", "size": "275.69095044", "price": "0.73600000", "time": "2025-07-15T13:27:08.216256Z", "fetched_at": "2025-07-15T13:30:09.090349+00:00", "symbol": "ADA-USD"}, {"trade_id": 143711156, "side": "sell", "size": "567.00000000", "price": "0.73600000", "time": "2025-07-15T13:27:08.216256Z", "fetched_at": "2025-07-15T13:30:09.090349+00:00", "symbol": "ADA-USD"}, {"trade_id": 143711155, "side": "sell", "size": "3474.44205000", "price": "0.73590000", "time": "2025-07-15T13:27:08.214824Z", "fetched_at": "2025-07-15T13:30:09.090349+00:00", "symbol": "ADA-USD"}, {"trade_id": 143711154, "side": "sell", "size": "2525.55795000", "price": "0.73590000", "time": "2025-07-15T13:27:08.213919Z", "fetched_at": "2025-07-15T13:30:09.090349+00:00", "symbol": "ADA-USD"}, {"trade_id": 143711153, "side": "sell", "size": "13.58780322", "price": "0.73580000", "time": "2025-07-15T13:27:08.142505Z", "fetched_at": "2025-07-15T13:30:09.090349+00:00", "symbol": "ADA-USD"}, {"trade_id": 143711152, "side": "sell", "size": "500.00000000", "price": "0.73580000", "time": "2025-07-15T13:27:08.142505Z", "fetched_at": "2025-07-15T13:30:09.090349+00:00", "symbol": "ADA-USD"}, {"trade_id": 143711151, "side": "buy", "size": "2.87464776", "price": "0.73580000", "time": "2025-07-15T13:27:07.875490Z", "fetched_at": "2025-07-15T13:30:09.090349+00:00", "symbol": "ADA-USD"}, {"trade_id": 143711150, "side": "buy", "size": "1.50000000", "price": "0.73580000", "time": "2025-07-15T13:27:07.875490Z", "fetched_at": "2025-07-15T13:30:09.090349+00:00", "symbol": "ADA-USD"}, {"trade_id": 143711149, "side": "buy", "size": "6.99512810", "price": "0.73590000", "time": "2025-07-15T13:27:07.745793Z", "fetched_at": "2025-07-15T13:30:09.090349+00:00", "symbol": "ADA-USD"}, {"trade_id": 143711148, "side": "buy", "size": "1.50000000", "price": "0.73590000", "time": "2025-07-15T13:27:07.745793Z", "fetched_at": "2025-07-15T13:30:09.090349+00:00", "symbol": "ADA-USD"}, {"trade_id": 143711147, "side": "sell", "size": "363.54702039", "price": "0.73610000", "time": "2025-07-15T13:27:05.477942Z", "fetched_at": "2025-07-15T13:30:09.090349+00:00", "symbol": "ADA-USD"}, {"trade_id": 143711146, "side": "sell", "size": "981.50000000", "price": "0.73610000", "time": "2025-07-15T13:27:05.477942Z", "fetched_at": "2025-07-15T13:30:09.090349+00:00", "symbol": "ADA-USD"}, {"trade_id": 143711145, "side": "sell", "size": "400.00000000", "price": "0.73610000", "time": "2025-07-15T13:27:05.477942Z", "fetched_at": "2025-07-15T13:30:09.090349+00:00", "symbol": "ADA-USD"}, {"trade_id": 143711144, "side": "sell", "size": "567.00000000", "price": "0.73610000", "time": "2025-07-15T13:27:05.477942Z", "fetched_at": "2025-07-15T13:30:09.090349+00:00", "symbol": "ADA-USD"}, {"trade_id": 143711143, "side": "sell", "size": "51.00306000", "price": "0.73600000", "time": "2025-07-15T13:27:05.477942Z", "fetched_at": "2025-07-15T13:30:09.090349+00:00", "symbol": "ADA-USD"}, {"trade_id": 143711142, "side": "sell", "size": "99.54506354", "price": "0.73600000", "time": "2025-07-15T13:27:05.477942Z", "fetched_at": "2025-07-15T13:30:09.090349+00:00", "symbol": "ADA-USD"}, {"trade_id": 143711141, "side": "sell", "size": "681.08806833", "price": "0.73600000", "time": "2025-07-15T13:27:05.477942Z", "fetched_at": "2025-07-15T13:30:09.090349+00:00", "symbol": "ADA-USD"}, {"trade_id": 143711140, "side": "sell", "size": "500.00000000", "price": "0.73600000", "time": "2025-07-15T13:27:05.477942Z", "fetched_at": "2025-07-15T13:30:09.090349+00:00", "symbol": "ADA-USD"}, {"trade_id": 143711139, "side": "sell", "size": "13.58601730", "price": "0.73600000", "time": "2025-07-15T13:27:05.477942Z", "fetched_at": "2025-07-15T13:30:09.090349+00:00", "symbol": "ADA-USD"}, {"trade_id": 143711138, "side": "sell", "size": "131.33982000", "price": "0.73600000", "time": "2025-07-15T13:27:05.477942Z", "fetched_at": "2025-07-15T13:30:09.090349+00:00", "symbol": "ADA-USD"}, {"trade_id": 143711137, "side": "sell", "size": "275.69095044", "price": "0.73600000", "time": "2025-07-15T13:27:05.477942Z", "fetched_at": "2025-07-15T13:30:09.090349+00:00", "symbol": "ADA-USD"}, {"trade_id": 143711136, "side": "sell", "size": "50.00000000", "price": "0.73600000", "time": "2025-07-15T13:27:05.477942Z", "fetched_at": "2025-07-15T13:30:09.090349+00:00", "symbol": "ADA-USD"}, {"trade_id": 143711135, "side": "buy", "size": "1.50000000", "price": "0.73600000", "time": "2025-07-15T13:27:04.857340Z", "fetched_at": "2025-07-15T13:30:09.090349+00:00", "symbol": "ADA-USD"}, {"trade_id": 143711134, "side": "sell", "size": "547.10904956", "price": "0.73620000", "time": "2025-07-15T13:27:03.867670Z", "fetched_at": "2025-07-15T13:30:09.090349+00:00", "symbol": "ADA-USD"}, {"trade_id": 143711133, "side": "sell", "size": "275.69095044", "price": "0.73620000", "time": "2025-07-15T13:27:03.867670Z", "fetched_at": "2025-07-15T13:30:09.090349+00:00", "symbol": "ADA-USD"}, {"trade_id": 143711132, "side": "buy", "size": "1.50000000", "price": "0.73610000", "time": "2025-07-15T13:27:03.051083Z", "fetched_at": "2025-07-15T13:30:09.090349+00:00", "symbol": "ADA-USD"}, {"trade_id": 143711131, "side": "buy", "size": "3.32799996", "price": "0.73620000", "time": "2025-07-15T13:27:02.980272Z", "fetched_at": "2025-07-15T13:30:09.090349+00:00", "symbol": "ADA-USD"}, {"trade_id": 143711130, "side": "buy", "size": "1.50000000", "price": "0.73620000", "time": "2025-07-15T13:27:02.980272Z", "fetched_at": "2025-07-15T13:30:09.090349+00:00", "symbol": "ADA-USD"}, {"trade_id": 143711129, "side": "buy", "size": "10.51515812", "price": "0.73630000", "time": "2025-07-15T13:27:02.352058Z", "fetched_at": "2025-07-15T13:30:09.090349+00:00", "symbol": "ADA-USD"}, {"trade_id": 143711128, "side": "sell", "size": "47.10904956", "price": "0.73640000", "time": "2025-07-15T13:27:02.252782Z", "fetched_at": "2025-07-15T13:30:09.090349+00:00", "symbol": "ADA-USD"}, {"trade_id": 143711127, "side": "sell", "size": "500.00000000", "price": "0.73640000", "time": "2025-07-15T13:27:02.252782Z", "fetched_at": "2025-07-15T13:30:09.090349+00:00", "symbol": "ADA-USD"}, {"trade_id": 143711126, "side": "sell", "size": "275.69095044", "price": "0.73640000", "time": "2025-07-15T13:27:02.252782Z", "fetched_at": "2025-07-15T13:30:09.090349+00:00", "symbol": "ADA-USD"}, {"trade_id": 143711125, "side": "buy", "size": "1.50000000", "price": "0.73630000", "time": "2025-07-15T13:26:58.731295Z", "fetched_at": "2025-07-15T13:30:09.090349+00:00", "symbol": "ADA-USD"}, {"trade_id": 143711124, "side": "buy", "size": "1.50000000", "price": "0.73640000", "time": "2025-07-15T13:26:58.688624Z", "fetched_at": "2025-07-15T13:30:09.090349+00:00", "symbol": "ADA-USD"}, {"trade_id": 143711123, "side": "buy", "size": "1.50000000", "price": "0.73650000", "time": "2025-07-15T13:26:58.530038Z", "fetched_at": "2025-07-15T13:30:09.090349+00:00", "symbol": "ADA-USD"}, {"trade_id": 143711122, "side": "buy", "size": "822.70000000", "price": "0.73670000", "time": "2025-07-15T13:26:58.217603Z", "fetched_at": "2025-07-15T13:30:09.090349+00:00", "symbol": "ADA-USD"}, {"trade_id": 143711121, "side": "sell", "size": "30.69785400", "price": "0.73680000", "time": "2025-07-15T13:26:57.696943Z", "fetched_at": "2025-07-15T13:30:09.090349+00:00", "symbol": "ADA-USD"}, {"trade_id": 143711120, "side": "sell", "size": "1.50000000", "price": "0.73680000", "time": "2025-07-15T13:26:57.696943Z", "fetched_at": "2025-07-15T13:30:09.090349+00:00", "symbol": "ADA-USD"}, {"trade_id": 143711119, "side": "sell", "size": "31.49103700", "price": "0.73670000", "time": "2025-07-15T13:26:54.918009Z", "fetched_at": "2025-07-15T13:30:09.090349+00:00", "symbol": "ADA-USD"}, {"trade_id": 143711118, "side": "sell", "size": "1.50000000", "price": "0.73670000", "time": "2025-07-15T13:26:54.918009Z", "fetched_at": "2025-07-15T13:30:09.090349+00:00", "symbol": "ADA-USD"}, {"trade_id": 143711117, "side": "buy", "size": "137.19098100", "price": "0.73650000", "time": "2025-07-15T13:26:54.573364Z", "fetched_at": "2025-07-15T13:30:09.090349+00:00", "symbol": "ADA-USD"}, {"trade_id": 143711116, "side": "sell", "size": "3.37401207", "price": "0.73650000", "time": "2025-07-15T13:26:53.939863Z", "fetched_at": "2025-07-15T13:30:09.090349+00:00", "symbol": "ADA-USD"}, {"trade_id": 143711115, "side": "sell", "size": "806.05790099", "price": "0.73660000", "time": "2025-07-15T13:26:51.653435Z", "fetched_at": "2025-07-15T13:30:09.090349+00:00", "symbol": "ADA-USD"}, {"trade_id": 143711114, "side": "sell", "size": "844.89592723", "price": "0.73660000", "time": "2025-07-15T13:26:51.653435Z", "fetched_at": "2025-07-15T13:30:09.090349+00:00", "symbol": "ADA-USD"}, {"trade_id": 143711113, "side": "sell", "size": "1357.95763172", "price": "0.73660000", "time": "2025-07-15T13:26:51.653435Z", "fetched_at": "2025-07-15T13:30:09.090349+00:00", "symbol": "ADA-USD"}, {"trade_id": 143711112, "side": "sell", "size": "1.50000000", "price": "0.73660000", "time": "2025-07-15T13:26:51.653435Z", "fetched_at": "2025-07-15T13:30:09.090349+00:00", "symbol": "ADA-USD"}, {"trade_id": 143711111, "side": "sell", "size": "275.69095044", "price": "0.73660000", "time": "2025-07-15T13:26:51.653435Z", "fetched_at": "2025-07-15T13:30:09.090349+00:00", "symbol": "ADA-USD"}, {"trade_id": 143711110, "side": "sell", "size": "13.58232862", "price": "0.73650000", "time": "2025-07-15T13:26:51.653435Z", "fetched_at": "2025-07-15T13:30:09.090349+00:00", "symbol": "ADA-USD"}, {"trade_id": 143711109, "side": "buy", "size": "678.55870123", "price": "0.73630000", "time": "2025-07-15T13:26:50.505078Z", "fetched_at": "2025-07-15T13:30:09.090349+00:00", "symbol": "ADA-USD"}, {"trade_id": 143711108, "side": "buy", "size": "844.89592723", "price": "0.73630000", "time": "2025-07-15T13:26:50.505078Z", "fetched_at": "2025-07-15T13:30:09.090349+00:00", "symbol": "ADA-USD"}, {"trade_id": 143711107, "side": "buy", "size": "474.72714467", "price": "0.73630000", "time": "2025-07-15T13:26:50.505078Z", "fetched_at": "2025-07-15T13:30:09.090349+00:00", "symbol": "ADA-USD"}, {"trade_id": 143711106, "side": "buy", "size": "567.00000000", "price": "0.73640000", "time": "2025-07-15T13:26:50.505078Z", "fetched_at": "2025-07-15T13:30:09.090349+00:00", "symbol": "ADA-USD"}, {"trade_id": 143711105, "side": "buy", "size": "2.44202687", "price": "0.73640000", "time": "2025-07-15T13:26:50.505078Z", "fetched_at": "2025-07-15T13:30:09.090349+00:00", "symbol": "ADA-USD"}, {"trade_id": 143711104, "side": "buy", "size": "92.27285533", "price": "0.73630000", "time": "2025-07-15T13:26:50.476348Z", "fetched_at": "2025-07-15T13:30:09.090349+00:00", "symbol": "ADA-USD"}, {"trade_id": 143711103, "side": "buy", "size": "1.50000000", "price": "0.73630000", "time": "2025-07-15T13:26:50.476348Z", "fetched_at": "2025-07-15T13:30:09.090349+00:00", "symbol": "ADA-USD"}, {"trade_id": 143711102, "side": "buy", "size": "1357.95763172", "price": "0.73640000", "time": "2025-07-15T13:26:50.476348Z", "fetched_at": "2025-07-15T13:30:09.090349+00:00", "symbol": "ADA-USD"}, {"trade_id": 143711101, "side": "buy", "size": "2.44202687", "price": "0.73640000", "time": "2025-07-15T13:26:50.476348Z", "fetched_at": "2025-07-15T13:30:09.090349+00:00", "symbol": "ADA-USD"}, {"trade_id": 143711100, "side": "buy", "size": "617.25608608", "price": "0.73640000", "time": "2025-07-15T13:26:50.476348Z", "fetched_at": "2025-07-15T13:30:09.090349+00:00", "symbol": "ADA-USD"}, {"trade_id": 143711099, "side": "buy", "size": "50.00000000", "price": "0.73640000", "time": "2025-07-15T13:26:50.476348Z", "fetched_at": "2025-07-15T13:30:09.090349+00:00", "symbol": "ADA-USD"}, {"trade_id": 143711098, "side": "buy", "size": "477.50000000", "price": "0.73650000", "time": "2025-07-15T13:26:49.059420Z", "fetched_at": "2025-07-15T13:30:09.090349+00:00", "symbol": "ADA-USD"}, {"trade_id": 143711097, "side": "sell", "size": "1.50000000", "price": "0.73650000", "time": "2025-07-15T13:26:48.325872Z", "fetched_at": "2025-07-15T13:30:09.090349+00:00", "symbol": "ADA-USD"}, {"trade_id": 143711096, "side": "buy", "size": "67.84260000", "price": "0.73640000", "time": "2025-07-15T13:26:47.878332Z", "fetched_at": "2025-07-15T13:30:09.090349+00:00", "symbol": "ADA-USD"}, {"trade_id": 143711095, "side": "sell", "size": "275.69095044", "price": "0.73640000", "time": "2025-07-15T13:26:47.849598Z", "fetched_at": "2025-07-15T13:30:09.090349+00:00", "symbol": "ADA-USD"}, {"trade_id": 143711094, "side": "sell", "size": "67.20977600", "price": "0.73640000", "time": "2025-07-15T13:26:47.573045Z", "fetched_at": "2025-07-15T13:30:09.090349+00:00", "symbol": "ADA-USD"}, {"trade_id": 143711093, "side": "buy", "size": "16.00000000", "price": "0.73630000", "time": "2025-07-15T13:26:46.636598Z", "fetched_at": "2025-07-15T13:30:09.090349+00:00", "symbol": "ADA-USD"}, {"trade_id": 143711092, "side": "buy", "size": "23.25712000", "price": "0.73630000", "time": "2025-07-15T13:26:44.243422Z", "fetched_at": "2025-07-15T13:30:09.090349+00:00", "symbol": "ADA-USD"}, {"trade_id": 143711091, "side": "sell", "size": "567.00000000", "price": "0.73630000", "time": "2025-07-15T13:26:44.160123Z", "fetched_at": "2025-07-15T13:30:09.090349+00:00", "symbol": "ADA-USD"}, {"trade_id": 143711090, "side": "sell", "size": "131.33982000", "price": "0.73630000", "time": "2025-07-15T13:26:44.160123Z", "fetched_at": "2025-07-15T13:30:09.090349+00:00", "symbol": "ADA-USD"}, {"trade_id": 143711089, "side": "sell", "size": "50.00000000", "price": "0.73630000", "time": "2025-07-15T13:26:44.160123Z", "fetched_at": "2025-07-15T13:30:09.090349+00:00", "symbol": "ADA-USD"}, {"trade_id": 143711088, "side": "sell", "size": "51.00306000", "price": "0.73630000", "time": "2025-07-15T13:26:44.160123Z", "fetched_at": "2025-07-15T13:30:09.090349+00:00", "symbol": "ADA-USD"}, {"trade_id": 143711087, "side": "sell", "size": "13.58232862", "price": "0.73620000", "time": "2025-07-15T13:26:42.396564Z", "fetched_at": "2025-07-15T13:30:09.090349+00:00", "symbol": "ADA-USD"}, {"trade_id": 143711086, "side": "buy", "size": "8.71771089", "price": "0.73610000", "time": "2025-07-15T13:26:37.966005Z", "fetched_at": "2025-07-15T13:30:09.090349+00:00", "symbol": "ADA-USD"}, {"trade_id": 143711085, "side": "buy", "size": "3.45719111", "price": "0.73610000", "time": "2025-07-15T13:26:37.966005Z", "fetched_at": "2025-07-15T13:30:09.090349+00:00", "symbol": "ADA-USD"}, {"trade_id": 143711084, "side": "buy", "size": "1.50000000", "price": "0.73610000", "time": "2025-07-15T13:26:37.966005Z", "fetched_at": "2025-07-15T13:30:09.090349+00:00", "symbol": "ADA-USD"}, {"trade_id": 143711083, "side": "buy", "size": "9.84526081", "price": "0.73620000", "time": "2025-07-15T13:26:33.668576Z", "fetched_at": "2025-07-15T13:30:09.090349+00:00", "symbol": "ADA-USD"}, {"trade_id": 143711082, "side": "buy", "size": "1.50000000", "price": "0.73620000", "time": "2025-07-15T13:26:33.668576Z", "fetched_at": "2025-07-15T13:30:09.090349+00:00", "symbol": "ADA-USD"}, {"trade_id": 143711081, "side": "buy", "size": "13.58142062", "price": "0.73630000", "time": "2025-07-15T13:26:33.236934Z", "fetched_at": "2025-07-15T13:30:09.090349+00:00", "symbol": "ADA-USD"}, {"trade_id": 143711080, "side": "sell", "size": "1.50000000", "price": "0.73680000", "time": "2025-07-15T13:26:24.156366Z", "fetched_at": "2025-07-15T13:30:09.090349+00:00", "symbol": "ADA-USD"}, {"trade_id": 143711079, "side": "sell", "size": "54.87893921", "price": "0.73680000", "time": "2025-07-15T13:26:24.156366Z", "fetched_at": "2025-07-15T13:30:09.090349+00:00", "symbol": "ADA-USD"}, {"trade_id": 143711078, "side": "sell", "size": "450.49694000", "price": "0.73670000", "time": "2025-07-15T13:26:24.138374Z", "fetched_at": "2025-07-15T13:30:09.090349+00:00", "symbol": "ADA-USD"}, {"trade_id": 143711077, "side": "sell", "size": "49.50306000", "price": "0.73670000", "time": "2025-07-15T13:26:24.137094Z", "fetched_at": "2025-07-15T13:30:09.090349+00:00", "symbol": "ADA-USD"}, {"trade_id": 143711076, "side": "sell", "size": "1.50000000", "price": "0.73670000", "time": "2025-07-15T13:26:24.137094Z", "fetched_at": "2025-07-15T13:30:09.090349+00:00", "symbol": "ADA-USD"}, {"trade_id": 143711075, "side": "sell", "size": "1.50000000", "price": "0.73660000", "time": "2025-07-15T13:26:23.316342Z", "fetched_at": "2025-07-15T13:30:09.090349+00:00", "symbol": "ADA-USD"}, {"trade_id": 143711074, "side": "sell", "size": "1.50000000", "price": "0.73650000", "time": "2025-07-15T13:26:22.830936Z", "fetched_at": "2025-07-15T13:30:09.090349+00:00", "symbol": "ADA-USD"}, {"trade_id": 143711073, "side": "sell", "size": "1.50000000", "price": "0.73640000", "time": "2025-07-15T13:26:19.031265Z", "fetched_at": "2025-07-15T13:30:09.090349+00:00", "symbol": "ADA-USD"}, {"trade_id": 143711072, "side": "sell", "size": "1.50000000", "price": "0.73630000", "time": "2025-07-15T13:26:18.087140Z", "fetched_at": "2025-07-15T13:30:09.090349+00:00", "symbol": "ADA-USD"}, {"trade_id": 143711071, "side": "sell", "size": "1.50000000", "price": "0.73620000", "time": "2025-07-15T13:26:16.263590Z", "fetched_at": "2025-07-15T13:30:09.090349+00:00", "symbol": "ADA-USD"}, {"trade_id": 143711070, "side": "sell", "size": "251.70000000", "price": "0.73610000", "time": "2025-07-15T13:26:14.000174Z", "fetched_at": "2025-07-15T13:30:09.090349+00:00", "symbol": "ADA-USD"}, {"trade_id": 143711069, "side": "sell", "size": "1.50000000", "price": "0.73610000", "time": "2025-07-15T13:26:14.000174Z", "fetched_at": "2025-07-15T13:30:09.090349+00:00", "symbol": "ADA-USD"}, {"trade_id": 143711068, "side": "buy", "size": "67.84260000", "price": "0.73600000", "time": "2025-07-15T13:26:12.552958Z", "fetched_at": "2025-07-15T13:30:09.090349+00:00", "symbol": "ADA-USD"}, {"trade_id": 143711067, "side": "sell", "size": "500.00000000", "price": "0.73600000", "time": "2025-07-15T13:26:12.136947Z", "fetched_at": "2025-07-15T13:30:09.090349+00:00", "symbol": "ADA-USD"}, {"trade_id": 143711066, "side": "sell", "size": "1.50000000", "price": "0.73600000", "time": "2025-07-15T13:26:12.136947Z", "fetched_at": "2025-07-15T13:30:09.090349+00:00", "symbol": "ADA-USD"}, {"trade_id": 143711065, "side": "buy", "size": "127.82056368", "price": "0.73580000", "time": "2025-07-15T13:26:08.731487Z", "fetched_at": "2025-07-15T13:30:09.090349+00:00", "symbol": "ADA-USD"}, {"trade_id": 143711064, "side": "buy", "size": "72.75237000", "price": "0.73580000", "time": "2025-07-15T13:26:08.731425Z", "fetched_at": "2025-07-15T13:30:09.090349+00:00", "symbol": "ADA-USD"}, {"trade_id": 143711063, "side": "buy", "size": "51.00306000", "price": "0.73580000", "time": "2025-07-15T13:26:08.729924Z", "fetched_at": "2025-07-15T13:30:09.090349+00:00", "symbol": "ADA-USD"}, {"trade_id": 143711062, "side": "sell", "size": "567.00000000", "price": "0.73580000", "time": "2025-07-15T13:26:08.121767Z", "fetched_at": "2025-07-15T13:30:09.090349+00:00", "symbol": "ADA-USD"}, {"trade_id": 143711061, "side": "sell", "size": "2.52887400", "price": "0.73580000", "time": "2025-07-15T13:26:08.121767Z", "fetched_at": "2025-07-15T13:30:09.090349+00:00", "symbol": "ADA-USD"}, {"trade_id": 143711060, "side": "sell", "size": "1.49513232", "price": "0.73580000", "time": "2025-07-15T13:26:08.121767Z", "fetched_at": "2025-07-15T13:30:09.090349+00:00", "symbol": "ADA-USD"}, {"trade_id": 143711059, "side": "sell", "size": "6.50649024", "price": "0.73590000", "time": "2025-07-15T13:26:07.405592Z", "fetched_at": "2025-07-15T13:30:09.090349+00:00", "symbol": "ADA-USD"}, {"trade_id": 143711058, "side": "sell", "size": "1.50000000", "price": "0.73590000", "time": "2025-07-15T13:26:07.405592Z", "fetched_at": "2025-07-15T13:30:09.090349+00:00", "symbol": "ADA-USD"}, {"trade_id": 143711057, "side": "sell", "size": "1.99350976", "price": "0.73580000", "time": "2025-07-15T13:26:07.405592Z", "fetched_at": "2025-07-15T13:30:09.090349+00:00", "symbol": "ADA-USD"}, {"trade_id": 143711056, "side": "buy", "size": "4112.90000000", "price": "0.73570000", "time": "2025-07-15T13:26:05.301582Z", "fetched_at": "2025-07-15T13:30:09.090349+00:00", "symbol": "ADA-USD"}, {"trade_id": 143711055, "side": "sell", "size": "583.48872859", "price": "0.73570000", "time": "2025-07-15T13:26:04.036066Z", "fetched_at": "2025-07-15T13:30:09.090349+00:00", "symbol": "ADA-USD"}, {"trade_id": 143711054, "side": "sell", "size": "850.29735421", "price": "0.73570000", "time": "2025-07-15T13:26:04.036066Z", "fetched_at": "2025-07-15T13:30:09.090349+00:00", "symbol": "ADA-USD"}, {"trade_id": 143711053, "side": "sell", "size": "782.06513607", "price": "0.73570000", "time": "2025-07-15T13:26:04.036043Z", "fetched_at": "2025-07-15T13:30:09.090349+00:00", "symbol": "ADA-USD"}, {"trade_id": 143711052, "side": "sell", "size": "24.73689972", "price": "0.73570000", "time": "2025-07-15T13:26:04.035917Z", "fetched_at": "2025-07-15T13:30:09.090349+00:00", "symbol": "ADA-USD"}, {"trade_id": 143711051, "side": "sell", "size": "831.90760358", "price": "0.73570000", "time": "2025-07-15T13:26:04.035917Z", "fetched_at": "2025-07-15T13:30:09.090349+00:00", "symbol": "ADA-USD"}, {"trade_id": 143711050, "side": "sell", "size": "1222.71305642", "price": "0.73570000", "time": "2025-07-15T13:26:04.035809Z", "fetched_at": "2025-07-15T13:30:09.090349+00:00", "symbol": "ADA-USD"}, {"trade_id": 143711049, "side": "sell", "size": "844.89592723", "price": "0.73570000", "time": "2025-07-15T13:26:04.035809Z", "fetched_at": "2025-07-15T13:30:09.090349+00:00", "symbol": "ADA-USD"}, {"trade_id": 143711048, "side": "sell", "size": "275.69095044", "price": "0.73570000", "time": "2025-07-15T13:26:04.035809Z", "fetched_at": "2025-07-15T13:30:09.090349+00:00", "symbol": "ADA-USD"}, {"trade_id": 143711047, "side": "sell", "size": "11.60876638", "price": "0.73560000", "time": "2025-07-15T13:26:04.035809Z", "fetched_at": "2025-07-15T13:30:09.090349+00:00", "symbol": "ADA-USD"}, {"trade_id": 143711046, "side": "sell", "size": "51.00306000", "price": "0.73560000", "time": "2025-07-15T13:26:04.035809Z", "fetched_at": "2025-07-15T13:30:09.090349+00:00", "symbol": "ADA-USD"}, {"trade_id": 143711045, "side": "sell", "size": "50.00000000", "price": "0.73560000", "time": "2025-07-15T13:26:04.035809Z", "fetched_at": "2025-07-15T13:30:09.090349+00:00", "symbol": "ADA-USD"}, {"trade_id": 143711044, "side": "sell", "size": "567.00000000", "price": "0.73560000", "time": "2025-07-15T13:26:04.035809Z", "fetched_at": "2025-07-15T13:30:09.090349+00:00", "symbol": "ADA-USD"}, {"trade_id": 143711043, "side": "sell", "size": "1.84016286", "price": "0.73560000", "time": "2025-07-15T13:26:04.035809Z", "fetched_at": "2025-07-15T13:30:09.090349+00:00", "symbol": "ADA-USD"}, {"trade_id": 143711042, "side": "buy", "size": "822.50000000", "price": "0.73570000", "time": "2025-07-15T13:26:02.520550Z", "fetched_at": "2025-07-15T13:30:09.090349+00:00", "symbol": "ADA-USD"}, {"trade_id": 143711041, "side": "sell", "size": "7.15177537", "price": "0.73580000", "time": "2025-07-15T13:26:01.136262Z", "fetched_at": "2025-07-15T13:30:09.090349+00:00", "symbol": "ADA-USD"}, {"trade_id": 143711040, "side": "sell", "size": "3.27140063", "price": "0.73570000", "time": "2025-07-15T13:26:01.136262Z", "fetched_at": "2025-07-15T13:30:09.090349+00:00", "symbol": "ADA-USD"}, {"trade_id": 143711039, "side": "sell", "size": "4.36186751", "price": "0.73560000", "time": "2025-07-15T13:26:00.294993Z", "fetched_at": "2025-07-15T13:30:09.090349+00:00", "symbol": "ADA-USD"}, {"trade_id": 143711038, "side": "buy", "size": "13.59434476", "price": "0.73560000", "time": "2025-07-15T13:26:00.286045Z", "fetched_at": "2025-07-15T13:30:09.090349+00:00", "symbol": "ADA-USD"}, {"trade_id": 143711037, "side": "buy", "size": "822.50000000", "price": "0.73560000", "time": "2025-07-15T13:26:00.286045Z", "fetched_at": "2025-07-15T13:30:09.090349+00:00", "symbol": "ADA-USD"}, {"trade_id": 143711036, "side": "buy", "size": "547.41194904", "price": "0.73560000", "time": "2025-07-15T13:26:00.286045Z", "fetched_at": "2025-07-15T13:30:09.090349+00:00", "symbol": "ADA-USD"}, {"trade_id": 143711035, "side": "sell", "size": "1.50000000", "price": "0.73580000", "time": "2025-07-15T13:25:57.470486Z", "fetched_at": "2025-07-15T13:30:09.090349+00:00", "symbol": "ADA-USD"}, {"trade_id": 143711034, "side": "sell", "size": "390.11571932", "price": "0.73560000", "time": "2025-07-15T13:25:57.276398Z", "fetched_at": "2025-07-15T13:30:09.090349+00:00", "symbol": "ADA-USD"}, {"trade_id": 143711033, "side": "sell", "size": "278.50000000", "price": "0.73560000", "time": "2025-07-15T13:25:57.275856Z", "fetched_at": "2025-07-15T13:30:09.090349+00:00", "symbol": "ADA-USD"}, {"trade_id": 143711032, "side": "sell", "size": "1.50000000", "price": "0.73560000", "time": "2025-07-15T13:25:57.275856Z", "fetched_at": "2025-07-15T13:30:09.090349+00:00", "symbol": "ADA-USD"}, {"trade_id": 143711031, "side": "sell", "size": "381.74896319", "price": "0.73550000", "time": "2025-07-15T13:25:57.268071Z", "fetched_at": "2025-07-15T13:30:09.090349+00:00", "symbol": "ADA-USD"}, {"trade_id": 143711030, "side": "sell", "size": "425.94108197", "price": "0.73550000", "time": "2025-07-15T13:25:57.268001Z", "fetched_at": "2025-07-15T13:30:09.090349+00:00", "symbol": "ADA-USD"}, {"trade_id": 143711029, "side": "sell", "size": "1.50000000", "price": "0.73550000", "time": "2025-07-15T13:25:57.268001Z", "fetched_at": "2025-07-15T13:30:09.090349+00:00", "symbol": "ADA-USD"}, {"trade_id": 143711028, "side": "sell", "size": "2056.61936879", "price": "0.73550000", "time": "2025-07-15T13:25:57.268001Z", "fetched_at": "2025-07-15T13:30:09.090349+00:00", "symbol": "ADA-USD"}, {"trade_id": 143711027, "side": "sell", "size": "858.75269981", "price": "0.73550000", "time": "2025-07-15T13:25:57.268001Z", "fetched_at": "2025-07-15T13:30:09.090349+00:00", "symbol": "ADA-USD"}, {"trade_id": 143711026, "side": "sell", "size": "1783.75453376", "price": "0.73550000", "time": "2025-07-15T13:25:57.268001Z", "fetched_at": "2025-07-15T13:30:09.090349+00:00", "symbol": "ADA-USD"}, {"trade_id": 143711025, "side": "sell", "size": "844.89592723", "price": "0.73550000", "time": "2025-07-15T13:25:57.268001Z", "fetched_at": "2025-07-15T13:30:09.090349+00:00", "symbol": "ADA-USD"}, {"trade_id": 143711024, "side": "sell", "size": "275.69095044", "price": "0.73550000", "time": "2025-07-15T13:25:57.268001Z", "fetched_at": "2025-07-15T13:30:09.090349+00:00", "symbol": "ADA-USD"}, {"trade_id": 143711023, "side": "sell", "size": "275.69095044", "price": "0.73530000", "time": "2025-07-15T13:25:57.264682Z", "fetched_at": "2025-07-15T13:30:09.090349+00:00", "symbol": "ADA-USD"}, {"trade_id": 143711022, "side": "sell", "size": "535.88365086", "price": "0.73540000", "time": "2025-07-15T13:25:57.241362Z", "fetched_at": "2025-07-15T13:30:09.090349+00:00", "symbol": "ADA-USD"}, {"trade_id": 143711021, "side": "sell", "size": "5.81582334", "price": "0.73540000", "time": "2025-07-15T13:25:57.241362Z", "fetched_at": "2025-07-15T13:30:09.090349+00:00", "symbol": "ADA-USD"}, {"trade_id": 143711020, "side": "sell", "size": "275.69095044", "price": "0.73530000", "time": "2025-07-15T13:25:57.241362Z", "fetched_at": "2025-07-15T13:30:09.090349+00:00", "symbol": "ADA-USD"}, {"trade_id": 143711019, "side": "sell", "size": "5.00957536", "price": "0.73530000", "time": "2025-07-15T13:25:57.241362Z", "fetched_at": "2025-07-15T13:30:09.090349+00:00", "symbol": "ADA-USD"}, {"trade_id": 143711018, "side": "sell", "size": "2.58175800", "price": "0.73530000", "time": "2025-07-15T13:25:56.471140Z", "fetched_at": "2025-07-15T13:30:09.090349+00:00", "symbol": "ADA-USD"}, {"trade_id": 143711017, "side": "buy", "size": "674.40296887", "price": "0.73540000", "time": "2025-07-15T13:25:54.554794Z", "fetched_at": "2025-07-15T13:30:09.090349+00:00", "symbol": "ADA-USD"}, {"trade_id": 143711016, "side": "buy", "size": "67.84260000", "price": "0.73540000", "time": "2025-07-15T13:25:54.519262Z", "fetched_at": "2025-07-15T13:30:09.090349+00:00", "symbol": "ADA-USD"}, {"trade_id": 143711015, "side": "sell", "size": "7.75443113", "price": "0.73540000", "time": "2025-07-15T13:25:54.508302Z", "fetched_at": "2025-07-15T13:30:09.090349+00:00", "symbol": "ADA-USD"}, {"trade_id": 143711014, "side": "sell", "size": "275.69095044", "price": "0.73530000", "time": "2025-07-15T13:25:54.405706Z", "fetched_at": "2025-07-15T13:30:09.090349+00:00", "symbol": "ADA-USD"}, {"trade_id": 143711013, "side": "sell", "size": "13.60252629", "price": "0.73530000", "time": "2025-07-15T13:25:54.395981Z", "fetched_at": "2025-07-15T13:30:09.090349+00:00", "symbol": "ADA-USD"}, {"trade_id": 143711012, "side": "sell", "size": "500.00000000", "price": "0.73530000", "time": "2025-07-15T13:25:54.395981Z", "fetched_at": "2025-07-15T13:30:09.090349+00:00", "symbol": "ADA-USD"}, {"trade_id": 143711011, "side": "sell", "size": "1366.40910649", "price": "0.73530000", "time": "2025-07-15T13:25:54.395981Z", "fetched_at": "2025-07-15T13:30:09.090349+00:00", "symbol": "ADA-USD"}, {"trade_id": 143711010, "side": "sell", "size": "275.69095044", "price": "0.73530000", "time": "2025-07-15T13:25:54.395981Z", "fetched_at": "2025-07-15T13:30:09.090349+00:00", "symbol": "ADA-USD"}, {"trade_id": 143711009, "side": "sell", "size": "51.00306000", "price": "0.73520000", "time": "2025-07-15T13:25:54.150811Z", "fetched_at": "2025-07-15T13:30:09.090349+00:00", "symbol": "ADA-USD"}, {"trade_id": 143711008, "side": "sell", "size": "13.59346960", "price": "0.73520000", "time": "2025-07-15T13:25:54.150811Z", "fetched_at": "2025-07-15T13:30:09.090349+00:00", "symbol": "ADA-USD"}, {"trade_id": 143711007, "side": "sell", "size": "7.75206481", "price": "0.73520000", "time": "2025-07-15T13:25:54.150811Z", "fetched_at": "2025-07-15T13:30:09.090349+00:00", "symbol": "ADA-USD"}, {"trade_id": 143711006, "side": "buy", "size": "1.50000000", "price": "0.73520000", "time": "2025-07-15T13:25:52.984152Z", "fetched_at": "2025-07-15T13:30:09.090349+00:00", "symbol": "ADA-USD"}, {"trade_id": 143711005, "side": "buy", "size": "1.50000000", "price": "0.73530000", "time": "2025-07-15T13:25:52.937731Z", "fetched_at": "2025-07-15T13:30:09.090349+00:00", "symbol": "ADA-USD"}, {"trade_id": 143711004, "side": "buy", "size": "1.41359803", "price": "0.73540000", "time": "2025-07-15T13:25:52.459736Z", "fetched_at": "2025-07-15T13:30:09.090349+00:00", "symbol": "ADA-USD"}, {"trade_id": 143711003, "side": "buy", "size": "1.50000000", "price": "0.73540000", "time": "2025-07-15T13:25:52.459736Z", "fetched_at": "2025-07-15T13:30:09.090349+00:00", "symbol": "ADA-USD"}, {"trade_id": 143711002, "side": "buy", "size": "3.65776991", "price": "0.73550000", "time": "2025-07-15T13:25:51.475143Z", "fetched_at": "2025-07-15T13:30:09.090349+00:00", "symbol": "ADA-USD"}, {"trade_id": 143711001, "side": "buy", "size": "1.50000000", "price": "0.73550000", "time": "2025-07-15T13:25:51.475143Z", "fetched_at": "2025-07-15T13:30:09.090349+00:00", "symbol": "ADA-USD"}, {"trade_id": 143711000, "side": "buy", "size": "3.73739333", "price": "0.73560000", "time": "2025-07-15T13:25:51.299702Z", "fetched_at": "2025-07-15T13:30:09.090349+00:00", "symbol": "ADA-USD"}, {"trade_id": 143710999, "side": "buy", "size": "1.50000000", "price": "0.73560000", "time": "2025-07-15T13:25:51.299702Z", "fetched_at": "2025-07-15T13:30:09.090349+00:00", "symbol": "ADA-USD"}, {"trade_id": 143710998, "side": "buy", "size": "822.30000000", "price": "0.73570000", "time": "2025-07-15T13:25:50.835082Z", "fetched_at": "2025-07-15T13:30:09.090349+00:00", "symbol": "ADA-USD"}, {"trade_id": 143710997, "side": "buy", "size": "3.64931472", "price": "0.73570000", "time": "2025-07-15T13:25:50.835082Z", "fetched_at": "2025-07-15T13:30:09.090349+00:00", "symbol": "ADA-USD"}, {"trade_id": 143710996, "side": "buy", "size": "1.50000000", "price": "0.73570000", "time": "2025-07-15T13:25:50.835082Z", "fetched_at": "2025-07-15T13:30:09.090349+00:00", "symbol": "ADA-USD"}, {"trade_id": 143710995, "side": "buy", "size": "6.38841786", "price": "0.73580000", "time": "2025-07-15T13:25:50.215728Z", "fetched_at": "2025-07-15T13:30:09.090349+00:00", "symbol": "ADA-USD"}, {"trade_id": 143710994, "side": "buy", "size": "1.50000000", "price": "0.73580000", "time": "2025-07-15T13:25:50.215728Z", "fetched_at": "2025-07-15T13:30:09.090349+00:00", "symbol": "ADA-USD"}, {"trade_id": 143710993, "side": "sell", "size": "10.30073300", "price": "0.73590000", "time": "2025-07-15T13:25:50.073225Z", "fetched_at": "2025-07-15T13:30:09.090349+00:00", "symbol": "ADA-USD"}, {"trade_id": 143710992, "side": "buy", "size": "13.58880283", "price": "0.73590000", "time": "2025-07-15T13:25:48.899599Z", "fetched_at": "2025-07-15T13:30:09.090349+00:00", "symbol": "ADA-USD"}, {"trade_id": 143710991, "side": "buy", "size": "1.50000000", "price": "0.73590000", "time": "2025-07-15T13:25:48.899599Z", "fetched_at": "2025-07-15T13:30:09.090349+00:00", "symbol": "ADA-USD"}, {"trade_id": 143710990, "side": "buy", "size": "676.53691690", "price": "0.73630000", "time": "2025-07-15T13:25:48.051229Z", "fetched_at": "2025-07-15T13:30:09.090349+00:00", "symbol": "ADA-USD"}, {"trade_id": 143710989, "side": "sell", "size": "12.92326310", "price": "0.73630000", "time": "2025-07-15T13:25:48.031138Z", "fetched_at": "2025-07-15T13:30:09.090349+00:00", "symbol": "ADA-USD"}, {"trade_id": 143710988, "side": "sell", "size": "131.33982000", "price": "0.73630000", "time": "2025-07-15T13:25:48.031138Z", "fetched_at": "2025-07-15T13:30:09.090349+00:00", "symbol": "ADA-USD"}, {"trade_id": 143710987, "side": "sell", "size": "1.50000000", "price": "0.73630000", "time": "2025-07-15T13:25:47.820653Z", "fetched_at": "2025-07-15T13:30:09.090349+00:00", "symbol": "ADA-USD"}, {"trade_id": 143710986, "side": "sell", "size": "1.50000000", "price": "0.73620000", "time": "2025-07-15T13:25:47.726647Z", "fetched_at": "2025-07-15T13:30:09.090349+00:00", "symbol": "ADA-USD"}, {"trade_id": 143710985, "side": "sell", "size": "11.96770177", "price": "0.73610000", "time": "2025-07-15T13:25:47.667968Z", "fetched_at": "2025-07-15T13:30:09.090349+00:00", "symbol": "ADA-USD"}, {"trade_id": 143710984, "side": "buy", "size": "13.58511072", "price": "0.73610000", "time": "2025-07-15T13:25:46.849433Z", "fetched_at": "2025-07-15T13:30:09.090349+00:00", "symbol": "ADA-USD"}