[{"trade_id": 143739348, "side": "buy", "size": "136.83244200", "price": "0.73240000", "time": "2025-07-15T16:39:30.995997Z", "fetched_at": "2025-07-15T16:39:33.613033+00:00", "symbol": "ADA-USD"}, {"trade_id": 143739347, "side": "sell", "size": "177.52917669", "price": "0.73250000", "time": "2025-07-15T16:39:28.184154Z", "fetched_at": "2025-07-15T16:39:33.613033+00:00", "symbol": "ADA-USD"}, {"trade_id": 143739346, "side": "sell", "size": "1.60000000", "price": "0.73250000", "time": "2025-07-15T16:39:28.184154Z", "fetched_at": "2025-07-15T16:39:33.613033+00:00", "symbol": "ADA-USD"}, {"trade_id": 143739345, "side": "sell", "size": "80.29580888", "price": "0.73250000", "time": "2025-07-15T16:39:28.184154Z", "fetched_at": "2025-07-15T16:39:33.613033+00:00", "symbol": "ADA-USD"}, {"trade_id": 143739344, "side": "sell", "size": "1.60000000", "price": "0.73240000", "time": "2025-07-15T16:39:24.438469Z", "fetched_at": "2025-07-15T16:39:33.613033+00:00", "symbol": "ADA-USD"}, {"trade_id": 143739343, "side": "sell", "size": "1.60000000", "price": "0.73230000", "time": "2025-07-15T16:39:23.155071Z", "fetched_at": "2025-07-15T16:39:33.613033+00:00", "symbol": "ADA-USD"}, {"trade_id": 143739342, "side": "buy", "size": "44.09564615", "price": "0.73220000", "time": "2025-07-15T16:39:21.492803Z", "fetched_at": "2025-07-15T16:39:33.613033+00:00", "symbol": "ADA-USD"}, {"trade_id": 143739341, "side": "buy", "size": "8.25018585", "price": "0.73220000", "time": "2025-07-15T16:39:21.492803Z", "fetched_at": "2025-07-15T16:39:33.613033+00:00", "symbol": "ADA-USD"}, {"trade_id": 143739340, "side": "sell", "size": "700.48270982", "price": "0.73210000", "time": "2025-07-15T16:39:17.012198Z", "fetched_at": "2025-07-15T16:39:33.613033+00:00", "symbol": "ADA-USD"}, {"trade_id": 143739339, "side": "buy", "size": "11.96504327", "price": "0.73210000", "time": "2025-07-15T16:39:12.856244Z", "fetched_at": "2025-07-15T16:39:33.613033+00:00", "symbol": "ADA-USD"}, {"trade_id": 143739338, "side": "sell", "size": "64.77868900", "price": "0.73220000", "time": "2025-07-15T16:39:07.408197Z", "fetched_at": "2025-07-15T16:39:33.613033+00:00", "symbol": "ADA-USD"}, {"trade_id": 143739337, "side": "sell", "size": "1.60000000", "price": "0.73220000", "time": "2025-07-15T16:39:07.408197Z", "fetched_at": "2025-07-15T16:39:33.613033+00:00", "symbol": "ADA-USD"}, {"trade_id": 143739336, "side": "buy", "size": "275.69095044", "price": "0.73200000", "time": "2025-07-15T16:39:04.731574Z", "fetched_at": "2025-07-15T16:39:33.613033+00:00", "symbol": "ADA-USD"}, {"trade_id": 143739335, "side": "buy", "size": "653.07681991", "price": "0.73200000", "time": "2025-07-15T16:39:04.721745Z", "fetched_at": "2025-07-15T16:39:33.613033+00:00", "symbol": "ADA-USD"}, {"trade_id": 143739334, "side": "buy", "size": "161.57347569", "price": "0.73200000", "time": "2025-07-15T16:39:04.721083Z", "fetched_at": "2025-07-15T16:39:33.613033+00:00", "symbol": "ADA-USD"}, {"trade_id": 143739333, "side": "buy", "size": "689.08889646", "price": "0.73200000", "time": "2025-07-15T16:39:04.721083Z", "fetched_at": "2025-07-15T16:39:33.613033+00:00", "symbol": "ADA-USD"}, {"trade_id": 143739332, "side": "buy", "size": "500.00000000", "price": "0.73200000", "time": "2025-07-15T16:39:04.721083Z", "fetched_at": "2025-07-15T16:39:33.613033+00:00", "symbol": "ADA-USD"}, {"trade_id": 143739331, "side": "buy", "size": "1292.85742592", "price": "0.73200000", "time": "2025-07-15T16:39:04.721083Z", "fetched_at": "2025-07-15T16:39:33.613033+00:00", "symbol": "ADA-USD"}, {"trade_id": 143739330, "side": "buy", "size": "275.69095044", "price": "0.73200000", "time": "2025-07-15T16:39:04.721083Z", "fetched_at": "2025-07-15T16:39:33.613033+00:00", "symbol": "ADA-USD"}, {"trade_id": 143739329, "side": "buy", "size": "177.56571083", "price": "0.73210000", "time": "2025-07-15T16:39:04.721083Z", "fetched_at": "2025-07-15T16:39:33.613033+00:00", "symbol": "ADA-USD"}, {"trade_id": 143739328, "side": "buy", "size": "4987.50000000", "price": "0.73210000", "time": "2025-07-15T16:39:04.721083Z", "fetched_at": "2025-07-15T16:39:33.613033+00:00", "symbol": "ADA-USD"}, {"trade_id": 143739327, "side": "buy", "size": "3837.37165423", "price": "0.73210000", "time": "2025-07-15T16:39:04.719831Z", "fetched_at": "2025-07-15T16:39:33.613033+00:00", "symbol": "ADA-USD"}, {"trade_id": 143739326, "side": "buy", "size": "2123.45834577", "price": "0.73210000", "time": "2025-07-15T16:39:04.715392Z", "fetched_at": "2025-07-15T16:39:33.613033+00:00", "symbol": "ADA-USD"}, {"trade_id": 143739325, "side": "buy", "size": "729.97312416", "price": "0.73210000", "time": "2025-07-15T16:39:04.715392Z", "fetched_at": "2025-07-15T16:39:33.613033+00:00", "symbol": "ADA-USD"}, {"trade_id": 143739324, "side": "buy", "size": "4988.50000000", "price": "0.73210000", "time": "2025-07-15T16:39:04.715392Z", "fetched_at": "2025-07-15T16:39:33.613033+00:00", "symbol": "ADA-USD"}, {"trade_id": 143739323, "side": "buy", "size": "177.56571083", "price": "0.73210000", "time": "2025-07-15T16:39:04.715392Z", "fetched_at": "2025-07-15T16:39:33.613033+00:00", "symbol": "ADA-USD"}, {"trade_id": 143739322, "side": "buy", "size": "64.77927858", "price": "0.73210000", "time": "2025-07-15T16:39:04.715392Z", "fetched_at": "2025-07-15T16:39:33.613033+00:00", "symbol": "ADA-USD"}, {"trade_id": 143739321, "side": "sell", "size": "1.60000000", "price": "0.73210000", "time": "2025-07-15T16:39:02.570757Z", "fetched_at": "2025-07-15T16:39:33.613033+00:00", "symbol": "ADA-USD"}, {"trade_id": 143739320, "side": "sell", "size": "2362.86067460", "price": "0.73200000", "time": "2025-07-15T16:39:01.790709Z", "fetched_at": "2025-07-15T16:39:33.613033+00:00", "symbol": "ADA-USD"}, {"trade_id": 143739319, "side": "sell", "size": "474.90240693", "price": "0.73200000", "time": "2025-07-15T16:39:01.782921Z", "fetched_at": "2025-07-15T16:39:33.613033+00:00", "symbol": "ADA-USD"}, {"trade_id": 143739318, "side": "sell", "size": "4414.29812687", "price": "0.73200000", "time": "2025-07-15T16:39:01.773622Z", "fetched_at": "2025-07-15T16:39:33.613033+00:00", "symbol": "ADA-USD"}, {"trade_id": 143739317, "side": "sell", "size": "2837.76308157", "price": "0.73200000", "time": "2025-07-15T16:39:01.773545Z", "fetched_at": "2025-07-15T16:39:33.613033+00:00", "symbol": "ADA-USD"}, {"trade_id": 143739316, "side": "sell", "size": "2089.00000000", "price": "0.73200000", "time": "2025-07-15T16:39:01.755569Z", "fetched_at": "2025-07-15T16:39:33.613033+00:00", "symbol": "ADA-USD"}, {"trade_id": 143739315, "side": "sell", "size": "2690.00000000", "price": "0.73200000", "time": "2025-07-15T16:39:01.730225Z", "fetched_at": "2025-07-15T16:39:33.613033+00:00", "symbol": "ADA-USD"}, {"trade_id": 143739314, "side": "sell", "size": "244.74393436", "price": "0.73200000", "time": "2025-07-15T16:39:01.729031Z", "fetched_at": "2025-07-15T16:39:33.613033+00:00", "symbol": "ADA-USD"}, {"trade_id": 143739313, "side": "sell", "size": "67.84260000", "price": "0.73200000", "time": "2025-07-15T16:39:01.726445Z", "fetched_at": "2025-07-15T16:39:33.613033+00:00", "symbol": "ADA-USD"}, {"trade_id": 143739312, "side": "sell", "size": "297.30277856", "price": "0.73200000", "time": "2025-07-15T16:39:01.716468Z", "fetched_at": "2025-07-15T16:39:33.613033+00:00", "symbol": "ADA-USD"}, {"trade_id": 143739311, "side": "sell", "size": "67.84260000", "price": "0.73200000", "time": "2025-07-15T16:39:01.716172Z", "fetched_at": "2025-07-15T16:39:33.613033+00:00", "symbol": "ADA-USD"}, {"trade_id": 143739310, "side": "sell", "size": "3005.63506498", "price": "0.73200000", "time": "2025-07-15T16:39:01.715681Z", "fetched_at": "2025-07-15T16:39:33.613033+00:00", "symbol": "ADA-USD"}, {"trade_id": 143739309, "side": "sell", "size": "2981.84375840", "price": "0.73200000", "time": "2025-07-15T16:39:01.713815Z", "fetched_at": "2025-07-15T16:39:33.613033+00:00", "symbol": "ADA-USD"}, {"trade_id": 143739308, "side": "sell", "size": "5257.87875484", "price": "0.73200000", "time": "2025-07-15T16:39:01.713758Z", "fetched_at": "2025-07-15T16:39:33.613033+00:00", "symbol": "ADA-USD"}, {"trade_id": 143739307, "side": "sell", "size": "1911.23496216", "price": "0.73200000", "time": "2025-07-15T16:39:01.713210Z", "fetched_at": "2025-07-15T16:39:33.613033+00:00", "symbol": "ADA-USD"}, {"trade_id": 143739306, "side": "sell", "size": "2157.07846353", "price": "0.73200000", "time": "2025-07-15T16:39:01.712461Z", "fetched_at": "2025-07-15T16:39:33.613033+00:00", "symbol": "ADA-USD"}, {"trade_id": 143739305, "side": "sell", "size": "2057.34848045", "price": "0.73200000", "time": "2025-07-15T16:39:01.692911Z", "fetched_at": "2025-07-15T16:39:33.613033+00:00", "symbol": "ADA-USD"}, {"trade_id": 143739304, "side": "sell", "size": "2074.60168844", "price": "0.73200000", "time": "2025-07-15T16:39:01.650132Z", "fetched_at": "2025-07-15T16:39:33.613033+00:00", "symbol": "ADA-USD"}, {"trade_id": 143739303, "side": "sell", "size": "414.35810675", "price": "0.73200000", "time": "2025-07-15T16:39:01.649804Z", "fetched_at": "2025-07-15T16:39:33.613033+00:00", "symbol": "ADA-USD"}, {"trade_id": 143739302, "side": "sell", "size": "1548.17000000", "price": "0.73200000", "time": "2025-07-15T16:39:01.635548Z", "fetched_at": "2025-07-15T16:39:33.613033+00:00", "symbol": "ADA-USD"}, {"trade_id": 143739301, "side": "sell", "size": "526.34076695", "price": "0.73200000", "time": "2025-07-15T16:39:01.624143Z", "fetched_at": "2025-07-15T16:39:33.613033+00:00", "symbol": "ADA-USD"}, {"trade_id": 143739300, "side": "sell", "size": "656.52997755", "price": "0.73200000", "time": "2025-07-15T16:39:01.620246Z", "fetched_at": "2025-07-15T16:39:33.613033+00:00", "symbol": "ADA-USD"}, {"trade_id": 143739299, "side": "sell", "size": "5182.05984458", "price": "0.73200000", "time": "2025-07-15T16:39:01.619852Z", "fetched_at": "2025-07-15T16:39:33.613033+00:00", "symbol": "ADA-USD"}, {"trade_id": 143739298, "side": "sell", "size": "434.03039307", "price": "0.73200000", "time": "2025-07-15T16:39:01.618943Z", "fetched_at": "2025-07-15T16:39:33.613033+00:00", "symbol": "ADA-USD"}, {"trade_id": 143739297, "side": "sell", "size": "554.83636402", "price": "0.73200000", "time": "2025-07-15T16:39:01.618842Z", "fetched_at": "2025-07-15T16:39:33.613033+00:00", "symbol": "ADA-USD"}, {"trade_id": 143739296, "side": "sell", "size": "544.25701080", "price": "0.73200000", "time": "2025-07-15T16:39:01.610441Z", "fetched_at": "2025-07-15T16:39:33.613033+00:00", "symbol": "ADA-USD"}, {"trade_id": 143739295, "side": "sell", "size": "51.00306000", "price": "0.73200000", "time": "2025-07-15T16:39:01.608691Z", "fetched_at": "2025-07-15T16:39:33.613033+00:00", "symbol": "ADA-USD"}, {"trade_id": 143739294, "side": "sell", "size": "2427.40909258", "price": "0.73200000", "time": "2025-07-15T16:39:01.606702Z", "fetched_at": "2025-07-15T16:39:33.613033+00:00", "symbol": "ADA-USD"}, {"trade_id": 143739293, "side": "sell", "size": "500.00000000", "price": "0.73200000", "time": "2025-07-15T16:39:01.602148Z", "fetched_at": "2025-07-15T16:39:33.613033+00:00", "symbol": "ADA-USD"}, {"trade_id": 143739292, "side": "sell", "size": "860.47254376", "price": "0.73200000", "time": "2025-07-15T16:39:01.599312Z", "fetched_at": "2025-07-15T16:39:33.613033+00:00", "symbol": "ADA-USD"}, {"trade_id": 143739291, "side": "sell", "size": "51.00306000", "price": "0.73200000", "time": "2025-07-15T16:39:01.598584Z", "fetched_at": "2025-07-15T16:39:33.613033+00:00", "symbol": "ADA-USD"}, {"trade_id": 143739290, "side": "sell", "size": "1701.00000000", "price": "0.73200000", "time": "2025-07-15T16:39:01.597704Z", "fetched_at": "2025-07-15T16:39:33.613033+00:00", "symbol": "ADA-USD"}, {"trade_id": 143739289, "side": "sell", "size": "1621.16250112", "price": "0.73200000", "time": "2025-07-15T16:39:01.596154Z", "fetched_at": "2025-07-15T16:39:33.613033+00:00", "symbol": "ADA-USD"}, {"trade_id": 143739288, "side": "sell", "size": "416.12727302", "price": "0.73200000", "time": "2025-07-15T16:39:01.595813Z", "fetched_at": "2025-07-15T16:39:33.613033+00:00", "symbol": "ADA-USD"}, {"trade_id": 143739287, "side": "sell", "size": "4116.71251613", "price": "0.73200000", "time": "2025-07-15T16:39:01.594539Z", "fetched_at": "2025-07-15T16:39:33.613033+00:00", "symbol": "ADA-USD"}, {"trade_id": 143739286, "side": "sell", "size": "500.00000000", "price": "0.73200000", "time": "2025-07-15T16:39:01.592028Z", "fetched_at": "2025-07-15T16:39:33.613033+00:00", "symbol": "ADA-USD"}, {"trade_id": 143739285, "side": "sell", "size": "51.00306000", "price": "0.73200000", "time": "2025-07-15T16:39:01.590617Z", "fetched_at": "2025-07-15T16:39:33.613033+00:00", "symbol": "ADA-USD"}, {"trade_id": 143739284, "side": "sell", "size": "1000.00000000", "price": "0.73200000", "time": "2025-07-15T16:39:01.589765Z", "fetched_at": "2025-07-15T16:39:33.613033+00:00", "symbol": "ADA-USD"}, {"trade_id": 143739283, "side": "sell", "size": "500.00000000", "price": "0.73200000", "time": "2025-07-15T16:39:01.589261Z", "fetched_at": "2025-07-15T16:39:33.613033+00:00", "symbol": "ADA-USD"}, {"trade_id": 143739282, "side": "sell", "size": "1701.00000000", "price": "0.73200000", "time": "2025-07-15T16:39:01.588866Z", "fetched_at": "2025-07-15T16:39:33.613033+00:00", "symbol": "ADA-USD"}, {"trade_id": 143739281, "side": "sell", "size": "850.50000000", "price": "0.73200000", "time": "2025-07-15T16:39:01.588703Z", "fetched_at": "2025-07-15T16:39:33.613033+00:00", "symbol": "ADA-USD"}, {"trade_id": 143739280, "side": "sell", "size": "500.00000000", "price": "0.73200000", "time": "2025-07-15T16:39:01.588666Z", "fetched_at": "2025-07-15T16:39:33.613033+00:00", "symbol": "ADA-USD"}, {"trade_id": 143739279, "side": "sell", "size": "1048.38871064", "price": "0.73200000", "time": "2025-07-15T16:39:01.588535Z", "fetched_at": "2025-07-15T16:39:33.613033+00:00", "symbol": "ADA-USD"}, {"trade_id": 143739278, "side": "sell", "size": "1701.00000000", "price": "0.73200000", "time": "2025-07-15T16:39:01.587826Z", "fetched_at": "2025-07-15T16:39:33.613033+00:00", "symbol": "ADA-USD"}, {"trade_id": 143739277, "side": "sell", "size": "51.00306000", "price": "0.73200000", "time": "2025-07-15T16:39:01.585816Z", "fetched_at": "2025-07-15T16:39:33.613033+00:00", "symbol": "ADA-USD"}, {"trade_id": 143739276, "side": "sell", "size": "1000.00000000", "price": "0.73200000", "time": "2025-07-15T16:39:01.583291Z", "fetched_at": "2025-07-15T16:39:33.613033+00:00", "symbol": "ADA-USD"}, {"trade_id": 143739275, "side": "sell", "size": "3915.06228713", "price": "0.73200000", "time": "2025-07-15T16:39:01.583113Z", "fetched_at": "2025-07-15T16:39:33.613033+00:00", "symbol": "ADA-USD"}, {"trade_id": 143739274, "side": "sell", "size": "6103.34199089", "price": "0.73200000", "time": "2025-07-15T16:39:01.583072Z", "fetched_at": "2025-07-15T16:39:33.613033+00:00", "symbol": "ADA-USD"}, {"trade_id": 143739273, "side": "sell", "size": "32911.61606216", "price": "0.73200000", "time": "2025-07-15T16:39:01.583061Z", "fetched_at": "2025-07-15T16:39:33.613033+00:00", "symbol": "ADA-USD"}, {"trade_id": 143739272, "side": "sell", "size": "2122.39971643", "price": "0.73200000", "time": "2025-07-15T16:39:01.582753Z", "fetched_at": "2025-07-15T16:39:33.613033+00:00", "symbol": "ADA-USD"}, {"trade_id": 143739271, "side": "sell", "size": "500.00000000", "price": "0.73200000", "time": "2025-07-15T16:39:01.581934Z", "fetched_at": "2025-07-15T16:39:33.613033+00:00", "symbol": "ADA-USD"}, {"trade_id": 143739270, "side": "sell", "size": "51.00306000", "price": "0.73200000", "time": "2025-07-15T16:39:01.581896Z", "fetched_at": "2025-07-15T16:39:33.613033+00:00", "symbol": "ADA-USD"}, {"trade_id": 143739269, "side": "sell", "size": "500.00000000", "price": "0.73200000", "time": "2025-07-15T16:39:01.581885Z", "fetched_at": "2025-07-15T16:39:33.613033+00:00", "symbol": "ADA-USD"}, {"trade_id": 143739268, "side": "sell", "size": "4213.28863927", "price": "0.73200000", "time": "2025-07-15T16:39:01.578409Z", "fetched_at": "2025-07-15T16:39:33.613033+00:00", "symbol": "ADA-USD"}, {"trade_id": 143739267, "side": "sell", "size": "12415.89972914", "price": "0.73200000", "time": "2025-07-15T16:39:01.578397Z", "fetched_at": "2025-07-15T16:39:33.613033+00:00", "symbol": "ADA-USD"}, {"trade_id": 143739266, "side": "sell", "size": "2028.62045595", "price": "0.73200000", "time": "2025-07-15T16:39:01.577900Z", "fetched_at": "2025-07-15T16:39:33.613033+00:00", "symbol": "ADA-USD"}, {"trade_id": 143739265, "side": "sell", "size": "2985.60300691", "price": "0.73200000", "time": "2025-07-15T16:39:01.560342Z", "fetched_at": "2025-07-15T16:39:33.613033+00:00", "symbol": "ADA-USD"}, {"trade_id": 143739264, "side": "sell", "size": "234.07159107", "price": "0.73200000", "time": "2025-07-15T16:39:01.538413Z", "fetched_at": "2025-07-15T16:39:33.613033+00:00", "symbol": "ADA-USD"}, {"trade_id": 143739263, "side": "sell", "size": "1262.63387076", "price": "0.73200000", "time": "2025-07-15T16:39:01.525554Z", "fetched_at": "2025-07-15T16:39:33.613033+00:00", "symbol": "ADA-USD"}, {"trade_id": 143739262, "side": "sell", "size": "1762.42644460", "price": "0.73200000", "time": "2025-07-15T16:39:01.509328Z", "fetched_at": "2025-07-15T16:39:33.613033+00:00", "symbol": "ADA-USD"}, {"trade_id": 143739261, "side": "sell", "size": "51.00306000", "price": "0.73200000", "time": "2025-07-15T16:39:01.500543Z", "fetched_at": "2025-07-15T16:39:33.613033+00:00", "symbol": "ADA-USD"}, {"trade_id": 143739260, "side": "sell", "size": "51.00306000", "price": "0.73200000", "time": "2025-07-15T16:39:01.494132Z", "fetched_at": "2025-07-15T16:39:33.613033+00:00", "symbol": "ADA-USD"}, {"trade_id": 143739259, "side": "sell", "size": "2656.79210306", "price": "0.73200000", "time": "2025-07-15T16:39:01.492909Z", "fetched_at": "2025-07-15T16:39:33.613033+00:00", "symbol": "ADA-USD"}, {"trade_id": 143739258, "side": "sell", "size": "5893.95904000", "price": "0.73200000", "time": "2025-07-15T16:39:01.490418Z", "fetched_at": "2025-07-15T16:39:33.613033+00:00", "symbol": "ADA-USD"}, {"trade_id": 143739257, "side": "sell", "size": "320.76477295", "price": "0.73200000", "time": "2025-07-15T16:39:01.484113Z", "fetched_at": "2025-07-15T16:39:33.613033+00:00", "symbol": "ADA-USD"}, {"trade_id": 143739256, "side": "sell", "size": "2158.66022876", "price": "0.73200000", "time": "2025-07-15T16:39:01.480815Z", "fetched_at": "2025-07-15T16:39:33.613033+00:00", "symbol": "ADA-USD"}, {"trade_id": 143739255, "side": "sell", "size": "51.00306000", "price": "0.73200000", "time": "2025-07-15T16:39:01.442743Z", "fetched_at": "2025-07-15T16:39:33.613033+00:00", "symbol": "ADA-USD"}, {"trade_id": 143739254, "side": "sell", "size": "289.35359538", "price": "0.73200000", "time": "2025-07-15T16:39:01.432033Z", "fetched_at": "2025-07-15T16:39:33.613033+00:00", "symbol": "ADA-USD"}, {"trade_id": 143739253, "side": "sell", "size": "1540.59358802", "price": "0.73200000", "time": "2025-07-15T16:39:01.417532Z", "fetched_at": "2025-07-15T16:39:33.613033+00:00", "symbol": "ADA-USD"}, {"trade_id": 143739252, "side": "sell", "size": "2222.76170999", "price": "0.73200000", "time": "2025-07-15T16:39:01.411986Z", "fetched_at": "2025-07-15T16:39:33.613033+00:00", "symbol": "ADA-USD"}, {"trade_id": 143739251, "side": "sell", "size": "1283.05909180", "price": "0.73200000", "time": "2025-07-15T16:39:01.411972Z", "fetched_at": "2025-07-15T16:39:33.613033+00:00", "symbol": "ADA-USD"}, {"trade_id": 143739250, "side": "sell", "size": "875.60113696", "price": "0.73200000", "time": "2025-07-15T16:39:01.395377Z", "fetched_at": "2025-07-15T16:39:33.613033+00:00", "symbol": "ADA-USD"}, {"trade_id": 143739249, "side": "sell", "size": "1716.52500119", "price": "0.73200000", "time": "2025-07-15T16:39:01.366198Z", "fetched_at": "2025-07-15T16:39:33.613033+00:00", "symbol": "ADA-USD"}, {"trade_id": 143739248, "side": "sell", "size": "51.00306000", "price": "0.73200000", "time": "2025-07-15T16:39:01.365117Z", "fetched_at": "2025-07-15T16:39:33.613033+00:00", "symbol": "ADA-USD"}, {"trade_id": 143739247, "side": "sell", "size": "5984.35844996", "price": "0.73200000", "time": "2025-07-15T16:39:01.355646Z", "fetched_at": "2025-07-15T16:39:33.613033+00:00", "symbol": "ADA-USD"}, {"trade_id": 143739246, "side": "sell", "size": "51.00306000", "price": "0.73200000", "time": "2025-07-15T16:39:01.290605Z", "fetched_at": "2025-07-15T16:39:33.613033+00:00", "symbol": "ADA-USD"}, {"trade_id": 143739245, "side": "sell", "size": "5155.75497227", "price": "0.73200000", "time": "2025-07-15T16:39:01.286873Z", "fetched_at": "2025-07-15T16:39:33.613033+00:00", "symbol": "ADA-USD"}, {"trade_id": 143739244, "side": "sell", "size": "1777.21022850", "price": "0.73200000", "time": "2025-07-15T16:39:01.286845Z", "fetched_at": "2025-07-15T16:39:33.613033+00:00", "symbol": "ADA-USD"}, {"trade_id": 143739243, "side": "sell", "size": "4005.22500276", "price": "0.73200000", "time": "2025-07-15T16:39:01.283551Z", "fetched_at": "2025-07-15T16:39:33.613033+00:00", "symbol": "ADA-USD"}, {"trade_id": 143739242, "side": "sell", "size": "1378.42159187", "price": "0.73200000", "time": "2025-07-15T16:39:01.270272Z", "fetched_at": "2025-07-15T16:39:33.613033+00:00", "symbol": "ADA-USD"}, {"trade_id": 143739241, "side": "sell", "size": "2998.75544306", "price": "0.73200000", "time": "2025-07-15T16:39:01.241029Z", "fetched_at": "2025-07-15T16:39:33.613033+00:00", "symbol": "ADA-USD"}, {"trade_id": 143739240, "side": "sell", "size": "849.59318240", "price": "0.73200000", "time": "2025-07-15T16:39:01.160032Z", "fetched_at": "2025-07-15T16:39:33.613033+00:00", "symbol": "ADA-USD"}, {"trade_id": 143739239, "side": "sell", "size": "2235.91414613", "price": "0.73200000", "time": "2025-07-15T16:39:01.158398Z", "fetched_at": "2025-07-15T16:39:33.613033+00:00", "symbol": "ADA-USD"}, {"trade_id": 143739238, "side": "sell", "size": "2341.13363537", "price": "0.73200000", "time": "2025-07-15T16:39:01.031414Z", "fetched_at": "2025-07-15T16:39:33.613033+00:00", "symbol": "ADA-USD"}, {"trade_id": 143739237, "side": "sell", "size": "1982.23174268", "price": "0.73200000", "time": "2025-07-15T16:39:00.896833Z", "fetched_at": "2025-07-15T16:39:33.613033+00:00", "symbol": "ADA-USD"}, {"trade_id": 143739236, "side": "sell", "size": "1920.25567845", "price": "0.73200000", "time": "2025-07-15T16:39:00.856760Z", "fetched_at": "2025-07-15T16:39:33.613033+00:00", "symbol": "ADA-USD"}, {"trade_id": 143739235, "side": "sell", "size": "2209.66542941", "price": "0.73200000", "time": "2025-07-15T16:39:00.835957Z", "fetched_at": "2025-07-15T16:39:33.613033+00:00", "symbol": "ADA-USD"}, {"trade_id": 143739234, "side": "sell", "size": "2208.67612767", "price": "0.73200000", "time": "2025-07-15T16:39:00.822108Z", "fetched_at": "2025-07-15T16:39:33.613033+00:00", "symbol": "ADA-USD"}, {"trade_id": 143739233, "side": "sell", "size": "936.28636428", "price": "0.73200000", "time": "2025-07-15T16:39:00.808344Z", "fetched_at": "2025-07-15T16:39:33.613033+00:00", "symbol": "ADA-USD"}, {"trade_id": 143739232, "side": "sell", "size": "2484.64283132", "price": "0.73200000", "time": "2025-07-15T16:39:00.804018Z", "fetched_at": "2025-07-15T16:39:33.613033+00:00", "symbol": "ADA-USD"}, {"trade_id": 143739231, "side": "sell", "size": "1525.68259384", "price": "0.73200000", "time": "2025-07-15T16:39:00.801134Z", "fetched_at": "2025-07-15T16:39:33.613033+00:00", "symbol": "ADA-USD"}, {"trade_id": 143739230, "side": "sell", "size": "2516.59175002", "price": "0.73200000", "time": "2025-07-15T16:39:00.728329Z", "fetched_at": "2025-07-15T16:39:33.613033+00:00", "symbol": "ADA-USD"}, {"trade_id": 143739229, "side": "sell", "size": "2635.47272910", "price": "0.73200000", "time": "2025-07-15T16:39:00.683450Z", "fetched_at": "2025-07-15T16:39:33.613033+00:00", "symbol": "ADA-USD"}, {"trade_id": 143739228, "side": "sell", "size": "1482.45341011", "price": "0.73200000", "time": "2025-07-15T16:39:00.674241Z", "fetched_at": "2025-07-15T16:39:33.613033+00:00", "symbol": "ADA-USD"}, {"trade_id": 143739227, "side": "sell", "size": "452.99562414", "price": "0.73200000", "time": "2025-07-15T16:39:00.674037Z", "fetched_at": "2025-07-15T16:39:33.613033+00:00", "symbol": "ADA-USD"}, {"trade_id": 143739226, "side": "sell", "size": "1893.95080614", "price": "0.73200000", "time": "2025-07-15T16:39:00.672525Z", "fetched_at": "2025-07-15T16:39:33.613033+00:00", "symbol": "ADA-USD"}, {"trade_id": 143739225, "side": "sell", "size": "5558.14491811", "price": "0.73200000", "time": "2025-07-15T16:39:00.671417Z", "fetched_at": "2025-07-15T16:39:33.613033+00:00", "symbol": "ADA-USD"}, {"trade_id": 143739224, "side": "sell", "size": "51.00306000", "price": "0.73200000", "time": "2025-07-15T16:39:00.558375Z", "fetched_at": "2025-07-15T16:39:33.613033+00:00", "symbol": "ADA-USD"}, {"trade_id": 143739223, "side": "sell", "size": "1383.03472031", "price": "0.73200000", "time": "2025-07-15T16:39:00.557944Z", "fetched_at": "2025-07-15T16:39:33.613033+00:00", "symbol": "ADA-USD"}, {"trade_id": 143739222, "side": "sell", "size": "62.48169000", "price": "0.73200000", "time": "2025-07-15T16:39:00.557292Z", "fetched_at": "2025-07-15T16:39:33.613033+00:00", "symbol": "ADA-USD"}, {"trade_id": 143739221, "side": "sell", "size": "51.00306000", "price": "0.73200000", "time": "2025-07-15T16:39:00.554452Z", "fetched_at": "2025-07-15T16:39:33.613033+00:00", "symbol": "ADA-USD"}, {"trade_id": 143739220, "side": "sell", "size": "2266.56091691", "price": "0.73200000", "time": "2025-07-15T16:39:00.554052Z", "fetched_at": "2025-07-15T16:39:33.613033+00:00", "symbol": "ADA-USD"}, {"trade_id": 143739219, "side": "sell", "size": "2060.23878467", "price": "0.73200000", "time": "2025-07-15T16:39:00.554023Z", "fetched_at": "2025-07-15T16:39:33.613033+00:00", "symbol": "ADA-USD"}, {"trade_id": 143739218, "side": "sell", "size": "195.46466000", "price": "0.73200000", "time": "2025-07-15T16:39:00.552353Z", "fetched_at": "2025-07-15T16:39:33.613033+00:00", "symbol": "ADA-USD"}, {"trade_id": 143739217, "side": "sell", "size": "51.00306000", "price": "0.73200000", "time": "2025-07-15T16:39:00.550564Z", "fetched_at": "2025-07-15T16:39:33.613033+00:00", "symbol": "ADA-USD"}, {"trade_id": 143739216, "side": "sell", "size": "1348.25540813", "price": "0.73200000", "time": "2025-07-15T16:39:00.548828Z", "fetched_at": "2025-07-15T16:39:33.613033+00:00", "symbol": "ADA-USD"}, {"trade_id": 143739215, "side": "sell", "size": "767.20670000", "price": "0.73200000", "time": "2025-07-15T16:39:00.546376Z", "fetched_at": "2025-07-15T16:39:33.613033+00:00", "symbol": "ADA-USD"}, {"trade_id": 143739214, "side": "sell", "size": "1000.00000000", "price": "0.73200000", "time": "2025-07-15T16:39:00.546041Z", "fetched_at": "2025-07-15T16:39:33.613033+00:00", "symbol": "ADA-USD"}, {"trade_id": 143739213, "side": "sell", "size": "1483.99550353", "price": "0.73200000", "time": "2025-07-15T16:39:00.544636Z", "fetched_at": "2025-07-15T16:39:33.613033+00:00", "symbol": "ADA-USD"}, {"trade_id": 143739212, "side": "sell", "size": "1898.51672209", "price": "0.73200000", "time": "2025-07-15T16:39:00.544583Z", "fetched_at": "2025-07-15T16:39:33.613033+00:00", "symbol": "ADA-USD"}, {"trade_id": 143739211, "side": "sell", "size": "3907.10549407", "price": "0.73200000", "time": "2025-07-15T16:39:00.543836Z", "fetched_at": "2025-07-15T16:39:33.613033+00:00", "symbol": "ADA-USD"}, {"trade_id": 143739210, "side": "sell", "size": "1935.02626874", "price": "0.73200000", "time": "2025-07-15T16:39:00.541675Z", "fetched_at": "2025-07-15T16:39:33.613033+00:00", "symbol": "ADA-USD"}, {"trade_id": 143739209, "side": "sell", "size": "512.00000000", "price": "0.73200000", "time": "2025-07-15T16:39:00.540945Z", "fetched_at": "2025-07-15T16:39:33.613033+00:00", "symbol": "ADA-USD"}, {"trade_id": 143739208, "side": "sell", "size": "10673.32048000", "price": "0.73200000", "time": "2025-07-15T16:39:00.540653Z", "fetched_at": "2025-07-15T16:39:33.613033+00:00", "symbol": "ADA-USD"}, {"trade_id": 143739207, "side": "sell", "size": "2379.13065829", "price": "0.73200000", "time": "2025-07-15T16:39:00.540085Z", "fetched_at": "2025-07-15T16:39:33.613033+00:00", "symbol": "ADA-USD"}, {"trade_id": 143739206, "side": "sell", "size": "1411.61752393", "price": "0.73200000", "time": "2025-07-15T16:39:00.540023Z", "fetched_at": "2025-07-15T16:39:33.613033+00:00", "symbol": "ADA-USD"}, {"trade_id": 143739205, "side": "sell", "size": "2839.09591891", "price": "0.73200000", "time": "2025-07-15T16:39:00.539668Z", "fetched_at": "2025-07-15T16:39:33.613033+00:00", "symbol": "ADA-USD"}, {"trade_id": 143739204, "side": "sell", "size": "3735.23513352", "price": "0.73200000", "time": "2025-07-15T16:39:00.538161Z", "fetched_at": "2025-07-15T16:39:33.613033+00:00", "symbol": "ADA-USD"}, {"trade_id": 143739203, "side": "sell", "size": "5998.00963859", "price": "0.73200000", "time": "2025-07-15T16:39:00.509611Z", "fetched_at": "2025-07-15T16:39:33.613033+00:00", "symbol": "ADA-USD"}, {"trade_id": 143739202, "side": "sell", "size": "67.84260000", "price": "0.73200000", "time": "2025-07-15T16:38:57.458727Z", "fetched_at": "2025-07-15T16:39:33.613033+00:00", "symbol": "ADA-USD"}, {"trade_id": 143739201, "side": "sell", "size": "500.00000000", "price": "0.73200000", "time": "2025-07-15T16:38:56.785003Z", "fetched_at": "2025-07-15T16:39:33.613033+00:00", "symbol": "ADA-USD"}, {"trade_id": 143739200, "side": "sell", "size": "500.00000000", "price": "0.73200000", "time": "2025-07-15T16:38:56.779748Z", "fetched_at": "2025-07-15T16:39:33.613033+00:00", "symbol": "ADA-USD"}, {"trade_id": 143739199, "side": "sell", "size": "500.00000000", "price": "0.73200000", "time": "2025-07-15T16:38:56.776510Z", "fetched_at": "2025-07-15T16:39:33.613033+00:00", "symbol": "ADA-USD"}, {"trade_id": 143739198, "side": "sell", "size": "2669.61730000", "price": "0.73200000", "time": "2025-07-15T16:38:56.776472Z", "fetched_at": "2025-07-15T16:39:33.613033+00:00", "symbol": "ADA-USD"}, {"trade_id": 143739197, "side": "sell", "size": "1.60000000", "price": "0.73200000", "time": "2025-07-15T16:38:56.776472Z", "fetched_at": "2025-07-15T16:39:33.613033+00:00", "symbol": "ADA-USD"}, {"trade_id": 143739196, "side": "sell", "size": "834.20000000", "price": "0.73190000", "time": "2025-07-15T16:38:55.772107Z", "fetched_at": "2025-07-15T16:39:33.613033+00:00", "symbol": "ADA-USD"}, {"trade_id": 143739195, "side": "sell", "size": "1.60000000", "price": "0.73190000", "time": "2025-07-15T16:38:55.772107Z", "fetched_at": "2025-07-15T16:39:33.613033+00:00", "symbol": "ADA-USD"}, {"trade_id": 143739194, "side": "sell", "size": "3.19814091", "price": "0.73180000", "time": "2025-07-15T16:38:55.661455Z", "fetched_at": "2025-07-15T16:39:33.613033+00:00", "symbol": "ADA-USD"}, {"trade_id": 143739193, "side": "sell", "size": "398.38097800", "price": "0.73180000", "time": "2025-07-15T16:38:54.739015Z", "fetched_at": "2025-07-15T16:39:33.613033+00:00", "symbol": "ADA-USD"}, {"trade_id": 143739192, "side": "sell", "size": "11.68659300", "price": "0.73180000", "time": "2025-07-15T16:38:53.936584Z", "fetched_at": "2025-07-15T16:39:33.613033+00:00", "symbol": "ADA-USD"}, {"trade_id": 143739191, "side": "sell", "size": "1.60000000", "price": "0.73180000", "time": "2025-07-15T16:38:53.936584Z", "fetched_at": "2025-07-15T16:39:33.613033+00:00", "symbol": "ADA-USD"}, {"trade_id": 143739190, "side": "sell", "size": "165.04043079", "price": "0.73170000", "time": "2025-07-15T16:38:53.344635Z", "fetched_at": "2025-07-15T16:39:33.613033+00:00", "symbol": "ADA-USD"}, {"trade_id": 143739189, "side": "sell", "size": "2.26459400", "price": "0.73160000", "time": "2025-07-15T16:38:50.324127Z", "fetched_at": "2025-07-15T16:39:33.613033+00:00", "symbol": "ADA-USD"}, {"trade_id": 143739188, "side": "sell", "size": "13.19368500", "price": "0.73170000", "time": "2025-07-15T16:38:48.903532Z", "fetched_at": "2025-07-15T16:39:33.613033+00:00", "symbol": "ADA-USD"}, {"trade_id": 143739187, "side": "sell", "size": "67.84260000", "price": "0.73160000", "time": "2025-07-15T16:38:47.518183Z", "fetched_at": "2025-07-15T16:39:33.613033+00:00", "symbol": "ADA-USD"}, {"trade_id": 143739186, "side": "buy", "size": "441.98000000", "price": "0.73170000", "time": "2025-07-15T16:38:47.504404Z", "fetched_at": "2025-07-15T16:39:33.613033+00:00", "symbol": "ADA-USD"}, {"trade_id": 143739185, "side": "buy", "size": "166.27799124", "price": "0.73170000", "time": "2025-07-15T16:38:47.504404Z", "fetched_at": "2025-07-15T16:39:33.613033+00:00", "symbol": "ADA-USD"}, {"trade_id": 143739184, "side": "buy", "size": "1.90234600", "price": "0.73170000", "time": "2025-07-15T16:38:43.909823Z", "fetched_at": "2025-07-15T16:39:33.613033+00:00", "symbol": "ADA-USD"}, {"trade_id": 143739183, "side": "sell", "size": "13.53383500", "price": "0.73180000", "time": "2025-07-15T16:38:42.203730Z", "fetched_at": "2025-07-15T16:39:33.613033+00:00", "symbol": "ADA-USD"}, {"trade_id": 143739182, "side": "sell", "size": "135.61347178", "price": "0.73190000", "time": "2025-07-15T16:38:40.327164Z", "fetched_at": "2025-07-15T16:39:33.613033+00:00", "symbol": "ADA-USD"}, {"trade_id": 143739181, "side": "sell", "size": "329.85051291", "price": "0.73180000", "time": "2025-07-15T16:38:35.024795Z", "fetched_at": "2025-07-15T16:39:33.613033+00:00", "symbol": "ADA-USD"}, {"trade_id": 143739180, "side": "sell", "size": "751.10067809", "price": "0.73180000", "time": "2025-07-15T16:38:35.024795Z", "fetched_at": "2025-07-15T16:39:33.613033+00:00", "symbol": "ADA-USD"}, {"trade_id": 143739179, "side": "sell", "size": "1.60000000", "price": "0.73180000", "time": "2025-07-15T16:38:35.024795Z", "fetched_at": "2025-07-15T16:39:33.613033+00:00", "symbol": "ADA-USD"}, {"trade_id": 143739178, "side": "sell", "size": "13669.22588955", "price": "0.73170000", "time": "2025-07-15T16:38:34.303284Z", "fetched_at": "2025-07-15T16:39:33.613033+00:00", "symbol": "ADA-USD"}, {"trade_id": 143739177, "side": "sell", "size": "0.37974232", "price": "0.73170000", "time": "2025-07-15T16:38:34.147399Z", "fetched_at": "2025-07-15T16:39:33.613033+00:00", "symbol": "ADA-USD"}, {"trade_id": 143739176, "side": "sell", "size": "0.52401768", "price": "0.73170000", "time": "2025-07-15T16:38:34.147399Z", "fetched_at": "2025-07-15T16:39:33.613033+00:00", "symbol": "ADA-USD"}, {"trade_id": 143739175, "side": "sell", "size": "0.58496200", "price": "0.73170000", "time": "2025-07-15T16:38:34.147399Z", "fetched_at": "2025-07-15T16:39:33.613033+00:00", "symbol": "ADA-USD"}, {"trade_id": 143739174, "side": "sell", "size": "1.01503800", "price": "0.73170000", "time": "2025-07-15T16:38:33.306219Z", "fetched_at": "2025-07-15T16:39:33.613033+00:00", "symbol": "ADA-USD"}, {"trade_id": 143739173, "side": "sell", "size": "122.07965500", "price": "0.73160000", "time": "2025-07-15T16:38:31.345159Z", "fetched_at": "2025-07-15T16:39:33.613033+00:00", "symbol": "ADA-USD"}, {"trade_id": 143739172, "side": "sell", "size": "1.11937076", "price": "0.73160000", "time": "2025-07-15T16:38:22.097247Z", "fetched_at": "2025-07-15T16:39:33.613033+00:00", "symbol": "ADA-USD"}, {"trade_id": 143739171, "side": "sell", "size": "1.60000000", "price": "0.73160000", "time": "2025-07-15T16:38:22.097247Z", "fetched_at": "2025-07-15T16:39:33.613033+00:00", "symbol": "ADA-USD"}, {"trade_id": 143739170, "side": "sell", "size": "4.11300428", "price": "0.73150000", "time": "2025-07-15T16:38:21.164491Z", "fetched_at": "2025-07-15T16:39:33.613033+00:00", "symbol": "ADA-USD"}, {"trade_id": 143739169, "side": "sell", "size": "606.11046255", "price": "0.73150000", "time": "2025-07-15T16:38:21.164491Z", "fetched_at": "2025-07-15T16:39:33.613033+00:00", "symbol": "ADA-USD"}, {"trade_id": 143739168, "side": "sell", "size": "138.57129186", "price": "0.73150000", "time": "2025-07-15T16:38:18.610344Z", "fetched_at": "2025-07-15T16:39:33.613033+00:00", "symbol": "ADA-USD"}, {"trade_id": 143739167, "side": "buy", "size": "349.29713848", "price": "0.73140000", "time": "2025-07-15T16:38:17.491738Z", "fetched_at": "2025-07-15T16:39:33.613033+00:00", "symbol": "ADA-USD"}, {"trade_id": 143739166, "side": "buy", "size": "76.90976152", "price": "0.73140000", "time": "2025-07-15T16:38:17.491738Z", "fetched_at": "2025-07-15T16:39:33.613033+00:00", "symbol": "ADA-USD"}, {"trade_id": 143739165, "side": "sell", "size": "1.60000000", "price": "0.73140000", "time": "2025-07-15T16:38:17.009938Z", "fetched_at": "2025-07-15T16:39:33.613033+00:00", "symbol": "ADA-USD"}, {"trade_id": 143739164, "side": "sell", "size": "1.60000000", "price": "0.73120000", "time": "2025-07-15T16:38:16.687715Z", "fetched_at": "2025-07-15T16:39:33.613033+00:00", "symbol": "ADA-USD"}, {"trade_id": 143739163, "side": "sell", "size": "2.77620074", "price": "0.73110000", "time": "2025-07-15T16:38:12.110107Z", "fetched_at": "2025-07-15T16:39:33.613033+00:00", "symbol": "ADA-USD"}, {"trade_id": 143739162, "side": "sell", "size": "0.33628320", "price": "0.73100000", "time": "2025-07-15T16:38:11.226863Z", "fetched_at": "2025-07-15T16:39:33.613033+00:00", "symbol": "ADA-USD"}, {"trade_id": 143739161, "side": "sell", "size": "7.55706430", "price": "0.73090000", "time": "2025-07-15T16:38:09.690153Z", "fetched_at": "2025-07-15T16:39:33.613033+00:00", "symbol": "ADA-USD"}, {"trade_id": 143739160, "side": "sell", "size": "2.10457803", "price": "0.73090000", "time": "2025-07-15T16:38:09.690153Z", "fetched_at": "2025-07-15T16:39:33.613033+00:00", "symbol": "ADA-USD"}, {"trade_id": 143739159, "side": "sell", "size": "93.39453167", "price": "0.73080000", "time": "2025-07-15T16:38:08.881613Z", "fetched_at": "2025-07-15T16:39:33.613033+00:00", "symbol": "ADA-USD"}, {"trade_id": 143739158, "side": "sell", "size": "52.66424000", "price": "0.73080000", "time": "2025-07-15T16:38:08.877637Z", "fetched_at": "2025-07-15T16:39:33.613033+00:00", "symbol": "ADA-USD"}, {"trade_id": 143739157, "side": "sell", "size": "0.72788163", "price": "0.73070000", "time": "2025-07-15T16:38:06.492863Z", "fetched_at": "2025-07-15T16:39:33.613033+00:00", "symbol": "ADA-USD"}, {"trade_id": 143739156, "side": "sell", "size": "177.86956000", "price": "0.73070000", "time": "2025-07-15T16:38:04.700149Z", "fetched_at": "2025-07-15T16:39:33.613033+00:00", "symbol": "ADA-USD"}, {"trade_id": 143739155, "side": "buy", "size": "1.60000000", "price": "0.73070000", "time": "2025-07-15T16:38:03.595594Z", "fetched_at": "2025-07-15T16:39:33.613033+00:00", "symbol": "ADA-USD"}, {"trade_id": 143739154, "side": "sell", "size": "21.10875810", "price": "0.73100000", "time": "2025-07-15T16:37:58.976849Z", "fetched_at": "2025-07-15T16:39:33.613033+00:00", "symbol": "ADA-USD"}, {"trade_id": 143739153, "side": "sell", "size": "4.64771927", "price": "0.73100000", "time": "2025-07-15T16:37:58.976849Z", "fetched_at": "2025-07-15T16:39:33.613033+00:00", "symbol": "ADA-USD"}, {"trade_id": 143739152, "side": "sell", "size": "0.80680863", "price": "0.73090000", "time": "2025-07-15T16:37:58.976849Z", "fetched_at": "2025-07-15T16:39:33.613033+00:00", "symbol": "ADA-USD"}, {"trade_id": 143739151, "side": "buy", "size": "199.74067199", "price": "0.73080000", "time": "2025-07-15T16:37:58.937521Z", "fetched_at": "2025-07-15T16:39:33.613033+00:00", "symbol": "ADA-USD"}, {"trade_id": 143739150, "side": "buy", "size": "10.80389101", "price": "0.73080000", "time": "2025-07-15T16:37:58.937521Z", "fetched_at": "2025-07-15T16:39:33.613033+00:00", "symbol": "ADA-USD"}, {"trade_id": 143739149, "side": "buy", "size": "1.60000000", "price": "0.73080000", "time": "2025-07-15T16:37:58.937521Z", "fetched_at": "2025-07-15T16:39:33.613033+00:00", "symbol": "ADA-USD"}, {"trade_id": 143739148, "side": "buy", "size": "1.60000000", "price": "0.73090000", "time": "2025-07-15T16:37:57.299418Z", "fetched_at": "2025-07-15T16:39:33.613033+00:00", "symbol": "ADA-USD"}, {"trade_id": 143739147, "side": "buy", "size": "15.18692606", "price": "0.73100000", "time": "2025-07-15T16:37:56.658766Z", "fetched_at": "2025-07-15T16:39:33.613033+00:00", "symbol": "ADA-USD"}, {"trade_id": 143739146, "side": "buy", "size": "1096.89313183", "price": "0.73100000", "time": "2025-07-15T16:37:56.643045Z", "fetched_at": "2025-07-15T16:39:33.613033+00:00", "symbol": "ADA-USD"}, {"trade_id": 143739145, "side": "buy", "size": "14.96631368", "price": "0.73100000", "time": "2025-07-15T16:37:56.643045Z", "fetched_at": "2025-07-15T16:39:33.613033+00:00", "symbol": "ADA-USD"}, {"trade_id": 143739144, "side": "buy", "size": "2138.08592892", "price": "0.73100000", "time": "2025-07-15T16:37:53.322513Z", "fetched_at": "2025-07-15T16:39:33.613033+00:00", "symbol": "ADA-USD"}, {"trade_id": 143739143, "side": "buy", "size": "158.47891376", "price": "0.73100000", "time": "2025-07-15T16:37:53.322513Z", "fetched_at": "2025-07-15T16:39:33.613033+00:00", "symbol": "ADA-USD"}, {"trade_id": 143739142, "side": "buy", "size": "0.51118400", "price": "0.73100000", "time": "2025-07-15T16:37:49.316308Z", "fetched_at": "2025-07-15T16:39:33.613033+00:00", "symbol": "ADA-USD"}, {"trade_id": 143739141, "side": "sell", "size": "0.72799998", "price": "0.73100000", "time": "2025-07-15T16:37:46.842467Z", "fetched_at": "2025-07-15T16:39:33.613033+00:00", "symbol": "ADA-USD"}, {"trade_id": 143739140, "side": "sell", "size": "151.13769367", "price": "0.73110000", "time": "2025-07-15T16:37:44.545059Z", "fetched_at": "2025-07-15T16:39:33.613033+00:00", "symbol": "ADA-USD"}, {"trade_id": 143739139, "side": "sell", "size": "567.00000000", "price": "0.73110000", "time": "2025-07-15T16:37:44.545059Z", "fetched_at": "2025-07-15T16:39:33.613033+00:00", "symbol": "ADA-USD"}, {"trade_id": 143739138, "side": "sell", "size": "1.60000000", "price": "0.73110000", "time": "2025-07-15T16:37:44.545059Z", "fetched_at": "2025-07-15T16:39:33.613033+00:00", "symbol": "ADA-USD"}, {"trade_id": 143739137, "side": "sell", "size": "567.00000000", "price": "0.73100000", "time": "2025-07-15T16:37:44.545059Z", "fetched_at": "2025-07-15T16:39:33.613033+00:00", "symbol": "ADA-USD"}, {"trade_id": 143739136, "side": "sell", "size": "0.72783345", "price": "0.73100000", "time": "2025-07-15T16:37:44.545059Z", "fetched_at": "2025-07-15T16:39:33.613033+00:00", "symbol": "ADA-USD"}, {"trade_id": 143739135, "side": "sell", "size": "10.07099788", "price": "0.73100000", "time": "2025-07-15T16:37:44.545059Z", "fetched_at": "2025-07-15T16:39:33.613033+00:00", "symbol": "ADA-USD"}, {"trade_id": 143739134, "side": "sell", "size": "5017.60000000", "price": "0.73100000", "time": "2025-07-15T16:37:40.794846Z", "fetched_at": "2025-07-15T16:39:33.613033+00:00", "symbol": "ADA-USD"}, {"trade_id": 143739133, "side": "sell", "size": "120.10435079", "price": "0.73090000", "time": "2025-07-15T16:37:40.794846Z", "fetched_at": "2025-07-15T16:39:33.613033+00:00", "symbol": "ADA-USD"}, {"trade_id": 143739132, "side": "sell", "size": "1.45566181", "price": "0.73090000", "time": "2025-07-15T16:37:40.794846Z", "fetched_at": "2025-07-15T16:39:33.613033+00:00", "symbol": "ADA-USD"}, {"trade_id": 143739131, "side": "sell", "size": "1.60000000", "price": "0.73090000", "time": "2025-07-15T16:37:40.794846Z", "fetched_at": "2025-07-15T16:39:33.613033+00:00", "symbol": "ADA-USD"}, {"trade_id": 143739130, "side": "sell", "size": "29.55112568", "price": "0.73080000", "time": "2025-07-15T16:37:36.336247Z", "fetched_at": "2025-07-15T16:39:33.613033+00:00", "symbol": "ADA-USD"}, {"trade_id": 143739129, "side": "sell", "size": "1.67865090", "price": "0.73080000", "time": "2025-07-15T16:37:36.336247Z", "fetched_at": "2025-07-15T16:39:33.613033+00:00", "symbol": "ADA-USD"}, {"trade_id": 143739128, "side": "sell", "size": "1.75915800", "price": "0.73080000", "time": "2025-07-15T16:37:34.494967Z", "fetched_at": "2025-07-15T16:39:33.613033+00:00", "symbol": "ADA-USD"}, {"trade_id": 143739127, "side": "sell", "size": "33.20295200", "price": "0.73080000", "time": "2025-07-15T16:37:33.550599Z", "fetched_at": "2025-07-15T16:39:33.613033+00:00", "symbol": "ADA-USD"}, {"trade_id": 143739126, "side": "sell", "size": "32.40910300", "price": "0.73080000", "time": "2025-07-15T16:37:33.011100Z", "fetched_at": "2025-07-15T16:39:33.613033+00:00", "symbol": "ADA-USD"}, {"trade_id": 143739125, "side": "buy", "size": "3.85591547", "price": "0.73080000", "time": "2025-07-15T16:37:32.303845Z", "fetched_at": "2025-07-15T16:39:33.613033+00:00", "symbol": "ADA-USD"}, {"trade_id": 143739124, "side": "buy", "size": "1.60000000", "price": "0.73080000", "time": "2025-07-15T16:37:32.303845Z", "fetched_at": "2025-07-15T16:39:33.613033+00:00", "symbol": "ADA-USD"}, {"trade_id": 143739123, "side": "buy", "size": "1.60000000", "price": "0.73090000", "time": "2025-07-15T16:37:31.629954Z", "fetched_at": "2025-07-15T16:39:33.613033+00:00", "symbol": "ADA-USD"}, {"trade_id": 143739122, "side": "buy", "size": "4.24874672", "price": "0.73100000", "time": "2025-07-15T16:37:31.280568Z", "fetched_at": "2025-07-15T16:39:33.613033+00:00", "symbol": "ADA-USD"}, {"trade_id": 143739121, "side": "buy", "size": "1.60000000", "price": "0.73100000", "time": "2025-07-15T16:37:31.280568Z", "fetched_at": "2025-07-15T16:39:33.613033+00:00", "symbol": "ADA-USD"}, {"trade_id": 143739120, "side": "buy", "size": "4.67670471", "price": "0.73110000", "time": "2025-07-15T16:37:31.162491Z", "fetched_at": "2025-07-15T16:39:33.613033+00:00", "symbol": "ADA-USD"}, {"trade_id": 143739119, "side": "buy", "size": "1.60000000", "price": "0.73110000", "time": "2025-07-15T16:37:31.162491Z", "fetched_at": "2025-07-15T16:39:33.613033+00:00", "symbol": "ADA-USD"}, {"trade_id": 143739118, "side": "buy", "size": "4.65940283", "price": "0.73120000", "time": "2025-07-15T16:37:31.073640Z", "fetched_at": "2025-07-15T16:39:33.613033+00:00", "symbol": "ADA-USD"}, {"trade_id": 143739117, "side": "buy", "size": "1.60000000", "price": "0.73120000", "time": "2025-07-15T16:37:31.073640Z", "fetched_at": "2025-07-15T16:39:33.613033+00:00", "symbol": "ADA-USD"}, {"trade_id": 143739116, "side": "buy", "size": "1.60000000", "price": "0.73130000", "time": "2025-07-15T16:37:30.550661Z", "fetched_at": "2025-07-15T16:39:33.613033+00:00", "symbol": "ADA-USD"}, {"trade_id": 143739115, "side": "buy", "size": "0.00000762", "price": "0.73140000", "time": "2025-07-15T16:37:30.537686Z", "fetched_at": "2025-07-15T16:39:33.613033+00:00", "symbol": "ADA-USD"}, {"trade_id": 143739114, "side": "buy", "size": "5.72908668", "price": "0.73140000", "time": "2025-07-15T16:37:30.536256Z", "fetched_at": "2025-07-15T16:39:33.613033+00:00", "symbol": "ADA-USD"}, {"trade_id": 143739113, "side": "buy", "size": "224.19407332", "price": "0.73140000", "time": "2025-07-15T16:37:30.536256Z", "fetched_at": "2025-07-15T16:39:33.613033+00:00", "symbol": "ADA-USD"}, {"trade_id": 143739112, "side": "buy", "size": "10215.69700668", "price": "0.73140000", "time": "2025-07-15T16:37:30.523545Z", "fetched_at": "2025-07-15T16:39:33.613033+00:00", "symbol": "ADA-USD"}, {"trade_id": 143739111, "side": "buy", "size": "125.32135795", "price": "0.73140000", "time": "2025-07-15T16:37:26.851998Z", "fetched_at": "2025-07-15T16:39:33.613033+00:00", "symbol": "ADA-USD"}, {"trade_id": 143739110, "side": "buy", "size": "1.60000000", "price": "0.73140000", "time": "2025-07-15T16:37:26.851998Z", "fetched_at": "2025-07-15T16:39:33.613033+00:00", "symbol": "ADA-USD"}, {"trade_id": 143739109, "side": "buy", "size": "1.60000000", "price": "0.73150000", "time": "2025-07-15T16:37:26.851998Z", "fetched_at": "2025-07-15T16:39:33.613033+00:00", "symbol": "ADA-USD"}, {"trade_id": 143739108, "side": "sell", "size": "12.96187000", "price": "0.73160000", "time": "2025-07-15T16:37:21.861139Z", "fetched_at": "2025-07-15T16:39:33.613033+00:00", "symbol": "ADA-USD"}, {"trade_id": 143739107, "side": "buy", "size": "1.60000000", "price": "0.73160000", "time": "2025-07-15T16:37:21.421648Z", "fetched_at": "2025-07-15T16:39:33.613033+00:00", "symbol": "ADA-USD"}, {"trade_id": 143739106, "side": "buy", "size": "0.00000143", "price": "0.73170000", "time": "2025-07-15T16:37:16.169863Z", "fetched_at": "2025-07-15T16:39:33.613033+00:00", "symbol": "ADA-USD"}, {"trade_id": 143739105, "side": "buy", "size": "113.81146000", "price": "0.73170000", "time": "2025-07-15T16:37:16.168073Z", "fetched_at": "2025-07-15T16:39:33.613033+00:00", "symbol": "ADA-USD"}, {"trade_id": 143739104, "side": "buy", "size": "113.81146000", "price": "0.73170000", "time": "2025-07-15T16:37:16.104505Z", "fetched_at": "2025-07-15T16:39:33.613033+00:00", "symbol": "ADA-USD"}, {"trade_id": 143739103, "side": "buy", "size": "1.60000000", "price": "0.73170000", "time": "2025-07-15T16:37:16.104505Z", "fetched_at": "2025-07-15T16:39:33.613033+00:00", "symbol": "ADA-USD"}, {"trade_id": 143739102, "side": "buy", "size": "3231.96210859", "price": "0.73180000", "time": "2025-07-15T16:37:16.050689Z", "fetched_at": "2025-07-15T16:39:33.613033+00:00", "symbol": "ADA-USD"}, {"trade_id": 143739101, "side": "buy", "size": "465.55183940", "price": "0.73180000", "time": "2025-07-15T16:37:16.050689Z", "fetched_at": "2025-07-15T16:39:33.613033+00:00", "symbol": "ADA-USD"}, {"trade_id": 143739100, "side": "buy", "size": "831.24807773", "price": "0.73180000", "time": "2025-07-15T16:37:16.050689Z", "fetched_at": "2025-07-15T16:39:33.613033+00:00", "symbol": "ADA-USD"}, {"trade_id": 143739099, "side": "buy", "size": "113.78036115", "price": "0.73190000", "time": "2025-07-15T16:37:16.050689Z", "fetched_at": "2025-07-15T16:39:33.613033+00:00", "symbol": "ADA-USD"}, {"trade_id": 143739098, "side": "sell", "size": "1.46455553", "price": "0.73200000", "time": "2025-07-15T16:37:13.537777Z", "fetched_at": "2025-07-15T16:39:33.613033+00:00", "symbol": "ADA-USD"}, {"trade_id": 143739097, "side": "buy", "size": "41.45260000", "price": "0.73190000", "time": "2025-07-15T16:37:13.168493Z", "fetched_at": "2025-07-15T16:39:33.613033+00:00", "symbol": "ADA-USD"}, {"trade_id": 143739096, "side": "buy", "size": "5.82073000", "price": "0.73190000", "time": "2025-07-15T16:37:11.878726Z", "fetched_at": "2025-07-15T16:39:33.613033+00:00", "symbol": "ADA-USD"}, {"trade_id": 143739095, "side": "sell", "size": "1262.20494695", "price": "0.73190000", "time": "2025-07-15T16:37:11.739528Z", "fetched_at": "2025-07-15T16:39:33.613033+00:00", "symbol": "ADA-USD"}, {"trade_id": 143739094, "side": "sell", "size": "831.24807773", "price": "0.73190000", "time": "2025-07-15T16:37:11.739528Z", "fetched_at": "2025-07-15T16:39:33.613033+00:00", "symbol": "ADA-USD"}, {"trade_id": 143739093, "side": "sell", "size": "567.00000000", "price": "0.73190000", "time": "2025-07-15T16:37:11.739528Z", "fetched_at": "2025-07-15T16:39:33.613033+00:00", "symbol": "ADA-USD"}, {"trade_id": 143739092, "side": "sell", "size": "0.50480129", "price": "0.73190000", "time": "2025-07-15T16:37:11.739528Z", "fetched_at": "2025-07-15T16:39:33.613033+00:00", "symbol": "ADA-USD"}, {"trade_id": 143739091, "side": "sell", "size": "6.19695902", "price": "0.73190000", "time": "2025-07-15T16:37:11.739528Z", "fetched_at": "2025-07-15T16:39:33.613033+00:00", "symbol": "ADA-USD"}, {"trade_id": 143739090, "side": "sell", "size": "0.72792327", "price": "0.73170000", "time": "2025-07-15T16:37:10.850521Z", "fetched_at": "2025-07-15T16:39:33.613033+00:00", "symbol": "ADA-USD"}, {"trade_id": 143739089, "side": "sell", "size": "1742.97547123", "price": "0.73200000", "time": "2025-07-15T16:37:07.590410Z", "fetched_at": "2025-07-15T16:39:33.613033+00:00", "symbol": "ADA-USD"}, {"trade_id": 143739088, "side": "sell", "size": "818.82821217", "price": "0.73200000", "time": "2025-07-15T16:37:07.590410Z", "fetched_at": "2025-07-15T16:39:33.613033+00:00", "symbol": "ADA-USD"}, {"trade_id": 143739087, "side": "sell", "size": "1.60000000", "price": "0.73200000", "time": "2025-07-15T16:37:07.590410Z", "fetched_at": "2025-07-15T16:39:33.613033+00:00", "symbol": "ADA-USD"}, {"trade_id": 143739086, "side": "sell", "size": "831.24807773", "price": "0.73200000", "time": "2025-07-15T16:37:07.590410Z", "fetched_at": "2025-07-15T16:39:33.613033+00:00", "symbol": "ADA-USD"}, {"trade_id": 143739085, "side": "sell", "size": "567.00000000", "price": "0.73200000", "time": "2025-07-15T16:37:07.590410Z", "fetched_at": "2025-07-15T16:39:33.613033+00:00", "symbol": "ADA-USD"}, {"trade_id": 143739084, "side": "sell", "size": "702.20284188", "price": "0.73190000", "time": "2025-07-15T16:37:07.590410Z", "fetched_at": "2025-07-15T16:39:33.613033+00:00", "symbol": "ADA-USD"}, {"trade_id": 143739083, "side": "sell", "size": "1665.70470000", "price": "0.73190000", "time": "2025-07-15T16:37:07.590410Z", "fetched_at": "2025-07-15T16:39:33.613033+00:00", "symbol": "ADA-USD"}, {"trade_id": 143739082, "side": "sell", "size": "825.09354260", "price": "0.73190000", "time": "2025-07-15T16:37:07.590410Z", "fetched_at": "2025-07-15T16:39:33.613033+00:00", "symbol": "ADA-USD"}, {"trade_id": 143739081, "side": "sell", "size": "831.24807773", "price": "0.73190000", "time": "2025-07-15T16:37:07.590410Z", "fetched_at": "2025-07-15T16:39:33.613033+00:00", "symbol": "ADA-USD"}, {"trade_id": 143739080, "side": "sell", "size": "95.28811724", "price": "0.73180000", "time": "2025-07-15T16:37:07.590410Z", "fetched_at": "2025-07-15T16:39:33.613033+00:00", "symbol": "ADA-USD"}, {"trade_id": 143739079, "side": "sell", "size": "788.33339434", "price": "0.73180000", "time": "2025-07-15T16:37:07.590410Z", "fetched_at": "2025-07-15T16:39:33.613033+00:00", "symbol": "ADA-USD"}, {"trade_id": 143739078, "side": "sell", "size": "467.21031835", "price": "0.73180000", "time": "2025-07-15T16:37:07.590410Z", "fetched_at": "2025-07-15T16:39:33.613033+00:00", "symbol": "ADA-USD"}, {"trade_id": 143739077, "side": "sell", "size": "344.59492356", "price": "0.73180000", "time": "2025-07-15T16:37:07.590410Z", "fetched_at": "2025-07-15T16:39:33.613033+00:00", "symbol": "ADA-USD"}, {"trade_id": 143739076, "side": "sell", "size": "1665.70470000", "price": "0.73180000", "time": "2025-07-15T16:37:07.590410Z", "fetched_at": "2025-07-15T16:39:33.613033+00:00", "symbol": "ADA-USD"}, {"trade_id": 143739075, "side": "sell", "size": "831.24807773", "price": "0.73180000", "time": "2025-07-15T16:37:07.590410Z", "fetched_at": "2025-07-15T16:39:33.613033+00:00", "symbol": "ADA-USD"}, {"trade_id": 143739074, "side": "sell", "size": "0.72780696", "price": "0.73180000", "time": "2025-07-15T16:37:07.590410Z", "fetched_at": "2025-07-15T16:39:33.613033+00:00", "symbol": "ADA-USD"}, {"trade_id": 143739073, "side": "sell", "size": "1.60000000", "price": "0.73180000", "time": "2025-07-15T16:37:07.590410Z", "fetched_at": "2025-07-15T16:39:33.613033+00:00", "symbol": "ADA-USD"}, {"trade_id": 143739072, "side": "sell", "size": "657.09986900", "price": "0.73170000", "time": "2025-07-15T16:37:07.590410Z", "fetched_at": "2025-07-15T16:39:33.613033+00:00", "symbol": "ADA-USD"}, {"trade_id": 143739071, "side": "sell", "size": "51.00306000", "price": "0.73170000", "time": "2025-07-15T16:37:07.590410Z", "fetched_at": "2025-07-15T16:39:33.613033+00:00", "symbol": "ADA-USD"}, {"trade_id": 143739070, "side": "sell", "size": "4.54741129", "price": "0.73170000", "time": "2025-07-15T16:37:07.590410Z", "fetched_at": "2025-07-15T16:39:33.613033+00:00", "symbol": "ADA-USD"}, {"trade_id": 143739069, "side": "sell", "size": "636.25496019", "price": "0.73170000", "time": "2025-07-15T16:37:07.590410Z", "fetched_at": "2025-07-15T16:39:33.613033+00:00", "symbol": "ADA-USD"}, {"trade_id": 143739068, "side": "sell", "size": "15.93640821", "price": "0.73170000", "time": "2025-07-15T16:37:02.520647Z", "fetched_at": "2025-07-15T16:39:33.613033+00:00", "symbol": "ADA-USD"}, {"trade_id": 143739067, "side": "sell", "size": "1.45589604", "price": "0.73170000", "time": "2025-07-15T16:37:02.520647Z", "fetched_at": "2025-07-15T16:39:33.613033+00:00", "symbol": "ADA-USD"}, {"trade_id": 143739066, "side": "sell", "size": "55.52893129", "price": "0.73160000", "time": "2025-07-15T16:37:02.385704Z", "fetched_at": "2025-07-15T16:39:33.613033+00:00", "symbol": "ADA-USD"}, {"trade_id": 143739065, "side": "sell", "size": "819.28249344", "price": "0.73160000", "time": "2025-07-15T16:37:02.385704Z", "fetched_at": "2025-07-15T16:39:33.613033+00:00", "symbol": "ADA-USD"}, {"trade_id": 143739064, "side": "sell", "size": "6.31846802", "price": "0.73160000", "time": "2025-07-15T16:37:02.385704Z", "fetched_at": "2025-07-15T16:39:33.613033+00:00", "symbol": "ADA-USD"}, {"trade_id": 143739063, "side": "buy", "size": "596.47631360", "price": "0.73160000", "time": "2025-07-15T16:36:58.483620Z", "fetched_at": "2025-07-15T16:39:33.613033+00:00", "symbol": "ADA-USD"}, {"trade_id": 143739062, "side": "buy", "size": "790.76057088", "price": "0.73170000", "time": "2025-07-15T16:36:57.507080Z", "fetched_at": "2025-07-15T16:39:33.613033+00:00", "symbol": "ADA-USD"}, {"trade_id": 143739061, "side": "sell", "size": "771.55032161", "price": "0.73240000", "time": "2025-07-15T16:36:57.484258Z", "fetched_at": "2025-07-15T16:39:33.613033+00:00", "symbol": "ADA-USD"}, {"trade_id": 143739060, "side": "sell", "size": "1.60000000", "price": "0.73240000", "time": "2025-07-15T16:36:57.484258Z", "fetched_at": "2025-07-15T16:39:33.613033+00:00", "symbol": "ADA-USD"}, {"trade_id": 143739059, "side": "sell", "size": "55.16512622", "price": "0.73240000", "time": "2025-07-15T16:36:57.484258Z", "fetched_at": "2025-07-15T16:39:33.613033+00:00", "symbol": "ADA-USD"}, {"trade_id": 143739058, "side": "sell", "size": "567.00000000", "price": "0.73240000", "time": "2025-07-15T16:36:57.484258Z", "fetched_at": "2025-07-15T16:39:33.613033+00:00", "symbol": "ADA-USD"}, {"trade_id": 143739057, "side": "sell", "size": "9000.00000000", "price": "0.73230000", "time": "2025-07-15T16:36:57.484258Z", "fetched_at": "2025-07-15T16:39:33.613033+00:00", "symbol": "ADA-USD"}, {"trade_id": 143739056, "side": "sell", "size": "2018.27762628", "price": "0.73230000", "time": "2025-07-15T16:36:57.484258Z", "fetched_at": "2025-07-15T16:39:33.613033+00:00", "symbol": "ADA-USD"}, {"trade_id": 143739055, "side": "sell", "size": "1665.47712000", "price": "0.73230000", "time": "2025-07-15T16:36:57.484258Z", "fetched_at": "2025-07-15T16:39:33.613033+00:00", "symbol": "ADA-USD"}, {"trade_id": 143739054, "side": "sell", "size": "1297.16782541", "price": "0.73230000", "time": "2025-07-15T16:36:57.484258Z", "fetched_at": "2025-07-15T16:39:33.613033+00:00", "symbol": "ADA-USD"}, {"trade_id": 143739053, "side": "sell", "size": "831.24807773", "price": "0.73230000", "time": "2025-07-15T16:36:57.484258Z", "fetched_at": "2025-07-15T16:39:33.613033+00:00", "symbol": "ADA-USD"}, {"trade_id": 143739052, "side": "sell", "size": "1.60000000", "price": "0.73230000", "time": "2025-07-15T16:36:57.484258Z", "fetched_at": "2025-07-15T16:39:33.613033+00:00", "symbol": "ADA-USD"}, {"trade_id": 143739051, "side": "sell", "size": "48.44924642", "price": "0.73230000", "time": "2025-07-15T16:36:57.484258Z", "fetched_at": "2025-07-15T16:39:33.613033+00:00", "symbol": "ADA-USD"}, {"trade_id": 143739050, "side": "sell", "size": "567.00000000", "price": "0.73230000", "time": "2025-07-15T16:36:57.484258Z", "fetched_at": "2025-07-15T16:39:33.613033+00:00", "symbol": "ADA-USD"}, {"trade_id": 143739049, "side": "sell", "size": "20.00000000", "price": "0.73230000", "time": "2025-07-15T16:36:57.484258Z", "fetched_at": "2025-07-15T16:39:33.613033+00:00", "symbol": "ADA-USD"}, {"trade_id": 143739048, "side": "sell", "size": "0.01834283", "price": "0.73230000", "time": "2025-07-15T16:36:57.484258Z", "fetched_at": "2025-07-15T16:39:33.613033+00:00", "symbol": "ADA-USD"}, {"trade_id": 143739047, "side": "sell", "size": "653.28490267", "price": "0.73220000", "time": "2025-07-15T16:36:57.484258Z", "fetched_at": "2025-07-15T16:39:33.613033+00:00", "symbol": "ADA-USD"}, {"trade_id": 143739046, "side": "sell", "size": "5391.30944572", "price": "0.73220000", "time": "2025-07-15T16:36:57.484258Z", "fetched_at": "2025-07-15T16:39:33.613033+00:00", "symbol": "ADA-USD"}, {"trade_id": 143739045, "side": "sell", "size": "275.69095044", "price": "0.73220000", "time": "2025-07-15T16:36:57.484258Z", "fetched_at": "2025-07-15T16:39:33.613033+00:00", "symbol": "ADA-USD"}, {"trade_id": 143739044, "side": "sell", "size": "1665.02220000", "price": "0.73220000", "time": "2025-07-15T16:36:57.484258Z", "fetched_at": "2025-07-15T16:39:33.613033+00:00", "symbol": "ADA-USD"}, {"trade_id": 143739043, "side": "sell", "size": "550.27874782", "price": "0.73220000", "time": "2025-07-15T16:36:57.484258Z", "fetched_at": "2025-07-15T16:39:33.613033+00:00", "symbol": "ADA-USD"}, {"trade_id": 143739042, "side": "sell", "size": "831.24807773", "price": "0.73220000", "time": "2025-07-15T16:36:57.484258Z", "fetched_at": "2025-07-15T16:39:33.613033+00:00", "symbol": "ADA-USD"}, {"trade_id": 143739041, "side": "sell", "size": "1.60000000", "price": "0.73220000", "time": "2025-07-15T16:36:57.484258Z", "fetched_at": "2025-07-15T16:39:33.613033+00:00", "symbol": "ADA-USD"}, {"trade_id": 143739040, "side": "sell", "size": "3.29563636", "price": "0.73220000", "time": "2025-07-15T16:36:57.484258Z", "fetched_at": "2025-07-15T16:39:33.613033+00:00", "symbol": "ADA-USD"}, {"trade_id": 143739039, "side": "sell", "size": "63.30898301", "price": "0.73220000", "time": "2025-07-15T16:36:57.484258Z", "fetched_at": "2025-07-15T16:39:33.613033+00:00", "symbol": "ADA-USD"}, {"trade_id": 143739038, "side": "sell", "size": "273.40800840", "price": "0.73210000", "time": "2025-07-15T16:36:57.484258Z", "fetched_at": "2025-07-15T16:39:33.613033+00:00", "symbol": "ADA-USD"}, {"trade_id": 143739037, "side": "sell", "size": "352.48816852", "price": "0.73210000", "time": "2025-07-15T16:36:57.484258Z", "fetched_at": "2025-07-15T16:39:33.613033+00:00", "symbol": "ADA-USD"}, {"trade_id": 143739036, "side": "sell", "size": "1665.24953000", "price": "0.73210000", "time": "2025-07-15T16:36:57.484258Z", "fetched_at": "2025-07-15T16:39:33.613033+00:00", "symbol": "ADA-USD"}, {"trade_id": 143739035, "side": "sell", "size": "1.60000000", "price": "0.73210000", "time": "2025-07-15T16:36:57.484258Z", "fetched_at": "2025-07-15T16:39:33.613033+00:00", "symbol": "ADA-USD"}, {"trade_id": 143739034, "side": "sell", "size": "758.09999410", "price": "0.73210000", "time": "2025-07-15T16:36:57.484258Z", "fetched_at": "2025-07-15T16:39:33.613033+00:00", "symbol": "ADA-USD"}, {"trade_id": 143739033, "side": "sell", "size": "275.69095044", "price": "0.73200000", "time": "2025-07-15T16:36:57.484258Z", "fetched_at": "2025-07-15T16:39:33.613033+00:00", "symbol": "ADA-USD"}, {"trade_id": 143739032, "side": "sell", "size": "653.28490267", "price": "0.73200000", "time": "2025-07-15T16:36:57.484258Z", "fetched_at": "2025-07-15T16:39:33.613033+00:00", "symbol": "ADA-USD"}, {"trade_id": 143739031, "side": "sell", "size": "1665.93241000", "price": "0.73200000", "time": "2025-07-15T16:36:57.484258Z", "fetched_at": "2025-07-15T16:39:33.613033+00:00", "symbol": "ADA-USD"}, {"trade_id": 143739030, "side": "sell", "size": "1.60000000", "price": "0.73200000", "time": "2025-07-15T16:36:57.484258Z", "fetched_at": "2025-07-15T16:39:33.613033+00:00", "symbol": "ADA-USD"}, {"trade_id": 143739029, "side": "sell", "size": "456.92657216", "price": "0.73200000", "time": "2025-07-15T16:36:57.484258Z", "fetched_at": "2025-07-15T16:39:33.613033+00:00", "symbol": "ADA-USD"}, {"trade_id": 143739028, "side": "sell", "size": "358.24804113", "price": "0.73200000", "time": "2025-07-15T16:36:57.484258Z", "fetched_at": "2025-07-15T16:39:33.613033+00:00", "symbol": "ADA-USD"}, {"trade_id": 143739027, "side": "sell", "size": "473.00003660", "price": "0.73200000", "time": "2025-07-15T16:36:57.484258Z", "fetched_at": "2025-07-15T16:39:33.613033+00:00", "symbol": "ADA-USD"}, {"trade_id": 143739026, "side": "sell", "size": "832.48046080", "price": "0.73200000", "time": "2025-07-15T16:36:57.484258Z", "fetched_at": "2025-07-15T16:39:33.613033+00:00", "symbol": "ADA-USD"}, {"trade_id": 143739025, "side": "sell", "size": "956.82457664", "price": "0.73190000", "time": "2025-07-15T16:36:57.484258Z", "fetched_at": "2025-07-15T16:39:33.613033+00:00", "symbol": "ADA-USD"}, {"trade_id": 143739024, "side": "sell", "size": "1.60000000", "price": "0.73190000", "time": "2025-07-15T16:36:57.484258Z", "fetched_at": "2025-07-15T16:39:33.613033+00:00", "symbol": "ADA-USD"}, {"trade_id": 143739023, "side": "sell", "size": "1665.47712000", "price": "0.73190000", "time": "2025-07-15T16:36:57.484258Z", "fetched_at": "2025-07-15T16:39:33.613033+00:00", "symbol": "ADA-USD"}, {"trade_id": 143739022, "side": "sell", "size": "831.24807773", "price": "0.73190000", "time": "2025-07-15T16:36:57.484258Z", "fetched_at": "2025-07-15T16:39:33.613033+00:00", "symbol": "ADA-USD"}, {"trade_id": 143739021, "side": "sell", "size": "567.00000000", "price": "0.73190000", "time": "2025-07-15T16:36:57.484258Z", "fetched_at": "2025-07-15T16:39:33.613033+00:00", "symbol": "ADA-USD"}, {"trade_id": 143739020, "side": "sell", "size": "5039.30000000", "price": "0.73180000", "time": "2025-07-15T16:36:57.484258Z", "fetched_at": "2025-07-15T16:39:33.613033+00:00", "symbol": "ADA-USD"}, {"trade_id": 143739019, "side": "sell", "size": "577.85146946", "price": "0.73180000", "time": "2025-07-15T16:36:57.484258Z", "fetched_at": "2025-07-15T16:39:33.613033+00:00", "symbol": "ADA-USD"}, {"trade_id": 143739018, "side": "sell", "size": "405.72890150", "price": "0.73180000", "time": "2025-07-15T16:36:57.484258Z", "fetched_at": "2025-07-15T16:39:33.613033+00:00", "symbol": "ADA-USD"}, {"trade_id": 143739017, "side": "sell", "size": "1665.93241000", "price": "0.73180000", "time": "2025-07-15T16:36:57.484258Z", "fetched_at": "2025-07-15T16:39:33.613033+00:00", "symbol": "ADA-USD"}, {"trade_id": 143739016, "side": "sell", "size": "831.24807773", "price": "0.73180000", "time": "2025-07-15T16:36:57.484258Z", "fetched_at": "2025-07-15T16:39:33.613033+00:00", "symbol": "ADA-USD"}, {"trade_id": 143739015, "side": "sell", "size": "1666.16012000", "price": "0.73170000", "time": "2025-07-15T16:36:57.484258Z", "fetched_at": "2025-07-15T16:39:33.613033+00:00", "symbol": "ADA-USD"}, {"trade_id": 143739014, "side": "sell", "size": "3838.60224995", "price": "0.73170000", "time": "2025-07-15T16:36:57.484258Z", "fetched_at": "2025-07-15T16:39:33.613033+00:00", "symbol": "ADA-USD"}, {"trade_id": 143739013, "side": "sell", "size": "831.24807773", "price": "0.73170000", "time": "2025-07-15T16:36:57.484258Z", "fetched_at": "2025-07-15T16:39:33.613033+00:00", "symbol": "ADA-USD"}, {"trade_id": 143739012, "side": "sell", "size": "788.33339434", "price": "0.73170000", "time": "2025-07-15T16:36:57.484258Z", "fetched_at": "2025-07-15T16:39:33.613033+00:00", "symbol": "ADA-USD"}, {"trade_id": 143739011, "side": "sell", "size": "688.59997035", "price": "0.73170000", "time": "2025-07-15T16:36:57.484258Z", "fetched_at": "2025-07-15T16:39:33.613033+00:00", "symbol": "ADA-USD"}, {"trade_id": 143739010, "side": "sell", "size": "682.35074365", "price": "0.73160000", "time": "2025-07-15T16:36:57.484258Z", "fetched_at": "2025-07-15T16:39:33.613033+00:00", "symbol": "ADA-USD"}, {"trade_id": 143739009, "side": "sell", "size": "51.00306000", "price": "0.73160000", "time": "2025-07-15T16:36:57.484258Z", "fetched_at": "2025-07-15T16:39:33.613033+00:00", "symbol": "ADA-USD"}, {"trade_id": 143739008, "side": "sell", "size": "0.72783579", "price": "0.73160000", "time": "2025-07-15T16:36:57.484258Z", "fetched_at": "2025-07-15T16:39:33.613033+00:00", "symbol": "ADA-USD"}, {"trade_id": 143739007, "side": "sell", "size": "567.00000000", "price": "0.73160000", "time": "2025-07-15T16:36:57.484258Z", "fetched_at": "2025-07-15T16:39:33.613033+00:00", "symbol": "ADA-USD"}, {"trade_id": 143739006, "side": "sell", "size": "10.36876804", "price": "0.73160000", "time": "2025-07-15T16:36:57.484258Z", "fetched_at": "2025-07-15T16:39:33.613033+00:00", "symbol": "ADA-USD"}, {"trade_id": 143739005, "side": "buy", "size": "24.54139727", "price": "0.73160000", "time": "2025-07-15T16:36:55.295788Z", "fetched_at": "2025-07-15T16:39:33.613033+00:00", "symbol": "ADA-USD"}, {"trade_id": 143739004, "side": "buy", "size": "1.60000000", "price": "0.73160000", "time": "2025-07-15T16:36:55.295788Z", "fetched_at": "2025-07-15T16:39:33.613033+00:00", "symbol": "ADA-USD"}, {"trade_id": 143739003, "side": "buy", "size": "21.84508273", "price": "0.73170000", "time": "2025-07-15T16:36:55.295788Z", "fetched_at": "2025-07-15T16:39:33.613033+00:00", "symbol": "ADA-USD"}, {"trade_id": 143739002, "side": "sell", "size": "13.80284400", "price": "0.73190000", "time": "2025-07-15T16:36:52.448662Z", "fetched_at": "2025-07-15T16:39:33.613033+00:00", "symbol": "ADA-USD"}, {"trade_id": 143739001, "side": "sell", "size": "51.00306000", "price": "0.73190000", "time": "2025-07-15T16:36:52.448662Z", "fetched_at": "2025-07-15T16:39:33.613033+00:00", "symbol": "ADA-USD"}, {"trade_id": 143739000, "side": "sell", "size": "1.60000000", "price": "0.73190000", "time": "2025-07-15T16:36:52.448662Z", "fetched_at": "2025-07-15T16:39:33.613033+00:00", "symbol": "ADA-USD"}, {"trade_id": 143738999, "side": "sell", "size": "0.00001356", "price": "0.73170000", "time": "2025-07-15T16:36:51.083908Z", "fetched_at": "2025-07-15T16:39:33.613033+00:00", "symbol": "ADA-USD"}, {"trade_id": 143738998, "side": "sell", "size": "0.72787419", "price": "0.73170000", "time": "2025-07-15T16:36:51.076437Z", "fetched_at": "2025-07-15T16:39:33.613033+00:00", "symbol": "ADA-USD"}, {"trade_id": 143738997, "side": "sell", "size": "79.79814581", "price": "0.73170000", "time": "2025-07-15T16:36:51.076437Z", "fetched_at": "2025-07-15T16:39:33.613033+00:00", "symbol": "ADA-USD"}, {"trade_id": 143738996, "side": "sell", "size": "51.28667000", "price": "0.73170000", "time": "2025-07-15T16:36:50.883061Z", "fetched_at": "2025-07-15T16:39:33.613033+00:00", "symbol": "ADA-USD"}, {"trade_id": 143738995, "side": "sell", "size": "42.32223095", "price": "0.73170000", "time": "2025-07-15T16:36:50.882912Z", "fetched_at": "2025-07-15T16:39:33.613033+00:00", "symbol": "ADA-USD"}, {"trade_id": 143738994, "side": "sell", "size": "8.68082905", "price": "0.73170000", "time": "2025-07-15T16:36:50.882912Z", "fetched_at": "2025-07-15T16:39:33.613033+00:00", "symbol": "ADA-USD"}, {"trade_id": 143738993, "side": "buy", "size": "1.60000000", "price": "0.73170000", "time": "2025-07-15T16:36:50.027172Z", "fetched_at": "2025-07-15T16:39:33.613033+00:00", "symbol": "ADA-USD"}, {"trade_id": 143738992, "side": "sell", "size": "47.93766726", "price": "0.73180000", "time": "2025-07-15T16:36:49.925969Z", "fetched_at": "2025-07-15T16:39:33.613033+00:00", "symbol": "ADA-USD"}, {"trade_id": 143738991, "side": "sell", "size": "11.57443874", "price": "0.73180000", "time": "2025-07-15T16:36:49.925969Z", "fetched_at": "2025-07-15T16:39:33.613033+00:00", "symbol": "ADA-USD"}, {"trade_id": 143738990, "side": "buy", "size": "34.14959615", "price": "0.73180000", "time": "2025-07-15T16:36:44.609498Z", "fetched_at": "2025-07-15T16:39:33.613033+00:00", "symbol": "ADA-USD"}, {"trade_id": 143738989, "side": "sell", "size": "66.39683000", "price": "0.73190000", "time": "2025-07-15T16:36:43.216027Z", "fetched_at": "2025-07-15T16:39:33.613033+00:00", "symbol": "ADA-USD"}, {"trade_id": 143738988, "side": "buy", "size": "12.37881163", "price": "0.73190000", "time": "2025-07-15T16:36:42.653485Z", "fetched_at": "2025-07-15T16:39:33.613033+00:00", "symbol": "ADA-USD"}, {"trade_id": 143738987, "side": "buy", "size": "160.99373000", "price": "0.73190000", "time": "2025-07-15T16:36:42.650541Z", "fetched_at": "2025-07-15T16:39:33.613033+00:00", "symbol": "ADA-USD"}, {"trade_id": 143738986, "side": "sell", "size": "73.14808363", "price": "0.73210000", "time": "2025-07-15T16:36:38.990208Z", "fetched_at": "2025-07-15T16:39:33.613033+00:00", "symbol": "ADA-USD"}, {"trade_id": 143738985, "side": "sell", "size": "1.60000000", "price": "0.73210000", "time": "2025-07-15T16:36:38.990208Z", "fetched_at": "2025-07-15T16:39:33.613033+00:00", "symbol": "ADA-USD"}, {"trade_id": 143738984, "side": "sell", "size": "3.70525737", "price": "0.73200000", "time": "2025-07-15T16:36:38.990208Z", "fetched_at": "2025-07-15T16:39:33.613033+00:00", "symbol": "ADA-USD"}, {"trade_id": 143738983, "side": "buy", "size": "413.58475264", "price": "0.73200000", "time": "2025-07-15T16:36:38.185099Z", "fetched_at": "2025-07-15T16:39:33.613033+00:00", "symbol": "ADA-USD"}, {"trade_id": 143738982, "side": "sell", "size": "1.60000000", "price": "0.73200000", "time": "2025-07-15T16:36:37.814584Z", "fetched_at": "2025-07-15T16:39:33.613033+00:00", "symbol": "ADA-USD"}, {"trade_id": 143738981, "side": "sell", "size": "0.72782413", "price": "0.73190000", "time": "2025-07-15T16:36:37.807930Z", "fetched_at": "2025-07-15T16:39:33.613033+00:00", "symbol": "ADA-USD"}, {"trade_id": 143738980, "side": "sell", "size": "26.79342893", "price": "0.73190000", "time": "2025-07-15T16:36:37.807930Z", "fetched_at": "2025-07-15T16:39:33.613033+00:00", "symbol": "ADA-USD"}, {"trade_id": 143738979, "side": "sell", "size": "1.60000000", "price": "0.73190000", "time": "2025-07-15T16:36:37.807930Z", "fetched_at": "2025-07-15T16:39:33.613033+00:00", "symbol": "ADA-USD"}, {"trade_id": 143738978, "side": "sell", "size": "2.61457400", "price": "0.73170000", "time": "2025-07-15T16:36:35.666058Z", "fetched_at": "2025-07-15T16:39:33.613033+00:00", "symbol": "ADA-USD"}, {"trade_id": 143738977, "side": "buy", "size": "1.60000000", "price": "0.73170000", "time": "2025-07-15T16:36:35.048018Z", "fetched_at": "2025-07-15T16:39:33.613033+00:00", "symbol": "ADA-USD"}, {"trade_id": 143738976, "side": "sell", "size": "25.72260271", "price": "0.73190000", "time": "2025-07-15T16:36:33.354636Z", "fetched_at": "2025-07-15T16:39:33.613033+00:00", "symbol": "ADA-USD"}, {"trade_id": 143738975, "side": "sell", "size": "14.84882629", "price": "0.73190000", "time": "2025-07-15T16:36:33.354636Z", "fetched_at": "2025-07-15T16:39:33.613033+00:00", "symbol": "ADA-USD"}, {"trade_id": 143738974, "side": "buy", "size": "67.84260000", "price": "0.73190000", "time": "2025-07-15T16:36:33.197563Z", "fetched_at": "2025-07-15T16:39:33.613033+00:00", "symbol": "ADA-USD"}, {"trade_id": 143738973, "side": "sell", "size": "500.00000000", "price": "0.73200000", "time": "2025-07-15T16:36:33.183849Z", "fetched_at": "2025-07-15T16:39:33.613033+00:00", "symbol": "ADA-USD"}, {"trade_id": 143738972, "side": "sell", "size": "173.31245870", "price": "0.73190000", "time": "2025-07-15T16:36:33.183849Z", "fetched_at": "2025-07-15T16:39:33.613033+00:00", "symbol": "ADA-USD"}, {"trade_id": 143738971, "side": "sell", "size": "0.84751668", "price": "0.73190000", "time": "2025-07-15T16:36:33.183849Z", "fetched_at": "2025-07-15T16:39:33.613033+00:00", "symbol": "ADA-USD"}, {"trade_id": 143738970, "side": "sell", "size": "67.50526028", "price": "0.73190000", "time": "2025-07-15T16:36:32.878750Z", "fetched_at": "2025-07-15T16:39:33.613033+00:00", "symbol": "ADA-USD"}, {"trade_id": 143738969, "side": "buy", "size": "50.98576533", "price": "0.73180000", "time": "2025-07-15T16:36:31.905226Z", "fetched_at": "2025-07-15T16:39:33.613033+00:00", "symbol": "ADA-USD"}, {"trade_id": 143738968, "side": "buy", "size": "16.85683467", "price": "0.73180000", "time": "2025-07-15T16:36:31.905226Z", "fetched_at": "2025-07-15T16:39:33.613033+00:00", "symbol": "ADA-USD"}, {"trade_id": 143738967, "side": "buy", "size": "275.69095044", "price": "0.73200000", "time": "2025-07-15T16:36:29.727962Z", "fetched_at": "2025-07-15T16:39:33.613033+00:00", "symbol": "ADA-USD"}, {"trade_id": 143738966, "side": "buy", "size": "43.17699509", "price": "0.73210000", "time": "2025-07-15T16:36:29.727962Z", "fetched_at": "2025-07-15T16:39:33.613033+00:00", "symbol": "ADA-USD"}, {"trade_id": 143738965, "side": "buy", "size": "799.92436581", "price": "0.73190000", "time": "2025-07-15T16:36:29.719740Z", "fetched_at": "2025-07-15T16:39:33.613033+00:00", "symbol": "ADA-USD"}, {"trade_id": 143738964, "side": "buy", "size": "683.14584001", "price": "0.73190000", "time": "2025-07-15T16:36:29.719740Z", "fetched_at": "2025-07-15T16:39:33.613033+00:00", "symbol": "ADA-USD"}, {"trade_id": 143738963, "side": "buy", "size": "6000.00000000", "price": "0.73190000", "time": "2025-07-15T16:36:29.719740Z", "fetched_at": "2025-07-15T16:39:33.613033+00:00", "symbol": "ADA-USD"}, {"trade_id": 143738962, "side": "buy", "size": "194.18341444", "price": "0.73190000", "time": "2025-07-15T16:36:29.719740Z", "fetched_at": "2025-07-15T16:39:33.613033+00:00", "symbol": "ADA-USD"}, {"trade_id": 143738961, "side": "buy", "size": "275.69095044", "price": "0.73210000", "time": "2025-07-15T16:36:29.719740Z", "fetched_at": "2025-07-15T16:39:33.613033+00:00", "symbol": "ADA-USD"}, {"trade_id": 143738960, "side": "buy", "size": "67.84260000", "price": "0.73190000", "time": "2025-07-15T16:36:29.719152Z", "fetched_at": "2025-07-15T16:39:33.613033+00:00", "symbol": "ADA-USD"}, {"trade_id": 143738959, "side": "buy", "size": "3379.37130964", "price": "0.73200000", "time": "2025-07-15T16:36:29.718888Z", "fetched_at": "2025-07-15T16:39:33.613033+00:00", "symbol": "ADA-USD"}, {"trade_id": 143738958, "side": "buy", "size": "831.24807773", "price": "0.73200000", "time": "2025-07-15T16:36:29.718888Z", "fetched_at": "2025-07-15T16:39:33.613033+00:00", "symbol": "ADA-USD"}, {"trade_id": 143738957, "side": "buy", "size": "5033.30000000", "price": "0.73200000", "time": "2025-07-15T16:36:29.718888Z", "fetched_at": "2025-07-15T16:39:33.613033+00:00", "symbol": "ADA-USD"}, {"trade_id": 143738956, "side": "buy", "size": "313.76142336", "price": "0.73200000", "time": "2025-07-15T16:36:29.718888Z", "fetched_at": "2025-07-15T16:39:33.613033+00:00", "symbol": "ADA-USD"}, {"trade_id": 143738955, "side": "buy", "size": "74.03221378", "price": "0.73200000", "time": "2025-07-15T16:36:29.718888Z", "fetched_at": "2025-07-15T16:39:33.613033+00:00", "symbol": "ADA-USD"}, {"trade_id": 143738954, "side": "buy", "size": "51.00306000", "price": "0.73210000", "time": "2025-07-15T16:36:29.718888Z", "fetched_at": "2025-07-15T16:39:33.613033+00:00", "symbol": "ADA-USD"}, {"trade_id": 143738953, "side": "buy", "size": "42.74978996", "price": "0.73210000", "time": "2025-07-15T16:36:29.718888Z", "fetched_at": "2025-07-15T16:39:33.613033+00:00", "symbol": "ADA-USD"}, {"trade_id": 143738952, "side": "sell", "size": "0.60818983", "price": "0.73210000", "time": "2025-07-15T16:36:27.816197Z", "fetched_at": "2025-07-15T16:39:33.613033+00:00", "symbol": "ADA-USD"}, {"trade_id": 143738951, "side": "sell", "size": "1.60000000", "price": "0.73210000", "time": "2025-07-15T16:36:27.816197Z", "fetched_at": "2025-07-15T16:39:33.613033+00:00", "symbol": "ADA-USD"}, {"trade_id": 143738950, "side": "sell", "size": "41.38031036", "price": "0.73210000", "time": "2025-07-15T16:36:27.816197Z", "fetched_at": "2025-07-15T16:39:33.613033+00:00", "symbol": "ADA-USD"}, {"trade_id": 143738949, "side": "sell", "size": "0.22825619", "price": "0.73210000", "time": "2025-07-15T16:36:27.812196Z", "fetched_at": "2025-07-15T16:39:33.613033+00:00", "symbol": "ADA-USD"}, {"trade_id": 143738948, "side": "sell", "size": "16.36343645", "price": "0.73210000", "time": "2025-07-15T16:36:27.812196Z", "fetched_at": "2025-07-15T16:39:33.613033+00:00", "symbol": "ADA-USD"}, {"trade_id": 143738947, "side": "sell", "size": "34.71931541", "price": "0.73210000", "time": "2025-07-15T16:36:27.812196Z", "fetched_at": "2025-07-15T16:39:33.613033+00:00", "symbol": "ADA-USD"}, {"trade_id": 143738946, "side": "sell", "size": "0.12870086", "price": "0.73210000", "time": "2025-07-15T16:36:27.812196Z", "fetched_at": "2025-07-15T16:39:33.613033+00:00", "symbol": "ADA-USD"}, {"trade_id": 143738945, "side": "sell", "size": "5.74295705", "price": "0.73210000", "time": "2025-07-15T16:36:27.812196Z", "fetched_at": "2025-07-15T16:39:33.613033+00:00", "symbol": "ADA-USD"}, {"trade_id": 143738944, "side": "sell", "size": "10.65993404", "price": "0.73210000", "time": "2025-07-15T16:36:27.812196Z", "fetched_at": "2025-07-15T16:39:33.613033+00:00", "symbol": "ADA-USD"}, {"trade_id": 143738943, "side": "sell", "size": "1.96347659", "price": "0.73200000", "time": "2025-07-15T16:36:26.554297Z", "fetched_at": "2025-07-15T16:39:33.613033+00:00", "symbol": "ADA-USD"}, {"trade_id": 143738942, "side": "sell", "size": "0.72791919", "price": "0.73200000", "time": "2025-07-15T16:36:26.554297Z", "fetched_at": "2025-07-15T16:39:33.613033+00:00", "symbol": "ADA-USD"}, {"trade_id": 143738941, "side": "sell", "size": "1.60000000", "price": "0.73200000", "time": "2025-07-15T16:36:26.554297Z", "fetched_at": "2025-07-15T16:39:33.613033+00:00", "symbol": "ADA-USD"}, {"trade_id": 143738940, "side": "sell", "size": "37.44160079", "price": "0.73200000", "time": "2025-07-15T16:36:26.554297Z", "fetched_at": "2025-07-15T16:39:33.613033+00:00", "symbol": "ADA-USD"}, {"trade_id": 143738939, "side": "sell", "size": "10.00000000", "price": "0.73200000", "time": "2025-07-15T16:36:26.554297Z", "fetched_at": "2025-07-15T16:39:33.613033+00:00", "symbol": "ADA-USD"}, {"trade_id": 143738938, "side": "sell", "size": "977.44734802", "price": "0.73200000", "time": "2025-07-15T16:36:26.554297Z", "fetched_at": "2025-07-15T16:39:33.613033+00:00", "symbol": "ADA-USD"}, {"trade_id": 143738937, "side": "sell", "size": "522.55265198", "price": "0.73200000", "time": "2025-07-15T16:36:26.553535Z", "fetched_at": "2025-07-15T16:39:33.613033+00:00", "symbol": "ADA-USD"}, {"trade_id": 143738936, "side": "buy", "size": "13.66493600", "price": "0.73190000", "time": "2025-07-15T16:36:25.269147Z", "fetched_at": "2025-07-15T16:39:33.613033+00:00", "symbol": "ADA-USD"}, {"trade_id": 143738935, "side": "sell", "size": "173.42978862", "price": "0.73190000", "time": "2025-07-15T16:36:24.043838Z", "fetched_at": "2025-07-15T16:39:33.613033+00:00", "symbol": "ADA-USD"}, {"trade_id": 143738934, "side": "sell", "size": "1.60000000", "price": "0.73190000", "time": "2025-07-15T16:36:24.043838Z", "fetched_at": "2025-07-15T16:39:33.613033+00:00", "symbol": "ADA-USD"}, {"trade_id": 143738933, "side": "sell", "size": "30.65727138", "price": "0.73190000", "time": "2025-07-15T16:36:24.043838Z", "fetched_at": "2025-07-15T16:39:33.613033+00:00", "symbol": "ADA-USD"}, {"trade_id": 143738932, "side": "sell", "size": "0.72784539", "price": "0.73180000", "time": "2025-07-15T16:36:23.303Z", "fetched_at": "2025-07-15T16:39:33.613033+00:00", "symbol": "ADA-USD"}, {"trade_id": 143738931, "side": "sell", "size": "1.60000000", "price": "0.73180000", "time": "2025-07-15T16:36:23.303Z", "fetched_at": "2025-07-15T16:39:33.613033+00:00", "symbol": "ADA-USD"}, {"trade_id": 143738930, "side": "buy", "size": "7.94086132", "price": "0.73170000", "time": "2025-07-15T16:36:21.115336Z", "fetched_at": "2025-07-15T16:39:33.613033+00:00", "symbol": "ADA-USD"}, {"trade_id": 143738929, "side": "buy", "size": "9.30856116", "price": "0.73170000", "time": "2025-07-15T16:36:20.556815Z", "fetched_at": "2025-07-15T16:39:33.613033+00:00", "symbol": "ADA-USD"}, {"trade_id": 143738928, "side": "sell", "size": "99.37925812", "price": "0.73170000", "time": "2025-07-15T16:36:15.889106Z", "fetched_at": "2025-07-15T16:39:33.613033+00:00", "symbol": "ADA-USD"}, {"trade_id": 143738927, "side": "sell", "size": "0.72782588", "price": "0.73170000", "time": "2025-07-15T16:36:15.889106Z", "fetched_at": "2025-07-15T16:39:33.613033+00:00", "symbol": "ADA-USD"}, {"trade_id": 143738926, "side": "buy", "size": "14.95756956", "price": "0.73170000", "time": "2025-07-15T16:36:12.010811Z", "fetched_at": "2025-07-15T16:39:33.613033+00:00", "symbol": "ADA-USD"}, {"trade_id": 143738925, "side": "buy", "size": "275.69095044", "price": "0.73170000", "time": "2025-07-15T16:36:12.010811Z", "fetched_at": "2025-07-15T16:39:33.613033+00:00", "symbol": "ADA-USD"}, {"trade_id": 143738924, "side": "buy", "size": "14.38569883", "price": "0.73170000", "time": "2025-07-15T16:36:12.000972Z", "fetched_at": "2025-07-15T16:39:33.613033+00:00", "symbol": "ADA-USD"}, {"trade_id": 143738923, "side": "buy", "size": "275.69095044", "price": "0.73170000", "time": "2025-07-15T16:36:12.000972Z", "fetched_at": "2025-07-15T16:39:33.613033+00:00", "symbol": "ADA-USD"}, {"trade_id": 143738922, "side": "sell", "size": "814.98542912", "price": "0.73170000", "time": "2025-07-15T16:36:11.284200Z", "fetched_at": "2025-07-15T16:39:33.613033+00:00", "symbol": "ADA-USD"}, {"trade_id": 143738921, "side": "sell", "size": "81.20191525", "price": "0.73170000", "time": "2025-07-15T16:36:11.284200Z", "fetched_at": "2025-07-15T16:39:33.613033+00:00", "symbol": "ADA-USD"}, {"trade_id": 143738920, "side": "sell", "size": "1704.27878475", "price": "0.73170000", "time": "2025-07-15T16:36:11.279982Z", "fetched_at": "2025-07-15T16:39:33.613033+00:00", "symbol": "ADA-USD"}, {"trade_id": 143738919, "side": "sell", "size": "291.68965713", "price": "0.73170000", "time": "2025-07-15T16:36:11.279982Z", "fetched_at": "2025-07-15T16:39:33.613033+00:00", "symbol": "ADA-USD"}, {"trade_id": 143738918, "side": "sell", "size": "1374.24275287", "price": "0.73170000", "time": "2025-07-15T16:36:11.278529Z", "fetched_at": "2025-07-15T16:39:33.613033+00:00", "symbol": "ADA-USD"}, {"trade_id": 143738917, "side": "sell", "size": "0.72781308", "price": "0.73170000", "time": "2025-07-15T16:36:11.278529Z", "fetched_at": "2025-07-15T16:39:33.613033+00:00", "symbol": "ADA-USD"}, {"trade_id": 143738916, "side": "sell", "size": "108.41636223", "price": "0.73160000", "time": "2025-07-15T16:36:11.278529Z", "fetched_at": "2025-07-15T16:39:33.613033+00:00", "symbol": "ADA-USD"}, {"trade_id": 143738915, "side": "buy", "size": "6.41994404", "price": "0.73140000", "time": "2025-07-15T16:36:10.397686Z", "fetched_at": "2025-07-15T16:39:33.613033+00:00", "symbol": "ADA-USD"}, {"trade_id": 143738914, "side": "buy", "size": "1.60000000", "price": "0.73140000", "time": "2025-07-15T16:36:10.397686Z", "fetched_at": "2025-07-15T16:39:33.613033+00:00", "symbol": "ADA-USD"}, {"trade_id": 143738913, "side": "buy", "size": "499.15740000", "price": "0.73140000", "time": "2025-07-15T16:36:10.397686Z", "fetched_at": "2025-07-15T16:39:33.613033+00:00", "symbol": "ADA-USD"}, {"trade_id": 143738912, "side": "buy", "size": "67.84260000", "price": "0.73140000", "time": "2025-07-15T16:36:10.369282Z", "fetched_at": "2025-07-15T16:39:33.613033+00:00", "symbol": "ADA-USD"}, {"trade_id": 143738911, "side": "buy", "size": "6.88429634", "price": "0.73150000", "time": "2025-07-15T16:36:10.175708Z", "fetched_at": "2025-07-15T16:39:33.613033+00:00", "symbol": "ADA-USD"}, {"trade_id": 143738910, "side": "buy", "size": "7.18587823", "price": "0.73160000", "time": "2025-07-15T16:36:09.923722Z", "fetched_at": "2025-07-15T16:39:33.613033+00:00", "symbol": "ADA-USD"}, {"trade_id": 143738909, "side": "sell", "size": "153.70000000", "price": "0.73170000", "time": "2025-07-15T16:36:09.663317Z", "fetched_at": "2025-07-15T16:39:33.613033+00:00", "symbol": "ADA-USD"}, {"trade_id": 143738908, "side": "buy", "size": "113.82109801", "price": "0.73150000", "time": "2025-07-15T16:36:07.954411Z", "fetched_at": "2025-07-15T16:39:33.613033+00:00", "symbol": "ADA-USD"}, {"trade_id": 143738907, "side": "buy", "size": "8.17890199", "price": "0.73160000", "time": "2025-07-15T16:36:07.954411Z", "fetched_at": "2025-07-15T16:39:33.613033+00:00", "symbol": "ADA-USD"}, {"trade_id": 143738906, "side": "buy", "size": "9.26098933", "price": "0.73160000", "time": "2025-07-15T16:36:06.365220Z", "fetched_at": "2025-07-15T16:39:33.613033+00:00", "symbol": "ADA-USD"}, {"trade_id": 143738905, "side": "sell", "size": "73.26964974", "price": "0.73160000", "time": "2025-07-15T16:36:06.137746Z", "fetched_at": "2025-07-15T16:39:33.613033+00:00", "symbol": "ADA-USD"}, {"trade_id": 143738904, "side": "sell", "size": "1.72050881", "price": "0.73160000", "time": "2025-07-15T16:36:06.137746Z", "fetched_at": "2025-07-15T16:39:33.613033+00:00", "symbol": "ADA-USD"}, {"trade_id": 143738903, "side": "buy", "size": "10.83750164", "price": "0.73170000", "time": "2025-07-15T16:36:05.928184Z", "fetched_at": "2025-07-15T16:39:33.613033+00:00", "symbol": "ADA-USD"}, {"trade_id": 143738902, "side": "buy", "size": "12.01057810", "price": "0.73180000", "time": "2025-07-15T16:36:04.268838Z", "fetched_at": "2025-07-15T16:39:33.613033+00:00", "symbol": "ADA-USD"}, {"trade_id": 143738901, "side": "buy", "size": "14.04996389", "price": "0.73180000", "time": "2025-07-15T16:36:03.835408Z", "fetched_at": "2025-07-15T16:39:33.613033+00:00", "symbol": "ADA-USD"}, {"trade_id": 143738900, "side": "sell", "size": "1.60000000", "price": "0.73180000", "time": "2025-07-15T16:36:03.298053Z", "fetched_at": "2025-07-15T16:39:33.613033+00:00", "symbol": "ADA-USD"}, {"trade_id": 143738899, "side": "sell", "size": "29.26072268", "price": "0.73180000", "time": "2025-07-15T16:36:03.298053Z", "fetched_at": "2025-07-15T16:39:33.613033+00:00", "symbol": "ADA-USD"}, {"trade_id": 143738898, "side": "sell", "size": "1.38928222", "price": "0.73180000", "time": "2025-07-15T16:36:03.298053Z", "fetched_at": "2025-07-15T16:39:33.613033+00:00", "symbol": "ADA-USD"}, {"trade_id": 143738897, "side": "sell", "size": "52.34635730", "price": "0.73180000", "time": "2025-07-15T16:36:03.298053Z", "fetched_at": "2025-07-15T16:39:33.613033+00:00", "symbol": "ADA-USD"}, {"trade_id": 143738896, "side": "sell", "size": "0.72785966", "price": "0.73170000", "time": "2025-07-15T16:36:02.983298Z", "fetched_at": "2025-07-15T16:39:33.613033+00:00", "symbol": "ADA-USD"}, {"trade_id": 143738895, "side": "sell", "size": "0.00000922", "price": "0.73170000", "time": "2025-07-15T16:36:02.983298Z", "fetched_at": "2025-07-15T16:39:33.613033+00:00", "symbol": "ADA-USD"}, {"trade_id": 143738894, "side": "buy", "size": "1.94012266", "price": "0.73160000", "time": "2025-07-15T16:35:59.279881Z", "fetched_at": "2025-07-15T16:39:33.613033+00:00", "symbol": "ADA-USD"}, {"trade_id": 143738893, "side": "buy", "size": "14.97015034", "price": "0.73160000", "time": "2025-07-15T16:35:59.279881Z", "fetched_at": "2025-07-15T16:39:33.613033+00:00", "symbol": "ADA-USD"}, {"trade_id": 143738892, "side": "sell", "size": "1.59999078", "price": "0.73170000", "time": "2025-07-15T16:35:58.467315Z", "fetched_at": "2025-07-15T16:39:33.613033+00:00", "symbol": "ADA-USD"}, {"trade_id": 143738891, "side": "sell", "size": "36.08874868", "price": "0.73170000", "time": "2025-07-15T16:35:58.467315Z", "fetched_at": "2025-07-15T16:39:33.613033+00:00", "symbol": "ADA-USD"}, {"trade_id": 143738890, "side": "sell", "size": "110.18614054", "price": "0.73170000", "time": "2025-07-15T16:35:58.467315Z", "fetched_at": "2025-07-15T16:39:33.613033+00:00", "symbol": "ADA-USD"}, {"trade_id": 143738889, "side": "sell", "size": "22.08899173", "price": "0.73170000", "time": "2025-07-15T16:35:58.080585Z", "fetched_at": "2025-07-15T16:39:33.613033+00:00", "symbol": "ADA-USD"}, {"trade_id": 143738888, "side": "sell", "size": "1.23739546", "price": "0.73160000", "time": "2025-07-15T16:35:58.080585Z", "fetched_at": "2025-07-15T16:39:33.613033+00:00", "symbol": "ADA-USD"}, {"trade_id": 143738887, "side": "sell", "size": "1.60000000", "price": "0.73160000", "time": "2025-07-15T16:35:58.080585Z", "fetched_at": "2025-07-15T16:39:33.613033+00:00", "symbol": "ADA-USD"}, {"trade_id": 143738886, "side": "sell", "size": "42.91621281", "price": "0.73160000", "time": "2025-07-15T16:35:58.080585Z", "fetched_at": "2025-07-15T16:39:33.613033+00:00", "symbol": "ADA-USD"}, {"trade_id": 143738885, "side": "sell", "size": "1.60000000", "price": "0.73150000", "time": "2025-07-15T16:35:57.060457Z", "fetched_at": "2025-07-15T16:39:33.613033+00:00", "symbol": "ADA-USD"}, {"trade_id": 143738884, "side": "sell", "size": "3.37747491", "price": "0.73150000", "time": "2025-07-15T16:35:57.060457Z", "fetched_at": "2025-07-15T16:39:33.613033+00:00", "symbol": "ADA-USD"}, {"trade_id": 143738883, "side": "sell", "size": "0.05324266", "price": "0.73150000", "time": "2025-07-15T16:35:57.060457Z", "fetched_at": "2025-07-15T16:39:33.613033+00:00", "symbol": "ADA-USD"}, {"trade_id": 143738882, "side": "sell", "size": "22.63043401", "price": "0.73150000", "time": "2025-07-15T16:35:57.060457Z", "fetched_at": "2025-07-15T16:39:33.613033+00:00", "symbol": "ADA-USD"}, {"trade_id": 143738881, "side": "sell", "size": "1.60000000", "price": "0.73140000", "time": "2025-07-15T16:35:55.191005Z", "fetched_at": "2025-07-15T16:39:33.613033+00:00", "symbol": "ADA-USD"}, {"trade_id": 143738880, "side": "sell", "size": "0.00000639", "price": "0.73130000", "time": "2025-07-15T16:35:55.191005Z", "fetched_at": "2025-07-15T16:39:33.613033+00:00", "symbol": "ADA-USD"}, {"trade_id": 143738879, "side": "sell", "size": "1.59999361", "price": "0.73130000", "time": "2025-07-15T16:35:54.921097Z", "fetched_at": "2025-07-15T16:39:33.613033+00:00", "symbol": "ADA-USD"}, {"trade_id": 143738878, "side": "sell", "size": "102.55640639", "price": "0.73130000", "time": "2025-07-15T16:35:54.921097Z", "fetched_at": "2025-07-15T16:39:33.613033+00:00", "symbol": "ADA-USD"}, {"trade_id": 143738877, "side": "sell", "size": "1.60000000", "price": "0.73120000", "time": "2025-07-15T16:35:54.572222Z", "fetched_at": "2025-07-15T16:39:33.613033+00:00", "symbol": "ADA-USD"}, {"trade_id": 143738876, "side": "sell", "size": "0.21828484", "price": "0.73110000", "time": "2025-07-15T16:35:50.613899Z", "fetched_at": "2025-07-15T16:39:33.613033+00:00", "symbol": "ADA-USD"}, {"trade_id": 143738875, "side": "sell", "size": "1.60000000", "price": "0.73110000", "time": "2025-07-15T16:35:50.613899Z", "fetched_at": "2025-07-15T16:39:33.613033+00:00", "symbol": "ADA-USD"}, {"trade_id": 143738874, "side": "sell", "size": "1.45575657", "price": "0.73100000", "time": "2025-07-15T16:35:48.875252Z", "fetched_at": "2025-07-15T16:39:33.613033+00:00", "symbol": "ADA-USD"}, {"trade_id": 143738873, "side": "sell", "size": "1.60000000", "price": "0.73100000", "time": "2025-07-15T16:35:48.875252Z", "fetched_at": "2025-07-15T16:39:33.613033+00:00", "symbol": "ADA-USD"}, {"trade_id": 143738872, "side": "sell", "size": "1.60000000", "price": "0.73090000", "time": "2025-07-15T16:35:47.209246Z", "fetched_at": "2025-07-15T16:39:33.613033+00:00", "symbol": "ADA-USD"}, {"trade_id": 143738871, "side": "sell", "size": "1.60000000", "price": "0.73080000", "time": "2025-07-15T16:35:46.892114Z", "fetched_at": "2025-07-15T16:39:33.613033+00:00", "symbol": "ADA-USD"}, {"trade_id": 143738870, "side": "sell", "size": "0.72781075", "price": "0.73070000", "time": "2025-07-15T16:35:46.627938Z", "fetched_at": "2025-07-15T16:39:33.613033+00:00", "symbol": "ADA-USD"}, {"trade_id": 143738869, "side": "sell", "size": "1.60000000", "price": "0.73070000", "time": "2025-07-15T16:35:46.627938Z", "fetched_at": "2025-07-15T16:39:33.613033+00:00", "symbol": "ADA-USD"}, {"trade_id": 143738868, "side": "sell", "size": "8.58128667", "price": "0.73070000", "time": "2025-07-15T16:35:40.609519Z", "fetched_at": "2025-07-15T16:39:33.613033+00:00", "symbol": "ADA-USD"}, {"trade_id": 143738867, "side": "sell", "size": "0.72791133", "price": "0.73070000", "time": "2025-07-15T16:35:40.609519Z", "fetched_at": "2025-07-15T16:39:33.613033+00:00", "symbol": "ADA-USD"}, {"trade_id": 143738866, "side": "buy", "size": "5.56516656", "price": "0.73050000", "time": "2025-07-15T16:35:38.382137Z", "fetched_at": "2025-07-15T16:39:33.613033+00:00", "symbol": "ADA-USD"}, {"trade_id": 143738865, "side": "buy", "size": "5.51269206", "price": "0.73050000", "time": "2025-07-15T16:35:38.371048Z", "fetched_at": "2025-07-15T16:39:33.613033+00:00", "symbol": "ADA-USD"}, {"trade_id": 143738864, "side": "buy", "size": "1.60000000", "price": "0.73050000", "time": "2025-07-15T16:35:38.371048Z", "fetched_at": "2025-07-15T16:39:33.613033+00:00", "symbol": "ADA-USD"}, {"trade_id": 143738863, "side": "buy", "size": "6.39419995", "price": "0.73060000", "time": "2025-07-15T16:35:33.176944Z", "fetched_at": "2025-07-15T16:39:33.613033+00:00", "symbol": "ADA-USD"}, {"trade_id": 143738862, "side": "buy", "size": "8.25442861", "price": "0.73060000", "time": "2025-07-15T16:35:30.816649Z", "fetched_at": "2025-07-15T16:39:33.613033+00:00", "symbol": "ADA-USD"}, {"trade_id": 143738861, "side": "buy", "size": "1.60000000", "price": "0.73060000", "time": "2025-07-15T16:35:30.816649Z", "fetched_at": "2025-07-15T16:39:33.613033+00:00", "symbol": "ADA-USD"}, {"trade_id": 143738860, "side": "sell", "size": "133.04819300", "price": "0.73070000", "time": "2025-07-15T16:35:30.033114Z", "fetched_at": "2025-07-15T16:39:33.613033+00:00", "symbol": "ADA-USD"}, {"trade_id": 143738859, "side": "buy", "size": "8.32381273", "price": "0.73080000", "time": "2025-07-15T16:35:29.192008Z", "fetched_at": "2025-07-15T16:39:33.613033+00:00", "symbol": "ADA-USD"}, {"trade_id": 143738858, "side": "sell", "size": "4.35928724", "price": "0.73090000", "time": "2025-07-15T16:35:28.475975Z", "fetched_at": "2025-07-15T16:39:33.613033+00:00", "symbol": "ADA-USD"}, {"trade_id": 143738857, "side": "sell", "size": "2.29401176", "price": "0.73080000", "time": "2025-07-15T16:35:28.475975Z", "fetched_at": "2025-07-15T16:39:33.613033+00:00", "symbol": "ADA-USD"}, {"trade_id": 143738856, "side": "buy", "size": "11.08779646", "price": "0.73080000", "time": "2025-07-15T16:35:28.345552Z", "fetched_at": "2025-07-15T16:39:33.613033+00:00", "symbol": "ADA-USD"}, {"trade_id": 143738855, "side": "buy", "size": "676.63079763", "price": "0.73080000", "time": "2025-07-15T16:35:27.814376Z", "fetched_at": "2025-07-15T16:39:33.613033+00:00", "symbol": "ADA-USD"}, {"trade_id": 143738854, "side": "buy", "size": "84.84708094", "price": "0.73090000", "time": "2025-07-15T16:35:27.787198Z", "fetched_at": "2025-07-15T16:39:33.613033+00:00", "symbol": "ADA-USD"}, {"trade_id": 143738853, "side": "buy", "size": "275.69095044", "price": "0.73090000", "time": "2025-07-15T16:35:27.787198Z", "fetched_at": "2025-07-15T16:39:33.613033+00:00", "symbol": "ADA-USD"}, {"trade_id": 143738852, "side": "buy", "size": "275.69095044", "price": "0.73090000", "time": "2025-07-15T16:35:27.634877Z", "fetched_at": "2025-07-15T16:39:33.613033+00:00", "symbol": "ADA-USD"}, {"trade_id": 143738851, "side": "buy", "size": "875.38401885", "price": "0.73090000", "time": "2025-07-15T16:35:27.625337Z", "fetched_at": "2025-07-15T16:39:33.613033+00:00", "symbol": "ADA-USD"}, {"trade_id": 143738850, "side": "buy", "size": "831.24807773", "price": "0.73090000", "time": "2025-07-15T16:35:27.625337Z", "fetched_at": "2025-07-15T16:39:33.613033+00:00", "symbol": "ADA-USD"}, {"trade_id": 143738849, "side": "buy", "size": "275.69095044", "price": "0.73090000", "time": "2025-07-15T16:35:27.625337Z", "fetched_at": "2025-07-15T16:39:33.613033+00:00", "symbol": "ADA-USD"}, {"trade_id": 143738848, "side": "buy", "size": "83.94732924", "price": "0.73100000", "time": "2025-07-15T16:35:27.625337Z", "fetched_at": "2025-07-15T16:39:33.613033+00:00", "symbol": "ADA-USD"}, {"trade_id": 143738847, "side": "sell", "size": "0.72786475", "price": "0.73100000", "time": "2025-07-15T16:35:27.536716Z", "fetched_at": "2025-07-15T16:39:33.613033+00:00", "symbol": "ADA-USD"}, {"trade_id": 143738846, "side": "sell", "size": "64.90588600", "price": "0.73100000", "time": "2025-07-15T16:35:26.756040Z", "fetched_at": "2025-07-15T16:39:33.613033+00:00", "symbol": "ADA-USD"}, {"trade_id": 143738845, "side": "sell", "size": "1.60000000", "price": "0.73100000", "time": "2025-07-15T16:35:26.756040Z", "fetched_at": "2025-07-15T16:39:33.613033+00:00", "symbol": "ADA-USD"}, {"trade_id": 143738844, "side": "sell", "size": "6.43913500", "price": "0.73090000", "time": "2025-07-15T16:35:25.546648Z", "fetched_at": "2025-07-15T16:39:33.613033+00:00", "symbol": "ADA-USD"}, {"trade_id": 143738843, "side": "sell", "size": "3.38045266", "price": "0.73080000", "time": "2025-07-15T16:35:24.292660Z", "fetched_at": "2025-07-15T16:39:33.613033+00:00", "symbol": "ADA-USD"}, {"trade_id": 143738842, "side": "sell", "size": "3.05868234", "price": "0.73080000", "time": "2025-07-15T16:35:24.292660Z", "fetched_at": "2025-07-15T16:39:33.613033+00:00", "symbol": "ADA-USD"}