[{"trade_id": 143719760, "side": "sell", "size": "1.35523600", "price": "0.73040000", "time": "2025-07-15T14:23:22.106798Z", "fetched_at": "2025-07-15T14:23:25.350250+00:00", "symbol": "ADA-USD"}, {"trade_id": 143719759, "side": "sell", "size": "0.14202967", "price": "0.73050000", "time": "2025-07-15T14:23:17.658390Z", "fetched_at": "2025-07-15T14:23:25.350250+00:00", "symbol": "ADA-USD"}, {"trade_id": 143719758, "side": "sell", "size": "13.68839480", "price": "0.73050000", "time": "2025-07-15T14:23:17.068384Z", "fetched_at": "2025-07-15T14:23:25.350250+00:00", "symbol": "ADA-USD"}, {"trade_id": 143719757, "side": "buy", "size": "11.32598706", "price": "0.73040000", "time": "2025-07-15T14:23:13.915174Z", "fetched_at": "2025-07-15T14:23:25.350250+00:00", "symbol": "ADA-USD"}, {"trade_id": 143719756, "side": "buy", "size": "2.25749076", "price": "0.73040000", "time": "2025-07-15T14:23:13.915174Z", "fetched_at": "2025-07-15T14:23:25.350250+00:00", "symbol": "ADA-USD"}, {"trade_id": 143719755, "side": "buy", "size": "1.60000000", "price": "0.73040000", "time": "2025-07-15T14:23:13.915174Z", "fetched_at": "2025-07-15T14:23:25.350250+00:00", "symbol": "ADA-USD"}, {"trade_id": 143719754, "side": "buy", "size": "2.54566018", "price": "0.73050000", "time": "2025-07-15T14:23:13.915174Z", "fetched_at": "2025-07-15T14:23:25.350250+00:00", "symbol": "ADA-USD"}, {"trade_id": 143719753, "side": "buy", "size": "115.52448895", "price": "0.73050000", "time": "2025-07-15T14:23:13.781638Z", "fetched_at": "2025-07-15T14:23:25.350250+00:00", "symbol": "ADA-USD"}, {"trade_id": 143719752, "side": "sell", "size": "0.02935649", "price": "0.73060000", "time": "2025-07-15T14:23:12.926584Z", "fetched_at": "2025-07-15T14:23:25.350250+00:00", "symbol": "ADA-USD"}, {"trade_id": 143719751, "side": "sell", "size": "51.00306000", "price": "0.73060000", "time": "2025-07-15T14:23:11.484313Z", "fetched_at": "2025-07-15T14:23:25.350250+00:00", "symbol": "ADA-USD"}, {"trade_id": 143719750, "side": "sell", "size": "13.68462888", "price": "0.73050000", "time": "2025-07-15T14:23:11.479611Z", "fetched_at": "2025-07-15T14:23:25.350250+00:00", "symbol": "ADA-USD"}, {"trade_id": 143719749, "side": "sell", "size": "2268.37342155", "price": "0.73050000", "time": "2025-07-15T14:23:11.479611Z", "fetched_at": "2025-07-15T14:23:25.350250+00:00", "symbol": "ADA-USD"}, {"trade_id": 143719748, "side": "sell", "size": "1017.18013306", "price": "0.73050000", "time": "2025-07-15T14:23:11.479128Z", "fetched_at": "2025-07-15T14:23:25.350250+00:00", "symbol": "ADA-USD"}, {"trade_id": 143719747, "side": "sell", "size": "1578.25984267", "price": "0.73050000", "time": "2025-07-15T14:23:11.479006Z", "fetched_at": "2025-07-15T14:23:25.350250+00:00", "symbol": "ADA-USD"}, {"trade_id": 143719746, "side": "sell", "size": "381.44254990", "price": "0.73050000", "time": "2025-07-15T14:23:11.478971Z", "fetched_at": "2025-07-15T14:23:25.350250+00:00", "symbol": "ADA-USD"}, {"trade_id": 143719745, "side": "sell", "size": "0.04405282", "price": "0.73050000", "time": "2025-07-15T14:23:08.216999Z", "fetched_at": "2025-07-15T14:23:25.350250+00:00", "symbol": "ADA-USD"}, {"trade_id": 143719744, "side": "sell", "size": "86.25148419", "price": "0.73050000", "time": "2025-07-15T14:23:07.261594Z", "fetched_at": "2025-07-15T14:23:25.350250+00:00", "symbol": "ADA-USD"}, {"trade_id": 143719743, "side": "sell", "size": "50.00000000", "price": "0.73050000", "time": "2025-07-15T14:23:07.261594Z", "fetched_at": "2025-07-15T14:23:25.350250+00:00", "symbol": "ADA-USD"}, {"trade_id": 143719742, "side": "sell", "size": "134.96043000", "price": "0.73050000", "time": "2025-07-15T14:23:07.261594Z", "fetched_at": "2025-07-15T14:23:25.350250+00:00", "symbol": "ADA-USD"}, {"trade_id": 143719741, "side": "buy", "size": "699.68640292", "price": "0.73050000", "time": "2025-07-15T14:23:07.025191Z", "fetched_at": "2025-07-15T14:23:25.350250+00:00", "symbol": "ADA-USD"}, {"trade_id": 143719740, "side": "buy", "size": "1.60000000", "price": "0.73050000", "time": "2025-07-15T14:23:07.025191Z", "fetched_at": "2025-07-15T14:23:25.350250+00:00", "symbol": "ADA-USD"}, {"trade_id": 143719739, "side": "buy", "size": "22.47243919", "price": "0.73050000", "time": "2025-07-15T14:23:07.025191Z", "fetched_at": "2025-07-15T14:23:25.350250+00:00", "symbol": "ADA-USD"}, {"trade_id": 143719738, "side": "buy", "size": "748.61033300", "price": "0.73050000", "time": "2025-07-15T14:23:07.025191Z", "fetched_at": "2025-07-15T14:23:25.350250+00:00", "symbol": "ADA-USD"}, {"trade_id": 143719737, "side": "buy", "size": "1.60000000", "price": "0.73060000", "time": "2025-07-15T14:23:07.025191Z", "fetched_at": "2025-07-15T14:23:25.350250+00:00", "symbol": "ADA-USD"}, {"trade_id": 143719736, "side": "buy", "size": "32.84971256", "price": "0.73060000", "time": "2025-07-15T14:23:07.025191Z", "fetched_at": "2025-07-15T14:23:25.350250+00:00", "symbol": "ADA-USD"}, {"trade_id": 143719735, "side": "buy", "size": "5.84146126", "price": "0.73070000", "time": "2025-07-15T14:23:07.025191Z", "fetched_at": "2025-07-15T14:23:25.350250+00:00", "symbol": "ADA-USD"}, {"trade_id": 143719734, "side": "buy", "size": "1.60000000", "price": "0.73070000", "time": "2025-07-15T14:23:07.025191Z", "fetched_at": "2025-07-15T14:23:25.350250+00:00", "symbol": "ADA-USD"}, {"trade_id": 143719733, "side": "sell", "size": "105.06480470", "price": "0.73080000", "time": "2025-07-15T14:23:01.224013Z", "fetched_at": "2025-07-15T14:23:25.350250+00:00", "symbol": "ADA-USD"}, {"trade_id": 143719732, "side": "sell", "size": "608.22552930", "price": "0.73080000", "time": "2025-07-15T14:23:01.224013Z", "fetched_at": "2025-07-15T14:23:25.350250+00:00", "symbol": "ADA-USD"}, {"trade_id": 143719731, "side": "sell", "size": "51.00306000", "price": "0.73080000", "time": "2025-07-15T14:23:01.224013Z", "fetched_at": "2025-07-15T14:23:25.350250+00:00", "symbol": "ADA-USD"}, {"trade_id": 143719730, "side": "sell", "size": "567.00000000", "price": "0.73080000", "time": "2025-07-15T14:23:01.224013Z", "fetched_at": "2025-07-15T14:23:25.350250+00:00", "symbol": "ADA-USD"}, {"trade_id": 143719729, "side": "sell", "size": "420.37438571", "price": "0.73090000", "time": "2025-07-15T14:23:00.354997Z", "fetched_at": "2025-07-15T14:23:25.350250+00:00", "symbol": "ADA-USD"}, {"trade_id": 143719728, "side": "sell", "size": "24.28220205", "price": "0.73090000", "time": "2025-07-15T14:23:00.354997Z", "fetched_at": "2025-07-15T14:23:25.350250+00:00", "symbol": "ADA-USD"}, {"trade_id": 143719727, "side": "buy", "size": "5.11870625", "price": "0.73080000", "time": "2025-07-15T14:22:58.362379Z", "fetched_at": "2025-07-15T14:23:25.350250+00:00", "symbol": "ADA-USD"}, {"trade_id": 143719726, "side": "buy", "size": "1.60000000", "price": "0.73080000", "time": "2025-07-15T14:22:58.362379Z", "fetched_at": "2025-07-15T14:23:25.350250+00:00", "symbol": "ADA-USD"}, {"trade_id": 143719725, "side": "buy", "size": "1.60000000", "price": "0.73090000", "time": "2025-07-15T14:22:58.177654Z", "fetched_at": "2025-07-15T14:23:25.350250+00:00", "symbol": "ADA-USD"}, {"trade_id": 143719724, "side": "sell", "size": "13.67619198", "price": "0.73100000", "time": "2025-07-15T14:22:54.493513Z", "fetched_at": "2025-07-15T14:23:25.350250+00:00", "symbol": "ADA-USD"}, {"trade_id": 143719723, "side": "buy", "size": "683.99356368", "price": "0.73100000", "time": "2025-07-15T14:22:53.441899Z", "fetched_at": "2025-07-15T14:23:25.350250+00:00", "symbol": "ADA-USD"}, {"trade_id": 143719722, "side": "buy", "size": "474.51565413", "price": "0.73100000", "time": "2025-07-15T14:22:53.441899Z", "fetched_at": "2025-07-15T14:23:25.350250+00:00", "symbol": "ADA-USD"}, {"trade_id": 143719721, "side": "buy", "size": "275.69095044", "price": "0.73100000", "time": "2025-07-15T14:22:53.441899Z", "fetched_at": "2025-07-15T14:23:25.350250+00:00", "symbol": "ADA-USD"}, {"trade_id": 143719720, "side": "buy", "size": "5164.80000000", "price": "0.73100000", "time": "2025-07-15T14:22:53.441899Z", "fetched_at": "2025-07-15T14:23:25.350250+00:00", "symbol": "ADA-USD"}, {"trade_id": 143719719, "side": "buy", "size": "1.60000000", "price": "0.73100000", "time": "2025-07-15T14:22:53.441899Z", "fetched_at": "2025-07-15T14:23:25.350250+00:00", "symbol": "ADA-USD"}, {"trade_id": 143719718, "side": "buy", "size": "1.60000000", "price": "0.73110000", "time": "2025-07-15T14:22:53.441899Z", "fetched_at": "2025-07-15T14:23:25.350250+00:00", "symbol": "ADA-USD"}, {"trade_id": 143719717, "side": "buy", "size": "1.63043724", "price": "0.73120000", "time": "2025-07-15T14:22:50.744902Z", "fetched_at": "2025-07-15T14:23:25.350250+00:00", "symbol": "ADA-USD"}, {"trade_id": 143719716, "side": "buy", "size": "1.60000000", "price": "0.73120000", "time": "2025-07-15T14:22:50.744902Z", "fetched_at": "2025-07-15T14:23:25.350250+00:00", "symbol": "ADA-USD"}, {"trade_id": 143719715, "side": "buy", "size": "2.02493409", "price": "0.73130000", "time": "2025-07-15T14:22:50.458264Z", "fetched_at": "2025-07-15T14:23:25.350250+00:00", "symbol": "ADA-USD"}, {"trade_id": 143719714, "side": "buy", "size": "1.95542185", "price": "0.73130000", "time": "2025-07-15T14:22:50.458264Z", "fetched_at": "2025-07-15T14:23:25.350250+00:00", "symbol": "ADA-USD"}, {"trade_id": 143719713, "side": "buy", "size": "1.60000000", "price": "0.73130000", "time": "2025-07-15T14:22:50.458264Z", "fetched_at": "2025-07-15T14:23:25.350250+00:00", "symbol": "ADA-USD"}, {"trade_id": 143719712, "side": "buy", "size": "50.00000000", "price": "0.73140000", "time": "2025-07-15T14:22:49.381192Z", "fetched_at": "2025-07-15T14:23:25.350250+00:00", "symbol": "ADA-USD"}, {"trade_id": 143719711, "side": "buy", "size": "500.00000000", "price": "0.73140000", "time": "2025-07-15T14:22:49.381192Z", "fetched_at": "2025-07-15T14:23:25.350250+00:00", "symbol": "ADA-USD"}, {"trade_id": 143719710, "side": "buy", "size": "1.95515450", "price": "0.73140000", "time": "2025-07-15T14:22:49.381192Z", "fetched_at": "2025-07-15T14:23:25.350250+00:00", "symbol": "ADA-USD"}, {"trade_id": 143719709, "side": "buy", "size": "1.60000000", "price": "0.73140000", "time": "2025-07-15T14:22:49.381192Z", "fetched_at": "2025-07-15T14:23:25.350250+00:00", "symbol": "ADA-USD"}, {"trade_id": 143719708, "side": "buy", "size": "3.12736860", "price": "0.73150000", "time": "2025-07-15T14:22:49.381192Z", "fetched_at": "2025-07-15T14:23:25.350250+00:00", "symbol": "ADA-USD"}, {"trade_id": 143719707, "side": "buy", "size": "13.66680334", "price": "0.73170000", "time": "2025-07-15T14:22:45.777607Z", "fetched_at": "2025-07-15T14:23:25.350250+00:00", "symbol": "ADA-USD"}, {"trade_id": 143719706, "side": "buy", "size": "12.74464000", "price": "0.73180000", "time": "2025-07-15T14:22:41.802580Z", "fetched_at": "2025-07-15T14:23:25.350250+00:00", "symbol": "ADA-USD"}, {"trade_id": 143719705, "side": "sell", "size": "1.60000000", "price": "0.73180000", "time": "2025-07-15T14:22:40.797168Z", "fetched_at": "2025-07-15T14:23:25.350250+00:00", "symbol": "ADA-USD"}, {"trade_id": 143719704, "side": "sell", "size": "13.66776893", "price": "0.73170000", "time": "2025-07-15T14:22:35.191857Z", "fetched_at": "2025-07-15T14:23:25.350250+00:00", "symbol": "ADA-USD"}, {"trade_id": 143719703, "side": "sell", "size": "1.60000000", "price": "0.73170000", "time": "2025-07-15T14:22:35.191857Z", "fetched_at": "2025-07-15T14:23:25.350250+00:00", "symbol": "ADA-USD"}, {"trade_id": 143719702, "side": "sell", "size": "27.05657300", "price": "0.73170000", "time": "2025-07-15T14:22:35.164397Z", "fetched_at": "2025-07-15T14:23:25.350250+00:00", "symbol": "ADA-USD"}, {"trade_id": 143719701, "side": "sell", "size": "442.58269013", "price": "0.73170000", "time": "2025-07-15T14:22:34.386460Z", "fetched_at": "2025-07-15T14:23:25.350250+00:00", "symbol": "ADA-USD"}, {"trade_id": 143719700, "side": "sell", "size": "38.92014587", "price": "0.73170000", "time": "2025-07-15T14:22:34.386460Z", "fetched_at": "2025-07-15T14:23:25.350250+00:00", "symbol": "ADA-USD"}, {"trade_id": 143719699, "side": "sell", "size": "27.90853719", "price": "0.73150000", "time": "2025-07-15T14:22:31.160962Z", "fetched_at": "2025-07-15T14:23:25.350250+00:00", "symbol": "ADA-USD"}, {"trade_id": 143719698, "side": "sell", "size": "51.00306000", "price": "0.73150000", "time": "2025-07-15T14:22:31.151615Z", "fetched_at": "2025-07-15T14:23:25.350250+00:00", "symbol": "ADA-USD"}, {"trade_id": 143719697, "side": "sell", "size": "67.84260000", "price": "0.73150000", "time": "2025-07-15T14:22:30.483255Z", "fetched_at": "2025-07-15T14:23:25.350250+00:00", "symbol": "ADA-USD"}, {"trade_id": 143719696, "side": "sell", "size": "39.84080300", "price": "0.73150000", "time": "2025-07-15T14:22:28.957896Z", "fetched_at": "2025-07-15T14:23:25.350250+00:00", "symbol": "ADA-USD"}, {"trade_id": 143719695, "side": "sell", "size": "33.21657100", "price": "0.73150000", "time": "2025-07-15T14:22:26.429540Z", "fetched_at": "2025-07-15T14:23:25.350250+00:00", "symbol": "ADA-USD"}, {"trade_id": 143719694, "side": "buy", "size": "0.00001718", "price": "0.73150000", "time": "2025-07-15T14:22:26.333694Z", "fetched_at": "2025-07-15T14:23:25.350250+00:00", "symbol": "ADA-USD"}, {"trade_id": 143719693, "side": "buy", "size": "13.67052281", "price": "0.73150000", "time": "2025-07-15T14:22:26.301680Z", "fetched_at": "2025-07-15T14:23:25.350250+00:00", "symbol": "ADA-USD"}, {"trade_id": 143719692, "side": "buy", "size": "146.75419719", "price": "0.73150000", "time": "2025-07-15T14:22:26.301680Z", "fetched_at": "2025-07-15T14:23:25.350250+00:00", "symbol": "ADA-USD"}, {"trade_id": 143719691, "side": "buy", "size": "13.66680334", "price": "0.73170000", "time": "2025-07-15T14:22:26.068306Z", "fetched_at": "2025-07-15T14:23:25.350250+00:00", "symbol": "ADA-USD"}, {"trade_id": 143719690, "side": "sell", "size": "28.95507012", "price": "0.73180000", "time": "2025-07-15T14:22:24.887622Z", "fetched_at": "2025-07-15T14:23:25.350250+00:00", "symbol": "ADA-USD"}, {"trade_id": 143719689, "side": "sell", "size": "4.26150088", "price": "0.73180000", "time": "2025-07-15T14:22:24.887622Z", "fetched_at": "2025-07-15T14:23:25.350250+00:00", "symbol": "ADA-USD"}, {"trade_id": 143719688, "side": "sell", "size": "9.78515875", "price": "0.73180000", "time": "2025-07-15T14:22:24.046437Z", "fetched_at": "2025-07-15T14:23:25.350250+00:00", "symbol": "ADA-USD"}, {"trade_id": 143719687, "side": "sell", "size": "43.78515200", "price": "0.73180000", "time": "2025-07-15T14:22:23.956687Z", "fetched_at": "2025-07-15T14:23:25.350250+00:00", "symbol": "ADA-USD"}, {"trade_id": 143719686, "side": "sell", "size": "1.60000000", "price": "0.73180000", "time": "2025-07-15T14:22:23.956687Z", "fetched_at": "2025-07-15T14:23:25.350250+00:00", "symbol": "ADA-USD"}, {"trade_id": 143719685, "side": "buy", "size": "244.62193121", "price": "0.73160000", "time": "2025-07-15T14:22:19.001961Z", "fetched_at": "2025-07-15T14:23:25.350250+00:00", "symbol": "ADA-USD"}, {"trade_id": 143719684, "side": "buy", "size": "81.43980549", "price": "0.73170000", "time": "2025-07-15T14:22:19.001961Z", "fetched_at": "2025-07-15T14:23:25.350250+00:00", "symbol": "ADA-USD"}, {"trade_id": 143719683, "side": "buy", "size": "7.22093330", "price": "0.73170000", "time": "2025-07-15T14:22:19.001961Z", "fetched_at": "2025-07-15T14:23:25.350250+00:00", "symbol": "ADA-USD"}, {"trade_id": 143719682, "side": "sell", "size": "1.60000000", "price": "0.73170000", "time": "2025-07-15T14:22:18.104731Z", "fetched_at": "2025-07-15T14:23:25.350250+00:00", "symbol": "ADA-USD"}, {"trade_id": 143719681, "side": "sell", "size": "10.97303824", "price": "0.73160000", "time": "2025-07-15T14:22:16.830615Z", "fetched_at": "2025-07-15T14:23:25.350250+00:00", "symbol": "ADA-USD"}, {"trade_id": 143719680, "side": "sell", "size": "1.60000000", "price": "0.73160000", "time": "2025-07-15T14:22:16.830615Z", "fetched_at": "2025-07-15T14:23:25.350250+00:00", "symbol": "ADA-USD"}, {"trade_id": 143719679, "side": "buy", "size": "2.61803600", "price": "0.73140000", "time": "2025-07-15T14:22:10.075283Z", "fetched_at": "2025-07-15T14:23:25.350250+00:00", "symbol": "ADA-USD"}, {"trade_id": 143719678, "side": "sell", "size": "13.67333509", "price": "0.73140000", "time": "2025-07-15T14:22:09.656870Z", "fetched_at": "2025-07-15T14:23:25.350250+00:00", "symbol": "ADA-USD"}, {"trade_id": 143719677, "side": "buy", "size": "373.03820197", "price": "0.73140000", "time": "2025-07-15T14:22:05.278779Z", "fetched_at": "2025-07-15T14:23:25.350250+00:00", "symbol": "ADA-USD"}, {"trade_id": 143719676, "side": "buy", "size": "3.18881403", "price": "0.73140000", "time": "2025-07-15T14:22:05.278779Z", "fetched_at": "2025-07-15T14:23:25.350250+00:00", "symbol": "ADA-USD"}, {"trade_id": 143719675, "side": "buy", "size": "1.67413366", "price": "0.73140000", "time": "2025-07-15T14:22:02.514898Z", "fetched_at": "2025-07-15T14:23:25.350250+00:00", "symbol": "ADA-USD"}, {"trade_id": 143719674, "side": "buy", "size": "1.60000000", "price": "0.73140000", "time": "2025-07-15T14:22:02.514898Z", "fetched_at": "2025-07-15T14:23:25.350250+00:00", "symbol": "ADA-USD"}, {"trade_id": 143719673, "side": "buy", "size": "1.75370794", "price": "0.73150000", "time": "2025-07-15T14:22:01.317206Z", "fetched_at": "2025-07-15T14:23:25.350250+00:00", "symbol": "ADA-USD"}, {"trade_id": 143719672, "side": "buy", "size": "1.60000000", "price": "0.73150000", "time": "2025-07-15T14:22:01.317206Z", "fetched_at": "2025-07-15T14:23:25.350250+00:00", "symbol": "ADA-USD"}, {"trade_id": 143719671, "side": "buy", "size": "2.67055688", "price": "0.73160000", "time": "2025-07-15T14:22:00.563439Z", "fetched_at": "2025-07-15T14:23:25.350250+00:00", "symbol": "ADA-USD"}, {"trade_id": 143719670, "side": "buy", "size": "1.60000000", "price": "0.73160000", "time": "2025-07-15T14:22:00.563439Z", "fetched_at": "2025-07-15T14:23:25.350250+00:00", "symbol": "ADA-USD"}, {"trade_id": 143719669, "side": "sell", "size": "135.26438000", "price": "0.73170000", "time": "2025-07-15T14:21:58.644770Z", "fetched_at": "2025-07-15T14:23:25.350250+00:00", "symbol": "ADA-USD"}, {"trade_id": 143719668, "side": "buy", "size": "9.50172530", "price": "0.73170000", "time": "2025-07-15T14:21:54.447759Z", "fetched_at": "2025-07-15T14:23:25.350250+00:00", "symbol": "ADA-USD"}, {"trade_id": 143719667, "side": "buy", "size": "1.60000000", "price": "0.73170000", "time": "2025-07-15T14:21:54.447759Z", "fetched_at": "2025-07-15T14:23:25.350250+00:00", "symbol": "ADA-USD"}, {"trade_id": 143719666, "side": "sell", "size": "141.56378000", "price": "0.73190000", "time": "2025-07-15T14:21:50.486948Z", "fetched_at": "2025-07-15T14:23:25.350250+00:00", "symbol": "ADA-USD"}, {"trade_id": 143719665, "side": "sell", "size": "4087.73976567", "price": "0.73190000", "time": "2025-07-15T14:21:46.974546Z", "fetched_at": "2025-07-15T14:23:25.350250+00:00", "symbol": "ADA-USD"}, {"trade_id": 143719664, "side": "sell", "size": "1.60000000", "price": "0.73190000", "time": "2025-07-15T14:21:46.974546Z", "fetched_at": "2025-07-15T14:23:25.350250+00:00", "symbol": "ADA-USD"}, {"trade_id": 143719663, "side": "sell", "size": "4219.72975325", "price": "0.73180000", "time": "2025-07-15T14:21:46.937649Z", "fetched_at": "2025-07-15T14:23:25.350250+00:00", "symbol": "ADA-USD"}, {"trade_id": 143719662, "side": "sell", "size": "834.62827480", "price": "0.73180000", "time": "2025-07-15T14:21:46.937649Z", "fetched_at": "2025-07-15T14:23:25.350250+00:00", "symbol": "ADA-USD"}, {"trade_id": 143719661, "side": "sell", "size": "43.82151293", "price": "0.73180000", "time": "2025-07-15T14:21:46.937649Z", "fetched_at": "2025-07-15T14:23:25.350250+00:00", "symbol": "ADA-USD"}, {"trade_id": 143719660, "side": "sell", "size": "13.66773818", "price": "0.73180000", "time": "2025-07-15T14:21:46.937649Z", "fetched_at": "2025-07-15T14:23:25.350250+00:00", "symbol": "ADA-USD"}, {"trade_id": 143719659, "side": "sell", "size": "4.64004862", "price": "0.73180000", "time": "2025-07-15T14:21:46.937649Z", "fetched_at": "2025-07-15T14:23:25.350250+00:00", "symbol": "ADA-USD"}, {"trade_id": 143719658, "side": "sell", "size": "828.82612062", "price": "0.73180000", "time": "2025-07-15T14:21:46.937649Z", "fetched_at": "2025-07-15T14:23:25.350250+00:00", "symbol": "ADA-USD"}, {"trade_id": 143719657, "side": "sell", "size": "134.96043000", "price": "0.73180000", "time": "2025-07-15T14:21:46.937649Z", "fetched_at": "2025-07-15T14:23:25.350250+00:00", "symbol": "ADA-USD"}, {"trade_id": 143719656, "side": "sell", "size": "24.01825749", "price": "0.73180000", "time": "2025-07-15T14:21:46.937649Z", "fetched_at": "2025-07-15T14:23:25.350250+00:00", "symbol": "ADA-USD"}, {"trade_id": 143719655, "side": "sell", "size": "20.10687737", "price": "0.73180000", "time": "2025-07-15T14:21:46.937649Z", "fetched_at": "2025-07-15T14:23:25.350250+00:00", "symbol": "ADA-USD"}, {"trade_id": 143719654, "side": "buy", "size": "1.42764037", "price": "0.73170000", "time": "2025-07-15T14:21:45.048884Z", "fetched_at": "2025-07-15T14:23:25.350250+00:00", "symbol": "ADA-USD"}, {"trade_id": 143719653, "side": "buy", "size": "2.05832978", "price": "0.73170000", "time": "2025-07-15T14:21:39.476201Z", "fetched_at": "2025-07-15T14:23:25.350250+00:00", "symbol": "ADA-USD"}, {"trade_id": 143719652, "side": "buy", "size": "1.60000000", "price": "0.73170000", "time": "2025-07-15T14:21:39.476201Z", "fetched_at": "2025-07-15T14:23:25.350250+00:00", "symbol": "ADA-USD"}, {"trade_id": 143719651, "side": "buy", "size": "2.63407819", "price": "0.73180000", "time": "2025-07-15T14:21:39.233299Z", "fetched_at": "2025-07-15T14:23:25.350250+00:00", "symbol": "ADA-USD"}, {"trade_id": 143719650, "side": "buy", "size": "1.60000000", "price": "0.73180000", "time": "2025-07-15T14:21:39.233299Z", "fetched_at": "2025-07-15T14:23:25.350250+00:00", "symbol": "ADA-USD"}, {"trade_id": 143719649, "side": "buy", "size": "5.45332651", "price": "0.73190000", "time": "2025-07-15T14:21:38.814955Z", "fetched_at": "2025-07-15T14:23:25.350250+00:00", "symbol": "ADA-USD"}, {"trade_id": 143719648, "side": "buy", "size": "1.60000000", "price": "0.73190000", "time": "2025-07-15T14:21:38.814955Z", "fetched_at": "2025-07-15T14:23:25.350250+00:00", "symbol": "ADA-USD"}, {"trade_id": 143719647, "side": "buy", "size": "24.01825749", "price": "0.73190000", "time": "2025-07-15T14:21:38.814955Z", "fetched_at": "2025-07-15T14:23:25.350250+00:00", "symbol": "ADA-USD"}, {"trade_id": 143719646, "side": "buy", "size": "1.60000000", "price": "0.73200000", "time": "2025-07-15T14:21:38.604189Z", "fetched_at": "2025-07-15T14:23:25.350250+00:00", "symbol": "ADA-USD"}, {"trade_id": 143719645, "side": "buy", "size": "6.68147364", "price": "0.73210000", "time": "2025-07-15T14:21:38.542373Z", "fetched_at": "2025-07-15T14:23:25.350250+00:00", "symbol": "ADA-USD"}, {"trade_id": 143719644, "side": "sell", "size": "52.20811965", "price": "0.73230000", "time": "2025-07-15T14:21:37.068503Z", "fetched_at": "2025-07-15T14:23:25.350250+00:00", "symbol": "ADA-USD"}, {"trade_id": 143719643, "side": "sell", "size": "13.66026762", "price": "0.73230000", "time": "2025-07-15T14:21:37.068503Z", "fetched_at": "2025-07-15T14:23:25.350250+00:00", "symbol": "ADA-USD"}, {"trade_id": 143719642, "side": "sell", "size": "1.60000000", "price": "0.73230000", "time": "2025-07-15T14:21:37.068503Z", "fetched_at": "2025-07-15T14:23:25.350250+00:00", "symbol": "ADA-USD"}, {"trade_id": 143719641, "side": "buy", "size": "43.82151293", "price": "0.73220000", "time": "2025-07-15T14:21:35.471472Z", "fetched_at": "2025-07-15T14:23:25.350250+00:00", "symbol": "ADA-USD"}, {"trade_id": 143719640, "side": "buy", "size": "4.75147607", "price": "0.73220000", "time": "2025-07-15T14:21:35.471472Z", "fetched_at": "2025-07-15T14:23:25.350250+00:00", "symbol": "ADA-USD"}, {"trade_id": 143719639, "side": "buy", "size": "1.60000000", "price": "0.73210000", "time": "2025-07-15T14:21:28.026216Z", "fetched_at": "2025-07-15T14:23:25.350250+00:00", "symbol": "ADA-USD"}, {"trade_id": 143719638, "side": "buy", "size": "160.99342800", "price": "0.73220000", "time": "2025-07-15T14:21:27.368728Z", "fetched_at": "2025-07-15T14:23:25.350250+00:00", "symbol": "ADA-USD"}, {"trade_id": 143719637, "side": "buy", "size": "339.00657200", "price": "0.73220000", "time": "2025-07-15T14:21:27.365265Z", "fetched_at": "2025-07-15T14:23:25.350250+00:00", "symbol": "ADA-USD"}, {"trade_id": 143719636, "side": "buy", "size": "13.65560563", "price": "0.73230000", "time": "2025-07-15T14:21:27.365265Z", "fetched_at": "2025-07-15T14:23:25.350250+00:00", "symbol": "ADA-USD"}, {"trade_id": 143719635, "side": "sell", "size": "13.66303690", "price": "0.73210000", "time": "2025-07-15T14:21:23.762096Z", "fetched_at": "2025-07-15T14:23:25.350250+00:00", "symbol": "ADA-USD"}, {"trade_id": 143719634, "side": "sell", "size": "1.60000000", "price": "0.73200000", "time": "2025-07-15T14:21:23.727029Z", "fetched_at": "2025-07-15T14:23:25.350250+00:00", "symbol": "ADA-USD"}, {"trade_id": 143719633, "side": "sell", "size": "1893.70066000", "price": "0.73190000", "time": "2025-07-15T14:21:21.683761Z", "fetched_at": "2025-07-15T14:23:25.350250+00:00", "symbol": "ADA-USD"}, {"trade_id": 143719632, "side": "sell", "size": "50.00000000", "price": "0.73190000", "time": "2025-07-15T14:21:21.683761Z", "fetched_at": "2025-07-15T14:23:25.350250+00:00", "symbol": "ADA-USD"}, {"trade_id": 143719631, "side": "sell", "size": "13.65548313", "price": "0.73180000", "time": "2025-07-15T14:21:21.683761Z", "fetched_at": "2025-07-15T14:23:25.350250+00:00", "symbol": "ADA-USD"}, {"trade_id": 143719630, "side": "buy", "size": "67.84260000", "price": "0.73170000", "time": "2025-07-15T14:21:21.070533Z", "fetched_at": "2025-07-15T14:23:25.350250+00:00", "symbol": "ADA-USD"}, {"trade_id": 143719629, "side": "sell", "size": "51.00306000", "price": "0.73180000", "time": "2025-07-15T14:21:20.831585Z", "fetched_at": "2025-07-15T14:23:25.350250+00:00", "symbol": "ADA-USD"}, {"trade_id": 143719628, "side": "sell", "size": "19.98343320", "price": "0.73180000", "time": "2025-07-15T14:21:20.831585Z", "fetched_at": "2025-07-15T14:23:25.350250+00:00", "symbol": "ADA-USD"}, {"trade_id": 143719627, "side": "sell", "size": "419.52742000", "price": "0.73180000", "time": "2025-07-15T14:21:20.809665Z", "fetched_at": "2025-07-15T14:23:25.350250+00:00", "symbol": "ADA-USD"}, {"trade_id": 143719626, "side": "sell", "size": "50.00000000", "price": "0.73180000", "time": "2025-07-15T14:21:20.809665Z", "fetched_at": "2025-07-15T14:23:25.350250+00:00", "symbol": "ADA-USD"}, {"trade_id": 143719625, "side": "sell", "size": "51.00306000", "price": "0.73180000", "time": "2025-07-15T14:21:20.743601Z", "fetched_at": "2025-07-15T14:23:25.350250+00:00", "symbol": "ADA-USD"}, {"trade_id": 143719624, "side": "sell", "size": "262.19085000", "price": "0.73180000", "time": "2025-07-15T14:21:20.722703Z", "fetched_at": "2025-07-15T14:23:25.350250+00:00", "symbol": "ADA-USD"}, {"trade_id": 143719623, "side": "sell", "size": "236.96655000", "price": "0.73180000", "time": "2025-07-15T14:21:20.700873Z", "fetched_at": "2025-07-15T14:23:25.350250+00:00", "symbol": "ADA-USD"}, {"trade_id": 143719622, "side": "sell", "size": "67.84260000", "price": "0.73180000", "time": "2025-07-15T14:21:20.696746Z", "fetched_at": "2025-07-15T14:23:25.350250+00:00", "symbol": "ADA-USD"}, {"trade_id": 143719621, "side": "sell", "size": "187.56349000", "price": "0.73170000", "time": "2025-07-15T14:21:20.690571Z", "fetched_at": "2025-07-15T14:23:25.350250+00:00", "symbol": "ADA-USD"}, {"trade_id": 143719620, "side": "sell", "size": "49.40306000", "price": "0.73170000", "time": "2025-07-15T14:21:20.690571Z", "fetched_at": "2025-07-15T14:23:25.350250+00:00", "symbol": "ADA-USD"}, {"trade_id": 143719619, "side": "buy", "size": "1.60000000", "price": "0.73170000", "time": "2025-07-15T14:21:20.681593Z", "fetched_at": "2025-07-15T14:23:25.350250+00:00", "symbol": "ADA-USD"}, {"trade_id": 143719618, "side": "sell", "size": "51.00306000", "price": "0.73180000", "time": "2025-07-15T14:21:20.670140Z", "fetched_at": "2025-07-15T14:23:25.350250+00:00", "symbol": "ADA-USD"}, {"trade_id": 143719617, "side": "buy", "size": "158.31866797", "price": "0.73180000", "time": "2025-07-15T14:21:20.622712Z", "fetched_at": "2025-07-15T14:23:25.350250+00:00", "symbol": "ADA-USD"}, {"trade_id": 143719616, "side": "buy", "size": "2913.37000000", "price": "0.73180000", "time": "2025-07-15T14:21:20.622613Z", "fetched_at": "2025-07-15T14:23:25.350250+00:00", "symbol": "ADA-USD"}, {"trade_id": 143719615, "side": "buy", "size": "453.74290000", "price": "0.73180000", "time": "2025-07-15T14:21:20.618162Z", "fetched_at": "2025-07-15T14:23:25.350250+00:00", "symbol": "ADA-USD"}, {"trade_id": 143719614, "side": "buy", "size": "573.20904956", "price": "0.73180000", "time": "2025-07-15T14:21:20.615554Z", "fetched_at": "2025-07-15T14:23:25.350250+00:00", "symbol": "ADA-USD"}, {"trade_id": 143719613, "side": "buy", "size": "275.69095044", "price": "0.73180000", "time": "2025-07-15T14:21:20.615554Z", "fetched_at": "2025-07-15T14:23:25.350250+00:00", "symbol": "ADA-USD"}, {"trade_id": 143719612, "side": "buy", "size": "1.60000000", "price": "0.73180000", "time": "2025-07-15T14:21:20.615554Z", "fetched_at": "2025-07-15T14:23:25.350250+00:00", "symbol": "ADA-USD"}, {"trade_id": 143719611, "side": "buy", "size": "375.35569694", "price": "0.73190000", "time": "2025-07-15T14:21:20.593042Z", "fetched_at": "2025-07-15T14:23:25.350250+00:00", "symbol": "ADA-USD"}, {"trade_id": 143719610, "side": "buy", "size": "273.03279019", "price": "0.73190000", "time": "2025-07-15T14:21:20.593042Z", "fetched_at": "2025-07-15T14:23:25.350250+00:00", "symbol": "ADA-USD"}, {"trade_id": 143719609, "side": "buy", "size": "800.00000000", "price": "0.73190000", "time": "2025-07-15T14:21:20.593042Z", "fetched_at": "2025-07-15T14:23:25.350250+00:00", "symbol": "ADA-USD"}, {"trade_id": 143719608, "side": "buy", "size": "300.00000000", "price": "0.73190000", "time": "2025-07-15T14:21:20.593042Z", "fetched_at": "2025-07-15T14:23:25.350250+00:00", "symbol": "ADA-USD"}, {"trade_id": 143719607, "side": "buy", "size": "1664.11276000", "price": "0.73190000", "time": "2025-07-15T14:21:20.593042Z", "fetched_at": "2025-07-15T14:23:25.350250+00:00", "symbol": "ADA-USD"}, {"trade_id": 143719606, "side": "buy", "size": "567.00000000", "price": "0.73190000", "time": "2025-07-15T14:21:20.593042Z", "fetched_at": "2025-07-15T14:23:25.350250+00:00", "symbol": "ADA-USD"}, {"trade_id": 143719605, "side": "buy", "size": "1.60000000", "price": "0.73190000", "time": "2025-07-15T14:21:20.593042Z", "fetched_at": "2025-07-15T14:23:25.350250+00:00", "symbol": "ADA-USD"}, {"trade_id": 143719604, "side": "buy", "size": "818.91817005", "price": "0.73200000", "time": "2025-07-15T14:21:20.592676Z", "fetched_at": "2025-07-15T14:23:25.350250+00:00", "symbol": "ADA-USD"}, {"trade_id": 143719603, "side": "buy", "size": "1664.45363000", "price": "0.73200000", "time": "2025-07-15T14:21:20.592676Z", "fetched_at": "2025-07-15T14:23:25.350250+00:00", "symbol": "ADA-USD"}, {"trade_id": 143719602, "side": "buy", "size": "275.69095044", "price": "0.73200000", "time": "2025-07-15T14:21:20.592676Z", "fetched_at": "2025-07-15T14:23:25.350250+00:00", "symbol": "ADA-USD"}, {"trade_id": 143719601, "side": "buy", "size": "5038.50000000", "price": "0.73200000", "time": "2025-07-15T14:21:20.592676Z", "fetched_at": "2025-07-15T14:23:25.350250+00:00", "symbol": "ADA-USD"}, {"trade_id": 143719600, "side": "buy", "size": "567.00000000", "price": "0.73200000", "time": "2025-07-15T14:21:20.592676Z", "fetched_at": "2025-07-15T14:23:25.350250+00:00", "symbol": "ADA-USD"}, {"trade_id": 143719599, "side": "buy", "size": "1.60000000", "price": "0.73200000", "time": "2025-07-15T14:21:20.592676Z", "fetched_at": "2025-07-15T14:23:25.350250+00:00", "symbol": "ADA-USD"}, {"trade_id": 143719598, "side": "sell", "size": "643.18107091", "price": "0.73230000", "time": "2025-07-15T14:21:20.589613Z", "fetched_at": "2025-07-15T14:23:25.350250+00:00", "symbol": "ADA-USD"}, {"trade_id": 143719597, "side": "buy", "size": "1664.45363000", "price": "0.73210000", "time": "2025-07-15T14:21:20.588945Z", "fetched_at": "2025-07-15T14:23:25.350250+00:00", "symbol": "ADA-USD"}, {"trade_id": 143719596, "side": "buy", "size": "474.51565413", "price": "0.73210000", "time": "2025-07-15T14:21:20.588945Z", "fetched_at": "2025-07-15T14:23:25.350250+00:00", "symbol": "ADA-USD"}, {"trade_id": 143719595, "side": "buy", "size": "275.69095044", "price": "0.73220000", "time": "2025-07-15T14:21:20.588945Z", "fetched_at": "2025-07-15T14:23:25.350250+00:00", "symbol": "ADA-USD"}, {"trade_id": 143719594, "side": "buy", "size": "500.00000000", "price": "0.73220000", "time": "2025-07-15T14:21:20.588945Z", "fetched_at": "2025-07-15T14:23:25.350250+00:00", "symbol": "ADA-USD"}, {"trade_id": 143719593, "side": "buy", "size": "857.72774037", "price": "0.73210000", "time": "2025-07-15T14:21:19.959397Z", "fetched_at": "2025-07-15T14:23:25.350250+00:00", "symbol": "ADA-USD"}, {"trade_id": 143719592, "side": "buy", "size": "567.00000000", "price": "0.73210000", "time": "2025-07-15T14:21:19.959397Z", "fetched_at": "2025-07-15T14:23:25.350250+00:00", "symbol": "ADA-USD"}, {"trade_id": 143719591, "side": "buy", "size": "47.37615697", "price": "0.73220000", "time": "2025-07-15T14:21:19.959397Z", "fetched_at": "2025-07-15T14:23:25.350250+00:00", "symbol": "ADA-USD"}, {"trade_id": 143719590, "side": "buy", "size": "300.00000000", "price": "0.73220000", "time": "2025-07-15T14:21:19.959397Z", "fetched_at": "2025-07-15T14:23:25.350250+00:00", "symbol": "ADA-USD"}, {"trade_id": 143719589, "side": "buy", "size": "275.69095044", "price": "0.73220000", "time": "2025-07-15T14:21:19.959397Z", "fetched_at": "2025-07-15T14:23:25.350250+00:00", "symbol": "ADA-USD"}, {"trade_id": 143719588, "side": "buy", "size": "567.00000000", "price": "0.73220000", "time": "2025-07-15T14:21:19.959397Z", "fetched_at": "2025-07-15T14:23:25.350250+00:00", "symbol": "ADA-USD"}, {"trade_id": 143719587, "side": "buy", "size": "79.85130222", "price": "0.73220000", "time": "2025-07-15T14:21:19.959397Z", "fetched_at": "2025-07-15T14:23:25.350250+00:00", "symbol": "ADA-USD"}, {"trade_id": 143719586, "side": "sell", "size": "134.96043000", "price": "0.73220000", "time": "2025-07-15T14:21:16.383316Z", "fetched_at": "2025-07-15T14:23:25.350250+00:00", "symbol": "ADA-USD"}, {"trade_id": 143719585, "side": "sell", "size": "13.03994498", "price": "0.73220000", "time": "2025-07-15T14:21:16.346313Z", "fetched_at": "2025-07-15T14:23:25.350250+00:00", "symbol": "ADA-USD"}, {"trade_id": 143719584, "side": "sell", "size": "17.38659331", "price": "0.73220000", "time": "2025-07-15T14:21:16.250225Z", "fetched_at": "2025-07-15T14:23:25.350250+00:00", "symbol": "ADA-USD"}, {"trade_id": 143719583, "side": "buy", "size": "593.74910076", "price": "0.73210000", "time": "2025-07-15T14:21:16.240462Z", "fetched_at": "2025-07-15T14:23:25.350250+00:00", "symbol": "ADA-USD"}, {"trade_id": 143719582, "side": "buy", "size": "679.18053924", "price": "0.73210000", "time": "2025-07-15T14:21:16.240462Z", "fetched_at": "2025-07-15T14:23:25.350250+00:00", "symbol": "ADA-USD"}, {"trade_id": 143719581, "side": "buy", "size": "500.00000000", "price": "0.73210000", "time": "2025-07-15T14:21:16.240462Z", "fetched_at": "2025-07-15T14:23:25.350250+00:00", "symbol": "ADA-USD"}, {"trade_id": 143719580, "side": "buy", "size": "567.00000000", "price": "0.73210000", "time": "2025-07-15T14:21:16.240462Z", "fetched_at": "2025-07-15T14:23:25.350250+00:00", "symbol": "ADA-USD"}, {"trade_id": 143719579, "side": "buy", "size": "1.60000000", "price": "0.73210000", "time": "2025-07-15T14:21:16.240462Z", "fetched_at": "2025-07-15T14:23:25.350250+00:00", "symbol": "ADA-USD"}, {"trade_id": 143719578, "side": "sell", "size": "134.96043000", "price": "0.73220000", "time": "2025-07-15T14:21:15.001616Z", "fetched_at": "2025-07-15T14:23:25.350250+00:00", "symbol": "ADA-USD"}, {"trade_id": 143719577, "side": "sell", "size": "134.96043000", "price": "0.73220000", "time": "2025-07-15T14:21:14.825533Z", "fetched_at": "2025-07-15T14:23:25.350250+00:00", "symbol": "ADA-USD"}, {"trade_id": 143719576, "side": "buy", "size": "24.67612500", "price": "0.73220000", "time": "2025-07-15T14:21:14.711243Z", "fetched_at": "2025-07-15T14:23:25.350250+00:00", "symbol": "ADA-USD"}, {"trade_id": 143719575, "side": "sell", "size": "134.96043000", "price": "0.73230000", "time": "2025-07-15T14:21:13.298480Z", "fetched_at": "2025-07-15T14:23:25.350250+00:00", "symbol": "ADA-USD"}, {"trade_id": 143719574, "side": "sell", "size": "134.96043000", "price": "0.73230000", "time": "2025-07-15T14:21:13.281149Z", "fetched_at": "2025-07-15T14:23:25.350250+00:00", "symbol": "ADA-USD"}, {"trade_id": 143719573, "side": "sell", "size": "135.15358400", "price": "0.73240000", "time": "2025-07-15T14:21:13.260498Z", "fetched_at": "2025-07-15T14:23:25.350250+00:00", "symbol": "ADA-USD"}, {"trade_id": 143719572, "side": "sell", "size": "197.45448600", "price": "0.73260000", "time": "2025-07-15T14:21:09.963815Z", "fetched_at": "2025-07-15T14:23:25.350250+00:00", "symbol": "ADA-USD"}, {"trade_id": 143719571, "side": "sell", "size": "1.60000000", "price": "0.73260000", "time": "2025-07-15T14:21:09.963815Z", "fetched_at": "2025-07-15T14:23:25.350250+00:00", "symbol": "ADA-USD"}, {"trade_id": 143719570, "side": "sell", "size": "13.65836840", "price": "0.73230000", "time": "2025-07-15T14:21:03.760674Z", "fetched_at": "2025-07-15T14:23:25.350250+00:00", "symbol": "ADA-USD"}, {"trade_id": 143719569, "side": "sell", "size": "638.03048129", "price": "0.73230000", "time": "2025-07-15T14:21:03.223881Z", "fetched_at": "2025-07-15T14:23:25.350250+00:00", "symbol": "ADA-USD"}, {"trade_id": 143719568, "side": "sell", "size": "13.65837606", "price": "0.73230000", "time": "2025-07-15T14:21:03.095809Z", "fetched_at": "2025-07-15T14:23:25.350250+00:00", "symbol": "ADA-USD"}, {"trade_id": 143719567, "side": "sell", "size": "134.96043000", "price": "0.73230000", "time": "2025-07-15T14:21:03.084127Z", "fetched_at": "2025-07-15T14:23:25.350250+00:00", "symbol": "ADA-USD"}, {"trade_id": 143719566, "side": "sell", "size": "5.79553111", "price": "0.73230000", "time": "2025-07-15T14:21:03.048290Z", "fetched_at": "2025-07-15T14:23:25.350250+00:00", "symbol": "ADA-USD"}, {"trade_id": 143719565, "side": "sell", "size": "17.38659331", "price": "0.73230000", "time": "2025-07-15T14:21:03.048290Z", "fetched_at": "2025-07-15T14:23:25.350250+00:00", "symbol": "ADA-USD"}, {"trade_id": 143719564, "side": "buy", "size": "1.41542370", "price": "0.73220000", "time": "2025-07-15T14:21:02.309524Z", "fetched_at": "2025-07-15T14:23:25.350250+00:00", "symbol": "ADA-USD"}, {"trade_id": 143719563, "side": "sell", "size": "67.84260000", "price": "0.73210000", "time": "2025-07-15T14:21:01.992360Z", "fetched_at": "2025-07-15T14:23:25.350250+00:00", "symbol": "ADA-USD"}, {"trade_id": 143719562, "side": "sell", "size": "18.83547608", "price": "0.73210000", "time": "2025-07-15T14:21:01.992073Z", "fetched_at": "2025-07-15T14:23:25.350250+00:00", "symbol": "ADA-USD"}, {"trade_id": 143719561, "side": "buy", "size": "53.69392236", "price": "0.73210000", "time": "2025-07-15T14:21:01.975769Z", "fetched_at": "2025-07-15T14:23:25.350250+00:00", "symbol": "ADA-USD"}, {"trade_id": 143719560, "side": "buy", "size": "13.65747064", "price": "0.73220000", "time": "2025-07-15T14:21:01.975769Z", "fetched_at": "2025-07-15T14:23:25.350250+00:00", "symbol": "ADA-USD"}, {"trade_id": 143719559, "side": "buy", "size": "1.60000000", "price": "0.73220000", "time": "2025-07-15T14:21:01.975769Z", "fetched_at": "2025-07-15T14:23:25.350250+00:00", "symbol": "ADA-USD"}, {"trade_id": 143719558, "side": "buy", "size": "13.65374113", "price": "0.73240000", "time": "2025-07-15T14:21:01.899799Z", "fetched_at": "2025-07-15T14:23:25.350250+00:00", "symbol": "ADA-USD"}, {"trade_id": 143719557, "side": "sell", "size": "744.12327405", "price": "0.73260000", "time": "2025-07-15T14:21:01.212640Z", "fetched_at": "2025-07-15T14:23:25.350250+00:00", "symbol": "ADA-USD"}, {"trade_id": 143719556, "side": "sell", "size": "13.65083063", "price": "0.73260000", "time": "2025-07-15T14:21:01.112907Z", "fetched_at": "2025-07-15T14:23:25.350250+00:00", "symbol": "ADA-USD"}, {"trade_id": 143719555, "side": "sell", "size": "14.85972248", "price": "0.73260000", "time": "2025-07-15T14:20:58.654524Z", "fetched_at": "2025-07-15T14:23:25.350250+00:00", "symbol": "ADA-USD"}, {"trade_id": 143719554, "side": "sell", "size": "12.83895835", "price": "0.73260000", "time": "2025-07-15T14:20:58.654524Z", "fetched_at": "2025-07-15T14:23:25.350250+00:00", "symbol": "ADA-USD"}, {"trade_id": 143719553, "side": "sell", "size": "13.65086917", "price": "0.73250000", "time": "2025-07-15T14:20:58.654524Z", "fetched_at": "2025-07-15T14:23:25.350250+00:00", "symbol": "ADA-USD"}, {"trade_id": 143719552, "side": "sell", "size": "144.05582000", "price": "0.73250000", "time": "2025-07-15T14:20:58.654524Z", "fetched_at": "2025-07-15T14:23:25.350250+00:00", "symbol": "ADA-USD"}, {"trade_id": 143719551, "side": "sell", "size": "134.96043000", "price": "0.73250000", "time": "2025-07-15T14:20:58.654524Z", "fetched_at": "2025-07-15T14:23:25.350250+00:00", "symbol": "ADA-USD"}, {"trade_id": 143719550, "side": "sell", "size": "134.88151788", "price": "0.73260000", "time": "2025-07-15T14:20:57.447902Z", "fetched_at": "2025-07-15T14:23:25.350250+00:00", "symbol": "ADA-USD"}, {"trade_id": 143719549, "side": "buy", "size": "39.15213631", "price": "0.73240000", "time": "2025-07-15T14:20:56.303131Z", "fetched_at": "2025-07-15T14:23:25.350250+00:00", "symbol": "ADA-USD"}, {"trade_id": 143719548, "side": "buy", "size": "1.80908706", "price": "0.73240000", "time": "2025-07-15T14:20:56.303131Z", "fetched_at": "2025-07-15T14:23:25.350250+00:00", "symbol": "ADA-USD"}, {"trade_id": 143719547, "side": "sell", "size": "70.81850400", "price": "0.73260000", "time": "2025-07-15T14:20:53.982084Z", "fetched_at": "2025-07-15T14:23:25.350250+00:00", "symbol": "ADA-USD"}, {"trade_id": 143719546, "side": "buy", "size": "163.30962582", "price": "0.73250000", "time": "2025-07-15T14:20:52.330338Z", "fetched_at": "2025-07-15T14:23:25.350250+00:00", "symbol": "ADA-USD"}, {"trade_id": 143719545, "side": "buy", "size": "2.12853918", "price": "0.73250000", "time": "2025-07-15T14:20:52.330338Z", "fetched_at": "2025-07-15T14:23:25.350250+00:00", "symbol": "ADA-USD"}, {"trade_id": 143719544, "side": "buy", "size": "0.91410374", "price": "0.73240000", "time": "2025-07-15T14:20:49.674898Z", "fetched_at": "2025-07-15T14:23:25.350250+00:00", "symbol": "ADA-USD"}, {"trade_id": 143719543, "side": "buy", "size": "300.00000000", "price": "0.73240000", "time": "2025-07-15T14:20:49.674898Z", "fetched_at": "2025-07-15T14:23:25.350250+00:00", "symbol": "ADA-USD"}, {"trade_id": 143719542, "side": "buy", "size": "88.59884873", "price": "0.73240000", "time": "2025-07-15T14:20:49.674898Z", "fetched_at": "2025-07-15T14:23:25.350250+00:00", "symbol": "ADA-USD"}, {"trade_id": 143719541, "side": "buy", "size": "50.00000000", "price": "0.73250000", "time": "2025-07-15T14:20:49.674898Z", "fetched_at": "2025-07-15T14:23:25.350250+00:00", "symbol": "ADA-USD"}, {"trade_id": 143719540, "side": "buy", "size": "500.00000000", "price": "0.73250000", "time": "2025-07-15T14:20:49.674898Z", "fetched_at": "2025-07-15T14:23:25.350250+00:00", "symbol": "ADA-USD"}, {"trade_id": 143719539, "side": "buy", "size": "3.68025353", "price": "0.73260000", "time": "2025-07-15T14:20:49.674898Z", "fetched_at": "2025-07-15T14:23:25.350250+00:00", "symbol": "ADA-USD"}, {"trade_id": 143719538, "side": "sell", "size": "28.42757490", "price": "0.73240000", "time": "2025-07-15T14:20:49.331080Z", "fetched_at": "2025-07-15T14:23:25.350250+00:00", "symbol": "ADA-USD"}, {"trade_id": 143719537, "side": "buy", "size": "13.65187713", "price": "0.73250000", "time": "2025-07-15T14:20:48.524131Z", "fetched_at": "2025-07-15T14:23:25.350250+00:00", "symbol": "ADA-USD"}, {"trade_id": 143719536, "side": "buy", "size": "13.65186887", "price": "0.73250000", "time": "2025-07-15T14:20:48.458336Z", "fetched_at": "2025-07-15T14:23:25.350250+00:00", "symbol": "ADA-USD"}, {"trade_id": 143719535, "side": "buy", "size": "176.14805113", "price": "0.73250000", "time": "2025-07-15T14:20:48.458336Z", "fetched_at": "2025-07-15T14:23:25.350250+00:00", "symbol": "ADA-USD"}, {"trade_id": 143719534, "side": "buy", "size": "500.00000000", "price": "0.73260000", "time": "2025-07-15T14:20:47.173939Z", "fetched_at": "2025-07-15T14:23:25.350250+00:00", "symbol": "ADA-USD"}, {"trade_id": 143719533, "side": "buy", "size": "13.65001366", "price": "0.73260000", "time": "2025-07-15T14:20:47.173939Z", "fetched_at": "2025-07-15T14:23:25.350250+00:00", "symbol": "ADA-USD"}, {"trade_id": 143719532, "side": "sell", "size": "67.84260000", "price": "0.73270000", "time": "2025-07-15T14:20:47.151053Z", "fetched_at": "2025-07-15T14:23:25.350250+00:00", "symbol": "ADA-USD"}, {"trade_id": 143719531, "side": "sell", "size": "1.60000000", "price": "0.73260000", "time": "2025-07-15T14:20:42.191750Z", "fetched_at": "2025-07-15T14:23:25.350250+00:00", "symbol": "ADA-USD"}, {"trade_id": 143719530, "side": "sell", "size": "13.65649243", "price": "0.73250000", "time": "2025-07-15T14:20:41.387305Z", "fetched_at": "2025-07-15T14:23:25.350250+00:00", "symbol": "ADA-USD"}, {"trade_id": 143719529, "side": "sell", "size": "1.60000000", "price": "0.73250000", "time": "2025-07-15T14:20:41.387305Z", "fetched_at": "2025-07-15T14:23:25.350250+00:00", "symbol": "ADA-USD"}, {"trade_id": 143719528, "side": "sell", "size": "13.66021774", "price": "0.73240000", "time": "2025-07-15T14:20:41.071696Z", "fetched_at": "2025-07-15T14:23:25.350250+00:00", "symbol": "ADA-USD"}, {"trade_id": 143719527, "side": "sell", "size": "13.66021774", "price": "0.73230000", "time": "2025-07-15T14:20:40.921262Z", "fetched_at": "2025-07-15T14:23:25.350250+00:00", "symbol": "ADA-USD"}, {"trade_id": 143719526, "side": "buy", "size": "32.83825892", "price": "0.73200000", "time": "2025-07-15T14:20:39.921449Z", "fetched_at": "2025-07-15T14:23:25.350250+00:00", "symbol": "ADA-USD"}, {"trade_id": 143719525, "side": "buy", "size": "3.56174108", "price": "0.73200000", "time": "2025-07-15T14:20:39.921449Z", "fetched_at": "2025-07-15T14:23:25.350250+00:00", "symbol": "ADA-USD"}, {"trade_id": 143719524, "side": "buy", "size": "1.60000000", "price": "0.73200000", "time": "2025-07-15T14:20:39.921449Z", "fetched_at": "2025-07-15T14:23:25.350250+00:00", "symbol": "ADA-USD"}, {"trade_id": 143719523, "side": "buy", "size": "10.39808006", "price": "0.73220000", "time": "2025-07-15T14:20:37.101208Z", "fetched_at": "2025-07-15T14:23:25.350250+00:00", "symbol": "ADA-USD"}, {"trade_id": 143719522, "side": "buy", "size": "13.65560563", "price": "0.73230000", "time": "2025-07-15T14:20:34.628341Z", "fetched_at": "2025-07-15T14:23:25.350250+00:00", "symbol": "ADA-USD"}, {"trade_id": 143719521, "side": "buy", "size": "196.80665287", "price": "0.73230000", "time": "2025-07-15T14:20:33.809363Z", "fetched_at": "2025-07-15T14:23:25.350250+00:00", "symbol": "ADA-USD"}, {"trade_id": 143719520, "side": "buy", "size": "13.65374113", "price": "0.73240000", "time": "2025-07-15T14:20:33.809363Z", "fetched_at": "2025-07-15T14:23:25.350250+00:00", "symbol": "ADA-USD"}, {"trade_id": 143719519, "side": "sell", "size": "1.60000000", "price": "0.73240000", "time": "2025-07-15T14:20:33.298819Z", "fetched_at": "2025-07-15T14:23:25.350250+00:00", "symbol": "ADA-USD"}, {"trade_id": 143719518, "side": "sell", "size": "11.32328737", "price": "0.73230000", "time": "2025-07-15T14:20:33.173672Z", "fetched_at": "2025-07-15T14:23:25.350250+00:00", "symbol": "ADA-USD"}, {"trade_id": 143719517, "side": "sell", "size": "13.65830276", "price": "0.73230000", "time": "2025-07-15T14:20:33.125856Z", "fetched_at": "2025-07-15T14:23:25.350250+00:00", "symbol": "ADA-USD"}, {"trade_id": 143719516, "side": "sell", "size": "13.65830276", "price": "0.73230000", "time": "2025-07-15T14:20:33.115433Z", "fetched_at": "2025-07-15T14:23:25.350250+00:00", "symbol": "ADA-USD"}, {"trade_id": 143719515, "side": "sell", "size": "7013.72914773", "price": "0.73220000", "time": "2025-07-15T14:20:33.081270Z", "fetched_at": "2025-07-15T14:23:25.350250+00:00", "symbol": "ADA-USD"}, {"trade_id": 143719514, "side": "sell", "size": "2629.76871471", "price": "0.73220000", "time": "2025-07-15T14:20:33.063726Z", "fetched_at": "2025-07-15T14:23:25.350250+00:00", "symbol": "ADA-USD"}, {"trade_id": 143719513, "side": "sell", "size": "1275.43782663", "price": "0.73220000", "time": "2025-07-15T14:20:32.588984Z", "fetched_at": "2025-07-15T14:23:25.350250+00:00", "symbol": "ADA-USD"}, {"trade_id": 143719512, "side": "sell", "size": "9571.46797188", "price": "0.73220000", "time": "2025-07-15T14:20:32.580864Z", "fetched_at": "2025-07-15T14:23:25.350250+00:00", "symbol": "ADA-USD"}, {"trade_id": 143719511, "side": "buy", "size": "4.58184861", "price": "0.73210000", "time": "2025-07-15T14:20:29.831544Z", "fetched_at": "2025-07-15T14:23:25.350250+00:00", "symbol": "ADA-USD"}, {"trade_id": 143719510, "side": "sell", "size": "685.40380621", "price": "0.73220000", "time": "2025-07-15T14:20:28.756831Z", "fetched_at": "2025-07-15T14:23:25.350250+00:00", "symbol": "ADA-USD"}, {"trade_id": 143719509, "side": "sell", "size": "13.65641796", "price": "0.73220000", "time": "2025-07-15T14:20:28.512244Z", "fetched_at": "2025-07-15T14:23:25.350250+00:00", "symbol": "ADA-USD"}, {"trade_id": 143719508, "side": "buy", "size": "2.62384303", "price": "0.73200000", "time": "2025-07-15T14:20:27.400894Z", "fetched_at": "2025-07-15T14:23:25.350250+00:00", "symbol": "ADA-USD"}, {"trade_id": 143719507, "side": "buy", "size": "1.60000000", "price": "0.73200000", "time": "2025-07-15T14:20:27.400894Z", "fetched_at": "2025-07-15T14:23:25.350250+00:00", "symbol": "ADA-USD"}, {"trade_id": 143719506, "side": "buy", "size": "1.83707297", "price": "0.73210000", "time": "2025-07-15T14:20:27.400894Z", "fetched_at": "2025-07-15T14:23:25.350250+00:00", "symbol": "ADA-USD"}, {"trade_id": 143719505, "side": "buy", "size": "682.84804818", "price": "0.73210000", "time": "2025-07-15T14:20:26.792752Z", "fetched_at": "2025-07-15T14:23:25.350250+00:00", "symbol": "ADA-USD"}, {"trade_id": 143719504, "side": "buy", "size": "682.93661310", "price": "0.73210000", "time": "2025-07-15T14:20:26.792752Z", "fetched_at": "2025-07-15T14:23:25.350250+00:00", "symbol": "ADA-USD"}, {"trade_id": 143719503, "side": "buy", "size": "608.76266228", "price": "0.73210000", "time": "2025-07-15T14:20:26.792752Z", "fetched_at": "2025-07-15T14:23:25.350250+00:00", "symbol": "ADA-USD"}, {"trade_id": 143719502, "side": "buy", "size": "296.37331694", "price": "0.73210000", "time": "2025-07-15T14:20:26.792752Z", "fetched_at": "2025-07-15T14:23:25.350250+00:00", "symbol": "ADA-USD"}, {"trade_id": 143719501, "side": "buy", "size": "2.74364950", "price": "0.73220000", "time": "2025-07-15T14:20:26.792752Z", "fetched_at": "2025-07-15T14:23:25.350250+00:00", "symbol": "ADA-USD"}, {"trade_id": 143719500, "side": "buy", "size": "1.60000000", "price": "0.73220000", "time": "2025-07-15T14:20:26.792752Z", "fetched_at": "2025-07-15T14:23:25.350250+00:00", "symbol": "ADA-USD"}, {"trade_id": 143719499, "side": "sell", "size": "50.00000000", "price": "0.73230000", "time": "2025-07-15T14:20:25.880914Z", "fetched_at": "2025-07-15T14:23:25.350250+00:00", "symbol": "ADA-USD"}, {"trade_id": 143719498, "side": "buy", "size": "3.70462252", "price": "0.73240000", "time": "2025-07-15T14:20:25.853223Z", "fetched_at": "2025-07-15T14:23:25.350250+00:00", "symbol": "ADA-USD"}, {"trade_id": 143719497, "side": "buy", "size": "1.60000000", "price": "0.73240000", "time": "2025-07-15T14:20:25.853223Z", "fetched_at": "2025-07-15T14:23:25.350250+00:00", "symbol": "ADA-USD"}, {"trade_id": 143719496, "side": "buy", "size": "12.71931817", "price": "0.73250000", "time": "2025-07-15T14:20:23.703989Z", "fetched_at": "2025-07-15T14:23:25.350250+00:00", "symbol": "ADA-USD"}, {"trade_id": 143719495, "side": "buy", "size": "1.60000000", "price": "0.73250000", "time": "2025-07-15T14:20:23.703989Z", "fetched_at": "2025-07-15T14:23:25.350250+00:00", "symbol": "ADA-USD"}, {"trade_id": 143719494, "side": "sell", "size": "50.00000000", "price": "0.73260000", "time": "2025-07-15T14:20:21.801054Z", "fetched_at": "2025-07-15T14:23:25.350250+00:00", "symbol": "ADA-USD"}, {"trade_id": 143719493, "side": "buy", "size": "13.65001366", "price": "0.73260000", "time": "2025-07-15T14:20:21.793191Z", "fetched_at": "2025-07-15T14:23:25.350250+00:00", "symbol": "ADA-USD"}, {"trade_id": 143719492, "side": "buy", "size": "500.00000000", "price": "0.73260000", "time": "2025-07-15T14:20:21.793191Z", "fetched_at": "2025-07-15T14:23:25.350250+00:00", "symbol": "ADA-USD"}, {"trade_id": 143719491, "side": "buy", "size": "122.94521132", "price": "0.73260000", "time": "2025-07-15T14:20:21.610870Z", "fetched_at": "2025-07-15T14:23:25.350250+00:00", "symbol": "ADA-USD"}, {"trade_id": 143719490, "side": "buy", "size": "13.64815068", "price": "0.73270000", "time": "2025-07-15T14:20:21.610870Z", "fetched_at": "2025-07-15T14:23:25.350250+00:00", "symbol": "ADA-USD"}, {"trade_id": 143719489, "side": "sell", "size": "1.93597942", "price": "0.73290000", "time": "2025-07-15T14:20:20.087661Z", "fetched_at": "2025-07-15T14:23:25.350250+00:00", "symbol": "ADA-USD"}, {"trade_id": 143719488, "side": "sell", "size": "691.01694898", "price": "0.73290000", "time": "2025-07-15T14:20:20.076928Z", "fetched_at": "2025-07-15T14:23:25.350250+00:00", "symbol": "ADA-USD"}, {"trade_id": 143719487, "side": "sell", "size": "1.35098300", "price": "0.73280000", "time": "2025-07-15T14:20:19.888149Z", "fetched_at": "2025-07-15T14:23:25.350250+00:00", "symbol": "ADA-USD"}, {"trade_id": 143719486, "side": "sell", "size": "12.07687356", "price": "0.73280000", "time": "2025-07-15T14:20:19.504042Z", "fetched_at": "2025-07-15T14:23:25.350250+00:00", "symbol": "ADA-USD"}, {"trade_id": 143719485, "side": "sell", "size": "1.82687731", "price": "0.73280000", "time": "2025-07-15T14:20:19.504042Z", "fetched_at": "2025-07-15T14:23:25.350250+00:00", "symbol": "ADA-USD"}, {"trade_id": 143719484, "side": "sell", "size": "5.40393000", "price": "0.73270000", "time": "2025-07-15T14:20:19.049175Z", "fetched_at": "2025-07-15T14:23:25.350250+00:00", "symbol": "ADA-USD"}, {"trade_id": 143719483, "side": "sell", "size": "2.36421900", "price": "0.73270000", "time": "2025-07-15T14:20:18.864120Z", "fetched_at": "2025-07-15T14:23:25.350250+00:00", "symbol": "ADA-USD"}, {"trade_id": 143719482, "side": "buy", "size": "13.64628821", "price": "0.73280000", "time": "2025-07-15T14:20:18.667662Z", "fetched_at": "2025-07-15T14:23:25.350250+00:00", "symbol": "ADA-USD"}, {"trade_id": 143719481, "side": "buy", "size": "500.00000000", "price": "0.73280000", "time": "2025-07-15T14:20:18.667662Z", "fetched_at": "2025-07-15T14:23:25.350250+00:00", "symbol": "ADA-USD"}, {"trade_id": 143719480, "side": "sell", "size": "67.84260000", "price": "0.73290000", "time": "2025-07-15T14:20:18.253839Z", "fetched_at": "2025-07-15T14:23:25.350250+00:00", "symbol": "ADA-USD"}, {"trade_id": 143719479, "side": "sell", "size": "26.53134760", "price": "0.73300000", "time": "2025-07-15T14:20:16.576628Z", "fetched_at": "2025-07-15T14:23:25.350250+00:00", "symbol": "ADA-USD"}, {"trade_id": 143719478, "side": "sell", "size": "1.60000000", "price": "0.73300000", "time": "2025-07-15T14:20:16.576628Z", "fetched_at": "2025-07-15T14:23:25.350250+00:00", "symbol": "ADA-USD"}, {"trade_id": 143719477, "side": "sell", "size": "2.43583641", "price": "0.73290000", "time": "2025-07-15T14:20:15.398454Z", "fetched_at": "2025-07-15T14:23:25.350250+00:00", "symbol": "ADA-USD"}, {"trade_id": 143719476, "side": "sell", "size": "3.24778188", "price": "0.73290000", "time": "2025-07-15T14:20:14.685936Z", "fetched_at": "2025-07-15T14:23:25.350250+00:00", "symbol": "ADA-USD"}, {"trade_id": 143719475, "side": "sell", "size": "4.33037585", "price": "0.73290000", "time": "2025-07-15T14:20:14.642391Z", "fetched_at": "2025-07-15T14:23:25.350250+00:00", "symbol": "ADA-USD"}, {"trade_id": 143719474, "side": "sell", "size": "5.77383446", "price": "0.73290000", "time": "2025-07-15T14:20:14.597982Z", "fetched_at": "2025-07-15T14:23:25.350250+00:00", "symbol": "ADA-USD"}, {"trade_id": 143719473, "side": "sell", "size": "1.60000000", "price": "0.73290000", "time": "2025-07-15T14:20:14.579691Z", "fetched_at": "2025-07-15T14:23:25.350250+00:00", "symbol": "ADA-USD"}, {"trade_id": 143719472, "side": "sell", "size": "30.65765619", "price": "0.73290000", "time": "2025-07-15T14:20:14.579691Z", "fetched_at": "2025-07-15T14:23:25.350250+00:00", "symbol": "ADA-USD"}, {"trade_id": 143719471, "side": "buy", "size": "474.75262500", "price": "0.73270000", "time": "2025-07-15T14:20:14.188215Z", "fetched_at": "2025-07-15T14:23:25.350250+00:00", "symbol": "ADA-USD"}, {"trade_id": 143719470, "side": "sell", "size": "7.69844595", "price": "0.73280000", "time": "2025-07-15T14:20:13.246337Z", "fetched_at": "2025-07-15T14:23:25.350250+00:00", "symbol": "ADA-USD"}, {"trade_id": 143719469, "side": "sell", "size": "10.26459460", "price": "0.73280000", "time": "2025-07-15T14:20:12.620029Z", "fetched_at": "2025-07-15T14:23:25.350250+00:00", "symbol": "ADA-USD"}, {"trade_id": 143719468, "side": "sell", "size": "13.68612613", "price": "0.73280000", "time": "2025-07-15T14:20:12.577124Z", "fetched_at": "2025-07-15T14:23:25.350250+00:00", "symbol": "ADA-USD"}, {"trade_id": 143719467, "side": "sell", "size": "10.10683386", "price": "0.73280000", "time": "2025-07-15T14:20:12.556754Z", "fetched_at": "2025-07-15T14:23:25.350250+00:00", "symbol": "ADA-USD"}, {"trade_id": 143719466, "side": "sell", "size": "1.60000000", "price": "0.73280000", "time": "2025-07-15T14:20:12.556754Z", "fetched_at": "2025-07-15T14:23:25.350250+00:00", "symbol": "ADA-USD"}, {"trade_id": 143719465, "side": "sell", "size": "18.24816818", "price": "0.73280000", "time": "2025-07-15T14:20:12.556754Z", "fetched_at": "2025-07-15T14:23:25.350250+00:00", "symbol": "ADA-USD"}, {"trade_id": 143719464, "side": "sell", "size": "202.44064000", "price": "0.73270000", "time": "2025-07-15T14:20:10.769819Z", "fetched_at": "2025-07-15T14:23:25.350250+00:00", "symbol": "ADA-USD"}, {"trade_id": 143719463, "side": "buy", "size": "500.00000000", "price": "0.73270000", "time": "2025-07-15T14:20:10.762880Z", "fetched_at": "2025-07-15T14:23:25.350250+00:00", "symbol": "ADA-USD"}, {"trade_id": 143719462, "side": "buy", "size": "9.99592280", "price": "0.73270000", "time": "2025-07-15T14:20:10.762880Z", "fetched_at": "2025-07-15T14:23:25.350250+00:00", "symbol": "ADA-USD"}, {"trade_id": 143719461, "side": "sell", "size": "24.33089090", "price": "0.73280000", "time": "2025-07-15T14:20:09.851189Z", "fetched_at": "2025-07-15T14:23:25.350250+00:00", "symbol": "ADA-USD"}, {"trade_id": 143719460, "side": "sell", "size": "32.44118787", "price": "0.73280000", "time": "2025-07-15T14:20:09.835953Z", "fetched_at": "2025-07-15T14:23:25.350250+00:00", "symbol": "ADA-USD"}, {"trade_id": 143719459, "side": "sell", "size": "13.56954806", "price": "0.73280000", "time": "2025-07-15T14:20:09.818276Z", "fetched_at": "2025-07-15T14:23:25.350250+00:00", "symbol": "ADA-USD"}, {"trade_id": 143719458, "side": "sell", "size": "43.25491716", "price": "0.73280000", "time": "2025-07-15T14:20:09.818276Z", "fetched_at": "2025-07-15T14:23:25.350250+00:00", "symbol": "ADA-USD"}, {"trade_id": 143719457, "side": "buy", "size": "0.02729257", "price": "0.73280000", "time": "2025-07-15T14:20:08.136795Z", "fetched_at": "2025-07-15T14:23:25.350250+00:00", "symbol": "ADA-USD"}, {"trade_id": 143719456, "side": "buy", "size": "13.64628820", "price": "0.73280000", "time": "2025-07-15T14:20:08.117241Z", "fetched_at": "2025-07-15T14:23:25.350250+00:00", "symbol": "ADA-USD"}, {"trade_id": 143719455, "side": "sell", "size": "1.60000000", "price": "0.73280000", "time": "2025-07-15T14:20:06.891485Z", "fetched_at": "2025-07-15T14:23:25.350250+00:00", "symbol": "ADA-USD"}, {"trade_id": 143719454, "side": "sell", "size": "10.16125726", "price": "0.73280000", "time": "2025-07-15T14:20:06.891485Z", "fetched_at": "2025-07-15T14:23:25.350250+00:00", "symbol": "ADA-USD"}, {"trade_id": 143719453, "side": "sell", "size": "1.60000000", "price": "0.73270000", "time": "2025-07-15T14:20:06.490500Z", "fetched_at": "2025-07-15T14:23:25.350250+00:00", "symbol": "ADA-USD"}, {"trade_id": 143719452, "side": "sell", "size": "30.62221029", "price": "0.73270000", "time": "2025-07-15T14:20:06.490500Z", "fetched_at": "2025-07-15T14:23:25.350250+00:00", "symbol": "ADA-USD"}, {"trade_id": 143719451, "side": "sell", "size": "175.26622842", "price": "0.73260000", "time": "2025-07-15T14:20:06.267783Z", "fetched_at": "2025-07-15T14:23:25.350250+00:00", "symbol": "ADA-USD"}, {"trade_id": 143719450, "side": "sell", "size": "1.60000000", "price": "0.73260000", "time": "2025-07-15T14:20:06.267783Z", "fetched_at": "2025-07-15T14:23:25.350250+00:00", "symbol": "ADA-USD"}, {"trade_id": 143719449, "side": "sell", "size": "10.54736554", "price": "0.73250000", "time": "2025-07-15T14:20:05.993308Z", "fetched_at": "2025-07-15T14:23:25.350250+00:00", "symbol": "ADA-USD"}, {"trade_id": 143719448, "side": "sell", "size": "2.55546300", "price": "0.73250000", "time": "2025-07-15T14:20:05.318518Z", "fetched_at": "2025-07-15T14:23:25.350250+00:00", "symbol": "ADA-USD"}, {"trade_id": 143719447, "side": "sell", "size": "1.60000000", "price": "0.73250000", "time": "2025-07-15T14:20:02.579087Z", "fetched_at": "2025-07-15T14:23:25.350250+00:00", "symbol": "ADA-USD"}, {"trade_id": 143719446, "side": "sell", "size": "32.05139278", "price": "0.73250000", "time": "2025-07-15T14:20:02.579087Z", "fetched_at": "2025-07-15T14:23:25.350250+00:00", "symbol": "ADA-USD"}, {"trade_id": 143719445, "side": "sell", "size": "13.65461306", "price": "0.73240000", "time": "2025-07-15T14:20:02.449260Z", "fetched_at": "2025-07-15T14:23:25.350250+00:00", "symbol": "ADA-USD"}, {"trade_id": 143719444, "side": "sell", "size": "1.60000000", "price": "0.73240000", "time": "2025-07-15T14:20:02.449260Z", "fetched_at": "2025-07-15T14:23:25.350250+00:00", "symbol": "ADA-USD"}, {"trade_id": 143719443, "side": "buy", "size": "73.63801208", "price": "0.73220000", "time": "2025-07-15T14:20:01.821957Z", "fetched_at": "2025-07-15T14:23:25.350250+00:00", "symbol": "ADA-USD"}, {"trade_id": 143719442, "side": "buy", "size": "51.00306000", "price": "0.73230000", "time": "2025-07-15T14:20:01.821957Z", "fetched_at": "2025-07-15T14:23:25.350250+00:00", "symbol": "ADA-USD"}, {"trade_id": 143719441, "side": "buy", "size": "12.00828592", "price": "0.73230000", "time": "2025-07-15T14:20:01.821957Z", "fetched_at": "2025-07-15T14:23:25.350250+00:00", "symbol": "ADA-USD"}, {"trade_id": 143719440, "side": "buy", "size": "270.62668306", "price": "0.73210000", "time": "2025-07-15T14:20:01.207565Z", "fetched_at": "2025-07-15T14:23:25.350250+00:00", "symbol": "ADA-USD"}, {"trade_id": 143719439, "side": "buy", "size": "12.07026494", "price": "0.73210000", "time": "2025-07-15T14:20:01.207565Z", "fetched_at": "2025-07-15T14:23:25.350250+00:00", "symbol": "ADA-USD"}, {"trade_id": 143719438, "side": "sell", "size": "134.96043000", "price": "0.73220000", "time": "2025-07-15T14:20:01.069237Z", "fetched_at": "2025-07-15T14:23:25.350250+00:00", "symbol": "ADA-USD"}, {"trade_id": 143719437, "side": "sell", "size": "202.44064000", "price": "0.73220000", "time": "2025-07-15T14:20:01.052594Z", "fetched_at": "2025-07-15T14:23:25.350250+00:00", "symbol": "ADA-USD"}, {"trade_id": 143719436, "side": "sell", "size": "134.96043000", "price": "0.73220000", "time": "2025-07-15T14:20:01.038811Z", "fetched_at": "2025-07-15T14:23:25.350250+00:00", "symbol": "ADA-USD"}, {"trade_id": 143719435, "side": "sell", "size": "4.25093366", "price": "0.73240000", "time": "2025-07-15T14:20:00.512543Z", "fetched_at": "2025-07-15T14:23:25.350250+00:00", "symbol": "ADA-USD"}, {"trade_id": 143719434, "side": "sell", "size": "1.32266000", "price": "0.73240000", "time": "2025-07-15T14:20:00.512543Z", "fetched_at": "2025-07-15T14:23:25.350250+00:00", "symbol": "ADA-USD"}, {"trade_id": 143719433, "side": "sell", "size": "0.27734000", "price": "0.73240000", "time": "2025-07-15T14:19:58.246727Z", "fetched_at": "2025-07-15T14:23:25.350250+00:00", "symbol": "ADA-USD"}, {"trade_id": 143719432, "side": "sell", "size": "51.71722672", "price": "0.73230000", "time": "2025-07-15T14:19:58.197741Z", "fetched_at": "2025-07-15T14:23:25.350250+00:00", "symbol": "ADA-USD"}, {"trade_id": 143719431, "side": "sell", "size": "1.60000000", "price": "0.73230000", "time": "2025-07-15T14:19:58.197741Z", "fetched_at": "2025-07-15T14:23:25.350250+00:00", "symbol": "ADA-USD"}, {"trade_id": 143719430, "side": "sell", "size": "98.71263251", "price": "0.73220000", "time": "2025-07-15T14:19:57.883903Z", "fetched_at": "2025-07-15T14:23:25.350250+00:00", "symbol": "ADA-USD"}, {"trade_id": 143719429, "side": "sell", "size": "58.52504388", "price": "0.73210000", "time": "2025-07-15T14:19:56.803079Z", "fetched_at": "2025-07-15T14:23:25.350250+00:00", "symbol": "ADA-USD"}, {"trade_id": 143719428, "side": "sell", "size": "359.16399840", "price": "0.73220000", "time": "2025-07-15T14:19:56.719936Z", "fetched_at": "2025-07-15T14:23:25.350250+00:00", "symbol": "ADA-USD"}, {"trade_id": 143719427, "side": "sell", "size": "567.00000000", "price": "0.73220000", "time": "2025-07-15T14:19:56.719936Z", "fetched_at": "2025-07-15T14:23:25.350250+00:00", "symbol": "ADA-USD"}, {"trade_id": 143719426, "side": "sell", "size": "1.60000000", "price": "0.73220000", "time": "2025-07-15T14:19:56.719936Z", "fetched_at": "2025-07-15T14:23:25.350250+00:00", "symbol": "ADA-USD"}, {"trade_id": 143719425, "side": "sell", "size": "570.63600160", "price": "0.73210000", "time": "2025-07-15T14:19:56.719936Z", "fetched_at": "2025-07-15T14:23:25.350250+00:00", "symbol": "ADA-USD"}, {"trade_id": 143719424, "side": "sell", "size": "1.60000000", "price": "0.73210000", "time": "2025-07-15T14:19:56.719936Z", "fetched_at": "2025-07-15T14:23:25.350250+00:00", "symbol": "ADA-USD"}, {"trade_id": 143719423, "side": "sell", "size": "13.37086289", "price": "0.73190000", "time": "2025-07-15T14:19:53.136914Z", "fetched_at": "2025-07-15T14:23:25.350250+00:00", "symbol": "ADA-USD"}, {"trade_id": 143719422, "side": "sell", "size": "70.39691035", "price": "0.73190000", "time": "2025-07-15T14:19:53.136914Z", "fetched_at": "2025-07-15T14:23:25.350250+00:00", "symbol": "ADA-USD"}, {"trade_id": 143719421, "side": "sell", "size": "140.82681410", "price": "0.73180000", "time": "2025-07-15T14:19:47.433293Z", "fetched_at": "2025-07-15T14:23:25.350250+00:00", "symbol": "ADA-USD"}, {"trade_id": 143719420, "side": "buy", "size": "140.82681410", "price": "0.73160000", "time": "2025-07-15T14:19:45.913456Z", "fetched_at": "2025-07-15T14:23:25.350250+00:00", "symbol": "ADA-USD"}, {"trade_id": 143719419, "side": "buy", "size": "590.15759901", "price": "0.73160000", "time": "2025-07-15T14:19:45.913456Z", "fetched_at": "2025-07-15T14:23:25.350250+00:00", "symbol": "ADA-USD"}, {"trade_id": 143719418, "side": "buy", "size": "1.60000000", "price": "0.73160000", "time": "2025-07-15T14:19:45.913456Z", "fetched_at": "2025-07-15T14:23:25.350250+00:00", "symbol": "ADA-USD"}, {"trade_id": 143719417, "side": "buy", "size": "670.48495453", "price": "0.73170000", "time": "2025-07-15T14:19:45.913456Z", "fetched_at": "2025-07-15T14:23:25.350250+00:00", "symbol": "ADA-USD"}, {"trade_id": 143719416, "side": "buy", "size": "1.60000000", "price": "0.73170000", "time": "2025-07-15T14:19:45.913456Z", "fetched_at": "2025-07-15T14:23:25.350250+00:00", "symbol": "ADA-USD"}, {"trade_id": 143719415, "side": "buy", "size": "13.66493578", "price": "0.73180000", "time": "2025-07-15T14:19:45.913456Z", "fetched_at": "2025-07-15T14:23:25.350250+00:00", "symbol": "ADA-USD"}, {"trade_id": 143719414, "side": "sell", "size": "67.84260000", "price": "0.73190000", "time": "2025-07-15T14:19:44.952092Z", "fetched_at": "2025-07-15T14:23:25.350250+00:00", "symbol": "ADA-USD"}, {"trade_id": 143719413, "side": "sell", "size": "1.60000000", "price": "0.73200000", "time": "2025-07-15T14:19:44.201501Z", "fetched_at": "2025-07-15T14:23:25.350250+00:00", "symbol": "ADA-USD"}, {"trade_id": 143719412, "side": "sell", "size": "1.60000000", "price": "0.73190000", "time": "2025-07-15T14:19:44.045848Z", "fetched_at": "2025-07-15T14:23:25.350250+00:00", "symbol": "ADA-USD"}, {"trade_id": 143719411, "side": "sell", "size": "683.62075272", "price": "0.73180000", "time": "2025-07-15T14:19:43.551002Z", "fetched_at": "2025-07-15T14:23:25.350250+00:00", "symbol": "ADA-USD"}, {"trade_id": 143719410, "side": "sell", "size": "7.88161077", "price": "0.73180000", "time": "2025-07-15T14:19:35.850980Z", "fetched_at": "2025-07-15T14:23:25.350250+00:00", "symbol": "ADA-USD"}, {"trade_id": 143719409, "side": "buy", "size": "372.38212281", "price": "0.73150000", "time": "2025-07-15T14:19:34.235383Z", "fetched_at": "2025-07-15T14:23:25.350250+00:00", "symbol": "ADA-USD"}, {"trade_id": 143719408, "side": "buy", "size": "51.00306000", "price": "0.73160000", "time": "2025-07-15T14:19:34.235383Z", "fetched_at": "2025-07-15T14:23:25.350250+00:00", "symbol": "ADA-USD"}, {"trade_id": 143719407, "side": "buy", "size": "500.00000000", "price": "0.73160000", "time": "2025-07-15T14:19:34.235383Z", "fetched_at": "2025-07-15T14:23:25.350250+00:00", "symbol": "ADA-USD"}, {"trade_id": 143719406, "side": "buy", "size": "7.91481719", "price": "0.73160000", "time": "2025-07-15T14:19:34.235383Z", "fetched_at": "2025-07-15T14:23:25.350250+00:00", "symbol": "ADA-USD"}, {"trade_id": 143719405, "side": "sell", "size": "11.78202300", "price": "0.73180000", "time": "2025-07-15T14:19:33.434912Z", "fetched_at": "2025-07-15T14:23:25.350250+00:00", "symbol": "ADA-USD"}, {"trade_id": 143719404, "side": "sell", "size": "1.60000000", "price": "0.73180000", "time": "2025-07-15T14:19:33.434912Z", "fetched_at": "2025-07-15T14:23:25.350250+00:00", "symbol": "ADA-USD"}, {"trade_id": 143719403, "side": "sell", "size": "1.60000000", "price": "0.73170000", "time": "2025-07-15T14:19:33.143002Z", "fetched_at": "2025-07-15T14:23:25.350250+00:00", "symbol": "ADA-USD"}, {"trade_id": 143719402, "side": "buy", "size": "220.49956000", "price": "0.73150000", "time": "2025-07-15T14:19:32.574391Z", "fetched_at": "2025-07-15T14:23:25.350250+00:00", "symbol": "ADA-USD"}, {"trade_id": 143719401, "side": "buy", "size": "49.03957000", "price": "0.73150000", "time": "2025-07-15T14:19:32.574391Z", "fetched_at": "2025-07-15T14:23:25.350250+00:00", "symbol": "ADA-USD"}, {"trade_id": 143719400, "side": "buy", "size": "51.00306000", "price": "0.73150000", "time": "2025-07-15T14:19:32.574391Z", "fetched_at": "2025-07-15T14:23:25.350250+00:00", "symbol": "ADA-USD"}, {"trade_id": 143719399, "side": "sell", "size": "117.96352147", "price": "0.73160000", "time": "2025-07-15T14:19:32.291508Z", "fetched_at": "2025-07-15T14:23:25.350250+00:00", "symbol": "ADA-USD"}, {"trade_id": 143719398, "side": "sell", "size": "19.53996233", "price": "0.73160000", "time": "2025-07-15T14:19:32.291508Z", "fetched_at": "2025-07-15T14:23:25.350250+00:00", "symbol": "ADA-USD"}, {"trade_id": 143719397, "side": "sell", "size": "687.10432452", "price": "0.73160000", "time": "2025-07-15T14:19:32.281008Z", "fetched_at": "2025-07-15T14:23:25.350250+00:00", "symbol": "ADA-USD"}, {"trade_id": 143719396, "side": "sell", "size": "1.60000000", "price": "0.73160000", "time": "2025-07-15T14:19:32.281008Z", "fetched_at": "2025-07-15T14:23:25.350250+00:00", "symbol": "ADA-USD"}, {"trade_id": 143719395, "side": "sell", "size": "160.26197712", "price": "0.73150000", "time": "2025-07-15T14:19:32.120645Z", "fetched_at": "2025-07-15T14:23:25.350250+00:00", "symbol": "ADA-USD"}, {"trade_id": 143719394, "side": "sell", "size": "29.08816850", "price": "0.73150000", "time": "2025-07-15T14:19:32.120645Z", "fetched_at": "2025-07-15T14:23:25.350250+00:00", "symbol": "ADA-USD"}, {"trade_id": 143719393, "side": "sell", "size": "1.60000000", "price": "0.73150000", "time": "2025-07-15T14:19:32.120645Z", "fetched_at": "2025-07-15T14:23:25.350250+00:00", "symbol": "ADA-USD"}, {"trade_id": 143719392, "side": "sell", "size": "697.49906841", "price": "0.73140000", "time": "2025-07-15T14:19:31.954570Z", "fetched_at": "2025-07-15T14:23:25.350250+00:00", "symbol": "ADA-USD"}, {"trade_id": 143719391, "side": "sell", "size": "1.60000000", "price": "0.73130000", "time": "2025-07-15T14:19:30.850446Z", "fetched_at": "2025-07-15T14:23:25.350250+00:00", "symbol": "ADA-USD"}, {"trade_id": 143719390, "side": "sell", "size": "7.26206268", "price": "0.73120000", "time": "2025-07-15T14:19:30.206434Z", "fetched_at": "2025-07-15T14:23:25.350250+00:00", "symbol": "ADA-USD"}, {"trade_id": 143719389, "side": "sell", "size": "13.67885578", "price": "0.73120000", "time": "2025-07-15T14:19:27.429666Z", "fetched_at": "2025-07-15T14:23:25.350250+00:00", "symbol": "ADA-USD"}, {"trade_id": 143719388, "side": "buy", "size": "252.21351044", "price": "0.73100000", "time": "2025-07-15T14:19:27.191750Z", "fetched_at": "2025-07-15T14:23:25.350250+00:00", "symbol": "ADA-USD"}, {"trade_id": 143719387, "side": "buy", "size": "1.60000000", "price": "0.73100000", "time": "2025-07-15T14:19:27.191750Z", "fetched_at": "2025-07-15T14:23:25.350250+00:00", "symbol": "ADA-USD"}, {"trade_id": 143719386, "side": "buy", "size": "50.00000000", "price": "0.73110000", "time": "2025-07-15T14:19:27.191750Z", "fetched_at": "2025-07-15T14:23:25.350250+00:00", "symbol": "ADA-USD"}, {"trade_id": 143719385, "side": "buy", "size": "7.10974608", "price": "0.73110000", "time": "2025-07-15T14:19:27.191750Z", "fetched_at": "2025-07-15T14:23:25.350250+00:00", "symbol": "ADA-USD"}, {"trade_id": 143719384, "side": "buy", "size": "51.00306000", "price": "0.73110000", "time": "2025-07-15T14:19:27.191750Z", "fetched_at": "2025-07-15T14:23:25.350250+00:00", "symbol": "ADA-USD"}, {"trade_id": 143719383, "side": "buy", "size": "55.29994148", "price": "0.73110000", "time": "2025-07-15T14:19:27.191750Z", "fetched_at": "2025-07-15T14:23:25.350250+00:00", "symbol": "ADA-USD"}, {"trade_id": 143719382, "side": "sell", "size": "13.67883374", "price": "0.73110000", "time": "2025-07-15T14:19:27.151058Z", "fetched_at": "2025-07-15T14:23:25.350250+00:00", "symbol": "ADA-USD"}, {"trade_id": 143719381, "side": "sell", "size": "132.90262600", "price": "0.73110000", "time": "2025-07-15T14:19:23.005221Z", "fetched_at": "2025-07-15T14:23:25.350250+00:00", "symbol": "ADA-USD"}, {"trade_id": 143719380, "side": "buy", "size": "5045.82753375", "price": "0.73110000", "time": "2025-07-15T14:19:21.771937Z", "fetched_at": "2025-07-15T14:23:25.350250+00:00", "symbol": "ADA-USD"}, {"trade_id": 143719379, "side": "buy", "size": "1.60000000", "price": "0.73110000", "time": "2025-07-15T14:19:21.771937Z", "fetched_at": "2025-07-15T14:23:25.350250+00:00", "symbol": "ADA-USD"}, {"trade_id": 143719378, "side": "buy", "size": "13.67614880", "price": "0.73120000", "time": "2025-07-15T14:19:21.771937Z", "fetched_at": "2025-07-15T14:23:25.350250+00:00", "symbol": "ADA-USD"}, {"trade_id": 143719377, "side": "buy", "size": "1.60000000", "price": "0.73120000", "time": "2025-07-15T14:19:21.771937Z", "fetched_at": "2025-07-15T14:23:25.350250+00:00", "symbol": "ADA-USD"}, {"trade_id": 143719376, "side": "buy", "size": "13.67427869", "price": "0.73130000", "time": "2025-07-15T14:19:21.703514Z", "fetched_at": "2025-07-15T14:23:25.350250+00:00", "symbol": "ADA-USD"}, {"trade_id": 143719375, "side": "sell", "size": "67.84260000", "price": "0.73140000", "time": "2025-07-15T14:19:21.178008Z", "fetched_at": "2025-07-15T14:23:25.350250+00:00", "symbol": "ADA-USD"}, {"trade_id": 143719374, "side": "sell", "size": "11.37036081", "price": "0.73130000", "time": "2025-07-15T14:19:19.645423Z", "fetched_at": "2025-07-15T14:23:25.350250+00:00", "symbol": "ADA-USD"}, {"trade_id": 143719373, "side": "buy", "size": "20.91789012", "price": "0.73120000", "time": "2025-07-15T14:19:18.165124Z", "fetched_at": "2025-07-15T14:23:25.350250+00:00", "symbol": "ADA-USD"}, {"trade_id": 143719372, "side": "buy", "size": "621.96893540", "price": "0.73120000", "time": "2025-07-15T14:19:18.165124Z", "fetched_at": "2025-07-15T14:23:25.350250+00:00", "symbol": "ADA-USD"}, {"trade_id": 143719371, "side": "buy", "size": "11.58591348", "price": "0.73120000", "time": "2025-07-15T14:19:18.165124Z", "fetched_at": "2025-07-15T14:23:25.350250+00:00", "symbol": "ADA-USD"}, {"trade_id": 143719370, "side": "sell", "size": "5.99113792", "price": "0.73130000", "time": "2025-07-15T14:19:15.951564Z", "fetched_at": "2025-07-15T14:23:25.350250+00:00", "symbol": "ADA-USD"}, {"trade_id": 143719369, "side": "sell", "size": "13.67522608", "price": "0.73130000", "time": "2025-07-15T14:19:15.127773Z", "fetched_at": "2025-07-15T14:23:25.350250+00:00", "symbol": "ADA-USD"}, {"trade_id": 143719368, "side": "sell", "size": "13.67522608", "price": "0.73130000", "time": "2025-07-15T14:19:15.118720Z", "fetched_at": "2025-07-15T14:23:25.350250+00:00", "symbol": "ADA-USD"}, {"trade_id": 143719367, "side": "sell", "size": "155.04137224", "price": "0.73130000", "time": "2025-07-15T14:19:15.118720Z", "fetched_at": "2025-07-15T14:23:25.350250+00:00", "symbol": "ADA-USD"}, {"trade_id": 143719366, "side": "sell", "size": "202.44064000", "price": "0.73130000", "time": "2025-07-15T14:19:15.118720Z", "fetched_at": "2025-07-15T14:23:25.350250+00:00", "symbol": "ADA-USD"}, {"trade_id": 143719365, "side": "sell", "size": "13.66970269", "price": "0.73120000", "time": "2025-07-15T14:19:14.996369Z", "fetched_at": "2025-07-15T14:23:25.350250+00:00", "symbol": "ADA-USD"}, {"trade_id": 143719364, "side": "sell", "size": "13.66970269", "price": "0.73120000", "time": "2025-07-15T14:19:14.981382Z", "fetched_at": "2025-07-15T14:23:25.350250+00:00", "symbol": "ADA-USD"}, {"trade_id": 143719363, "side": "sell", "size": "0.10000000", "price": "0.73120000", "time": "2025-07-15T14:19:14.458182Z", "fetched_at": "2025-07-15T14:23:25.350250+00:00", "symbol": "ADA-USD"}, {"trade_id": 143719362, "side": "buy", "size": "2.06267689", "price": "0.73120000", "time": "2025-07-15T14:19:13.861097Z", "fetched_at": "2025-07-15T14:23:25.350250+00:00", "symbol": "ADA-USD"}, {"trade_id": 143719361, "side": "buy", "size": "1.60000000", "price": "0.73120000", "time": "2025-07-15T14:19:13.861097Z", "fetched_at": "2025-07-15T14:23:25.350250+00:00", "symbol": "ADA-USD"}, {"trade_id": 143719360, "side": "buy", "size": "0.00009839", "price": "0.73140000", "time": "2025-07-15T14:19:13.511045Z", "fetched_at": "2025-07-15T14:23:25.350250+00:00", "symbol": "ADA-USD"}, {"trade_id": 143719359, "side": "buy", "size": "3.80740265", "price": "0.73140000", "time": "2025-07-15T14:19:13.508707Z", "fetched_at": "2025-07-15T14:23:25.350250+00:00", "symbol": "ADA-USD"}, {"trade_id": 143719358, "side": "buy", "size": "21.14639735", "price": "0.73140000", "time": "2025-07-15T14:19:13.508707Z", "fetched_at": "2025-07-15T14:23:25.350250+00:00", "symbol": "ADA-USD"}, {"trade_id": 143719357, "side": "buy", "size": "13.67053999", "price": "0.73150000", "time": "2025-07-15T14:19:13.226507Z", "fetched_at": "2025-07-15T14:23:25.350250+00:00", "symbol": "ADA-USD"}, {"trade_id": 143719356, "side": "sell", "size": "117.16606819", "price": "0.73160000", "time": "2025-07-15T14:19:13.139200Z", "fetched_at": "2025-07-15T14:23:25.350250+00:00", "symbol": "ADA-USD"}, {"trade_id": 143719355, "side": "sell", "size": "834.62827480", "price": "0.73160000", "time": "2025-07-15T14:19:13.139200Z", "fetched_at": "2025-07-15T14:23:25.350250+00:00", "symbol": "ADA-USD"}, {"trade_id": 143719354, "side": "sell", "size": "59.60007801", "price": "0.73160000", "time": "2025-07-15T14:19:13.139200Z", "fetched_at": "2025-07-15T14:23:25.350250+00:00", "symbol": "ADA-USD"}, {"trade_id": 143719353, "side": "sell", "size": "134.96043000", "price": "0.73150000", "time": "2025-07-15T14:19:13.139200Z", "fetched_at": "2025-07-15T14:23:25.350250+00:00", "symbol": "ADA-USD"}, {"trade_id": 143719352, "side": "sell", "size": "216.08372000", "price": "0.73150000", "time": "2025-07-15T14:19:13.139200Z", "fetched_at": "2025-07-15T14:23:25.350250+00:00", "symbol": "ADA-USD"}, {"trade_id": 143719351, "side": "buy", "size": "13.66867141", "price": "0.73160000", "time": "2025-07-15T14:19:12.996897Z", "fetched_at": "2025-07-15T14:23:25.350250+00:00", "symbol": "ADA-USD"}, {"trade_id": 143719350, "side": "buy", "size": "13.66867141", "price": "0.73160000", "time": "2025-07-15T14:19:12.992359Z", "fetched_at": "2025-07-15T14:23:25.350250+00:00", "symbol": "ADA-USD"}, {"trade_id": 143719349, "side": "sell", "size": "134.96043000", "price": "0.73170000", "time": "2025-07-15T14:19:09.523934Z", "fetched_at": "2025-07-15T14:23:25.350250+00:00", "symbol": "ADA-USD"}, {"trade_id": 143719348, "side": "buy", "size": "13.66680334", "price": "0.73170000", "time": "2025-07-15T14:19:09.513841Z", "fetched_at": "2025-07-15T14:23:25.350250+00:00", "symbol": "ADA-USD"}, {"trade_id": 143719347, "side": "buy", "size": "33.82319049", "price": "0.73170000", "time": "2025-07-15T14:19:09.513841Z", "fetched_at": "2025-07-15T14:23:25.350250+00:00", "symbol": "ADA-USD"}, {"trade_id": 143719346, "side": "sell", "size": "3.90450800", "price": "0.73190000", "time": "2025-07-15T14:19:09.148355Z", "fetched_at": "2025-07-15T14:23:25.350250+00:00", "symbol": "ADA-USD"}, {"trade_id": 143719345, "side": "sell", "size": "1.60000000", "price": "0.73190000", "time": "2025-07-15T14:19:09.148355Z", "fetched_at": "2025-07-15T14:23:25.350250+00:00", "symbol": "ADA-USD"}, {"trade_id": 143719344, "side": "sell", "size": "1.60000000", "price": "0.73180000", "time": "2025-07-15T14:19:09.017210Z", "fetched_at": "2025-07-15T14:23:25.350250+00:00", "symbol": "ADA-USD"}, {"trade_id": 143719343, "side": "buy", "size": "45.09758733", "price": "0.73170000", "time": "2025-07-15T14:19:09.001354Z", "fetched_at": "2025-07-15T14:23:25.350250+00:00", "symbol": "ADA-USD"}, {"trade_id": 143719342, "side": "sell", "size": "5056.07531752", "price": "0.73170000", "time": "2025-07-15T14:19:08.991256Z", "fetched_at": "2025-07-15T14:23:25.350250+00:00", "symbol": "ADA-USD"}, {"trade_id": 143719341, "side": "sell", "size": "1.92468248", "price": "0.73170000", "time": "2025-07-15T14:19:08.988022Z", "fetched_at": "2025-07-15T14:23:25.350250+00:00", "symbol": "ADA-USD"}, {"trade_id": 143719340, "side": "sell", "size": "235.83686727", "price": "0.73170000", "time": "2025-07-15T14:19:08.988022Z", "fetched_at": "2025-07-15T14:23:25.350250+00:00", "symbol": "ADA-USD"}, {"trade_id": 143719339, "side": "sell", "size": "109.47516206", "price": "0.73170000", "time": "2025-07-15T14:19:08.966522Z", "fetched_at": "2025-07-15T14:23:25.350250+00:00", "symbol": "ADA-USD"}, {"trade_id": 143719338, "side": "sell", "size": "35.34979828", "price": "0.73170000", "time": "2025-07-15T14:19:08.966522Z", "fetched_at": "2025-07-15T14:23:25.350250+00:00", "symbol": "ADA-USD"}, {"trade_id": 143719337, "side": "sell", "size": "799.27847652", "price": "0.73170000", "time": "2025-07-15T14:19:08.933529Z", "fetched_at": "2025-07-15T14:23:25.350250+00:00", "symbol": "ADA-USD"}, {"trade_id": 143719336, "side": "sell", "size": "13.67140208", "price": "0.73160000", "time": "2025-07-15T14:19:08.806468Z", "fetched_at": "2025-07-15T14:23:25.350250+00:00", "symbol": "ADA-USD"}, {"trade_id": 143719335, "side": "sell", "size": "13.66953937", "price": "0.73150000", "time": "2025-07-15T14:19:08.210898Z", "fetched_at": "2025-07-15T14:23:25.350250+00:00", "symbol": "ADA-USD"}, {"trade_id": 143719334, "side": "buy", "size": "0.00005882", "price": "0.73150000", "time": "2025-07-15T14:19:06.474751Z", "fetched_at": "2025-07-15T14:23:25.350250+00:00", "symbol": "ADA-USD"}, {"trade_id": 143719333, "side": "buy", "size": "13.67048117", "price": "0.73150000", "time": "2025-07-15T14:19:06.472881Z", "fetched_at": "2025-07-15T14:23:25.350250+00:00", "symbol": "ADA-USD"}, {"trade_id": 143719332, "side": "buy", "size": "1.95381883", "price": "0.73150000", "time": "2025-07-15T14:19:06.472881Z", "fetched_at": "2025-07-15T14:23:25.350250+00:00", "symbol": "ADA-USD"}, {"trade_id": 143719331, "side": "sell", "size": "70.61438800", "price": "0.73160000", "time": "2025-07-15T14:19:05.855306Z", "fetched_at": "2025-07-15T14:23:25.350250+00:00", "symbol": "ADA-USD"}, {"trade_id": 143719330, "side": "sell", "size": "134.96043000", "price": "0.73160000", "time": "2025-07-15T14:19:05.855306Z", "fetched_at": "2025-07-15T14:23:25.350250+00:00", "symbol": "ADA-USD"}, {"trade_id": 143719329, "side": "sell", "size": "49.03957000", "price": "0.73150000", "time": "2025-07-15T14:19:04.297559Z", "fetched_at": "2025-07-15T14:23:25.350250+00:00", "symbol": "ADA-USD"}, {"trade_id": 143719328, "side": "sell", "size": "134.96043000", "price": "0.73150000", "time": "2025-07-15T14:19:04.297559Z", "fetched_at": "2025-07-15T14:23:25.350250+00:00", "symbol": "ADA-USD"}, {"trade_id": 143719327, "side": "buy", "size": "13.67053999", "price": "0.73150000", "time": "2025-07-15T14:19:04.112275Z", "fetched_at": "2025-07-15T14:23:25.350250+00:00", "symbol": "ADA-USD"}, {"trade_id": 143719326, "side": "sell", "size": "134.96043000", "price": "0.73160000", "time": "2025-07-15T14:19:03.750780Z", "fetched_at": "2025-07-15T14:23:25.350250+00:00", "symbol": "ADA-USD"}, {"trade_id": 143719325, "side": "sell", "size": "121.94476695", "price": "0.73160000", "time": "2025-07-15T14:19:02.843291Z", "fetched_at": "2025-07-15T14:23:25.350250+00:00", "symbol": "ADA-USD"}, {"trade_id": 143719324, "side": "sell", "size": "134.96043000", "price": "0.73160000", "time": "2025-07-15T14:19:02.843291Z", "fetched_at": "2025-07-15T14:23:25.350250+00:00", "symbol": "ADA-USD"}, {"trade_id": 143719323, "side": "sell", "size": "134.96043000", "price": "0.73150000", "time": "2025-07-15T14:19:02.782743Z", "fetched_at": "2025-07-15T14:23:25.350250+00:00", "symbol": "ADA-USD"}, {"trade_id": 143719322, "side": "sell", "size": "295.84749224", "price": "0.73150000", "time": "2025-07-15T14:19:02.615406Z", "fetched_at": "2025-07-15T14:23:25.350250+00:00", "symbol": "ADA-USD"}, {"trade_id": 143719321, "side": "sell", "size": "276.56199895", "price": "0.73150000", "time": "2025-07-15T14:19:02.604464Z", "fetched_at": "2025-07-15T14:23:25.350250+00:00", "symbol": "ADA-USD"}, {"trade_id": 143719320, "side": "sell", "size": "738.05669491", "price": "0.73150000", "time": "2025-07-15T14:19:02.593520Z", "fetched_at": "2025-07-15T14:23:25.350250+00:00", "symbol": "ADA-USD"}, {"trade_id": 143719319, "side": "sell", "size": "1.60000000", "price": "0.73150000", "time": "2025-07-15T14:19:02.593520Z", "fetched_at": "2025-07-15T14:23:25.350250+00:00", "symbol": "ADA-USD"}, {"trade_id": 143719318, "side": "sell", "size": "134.96043000", "price": "0.73140000", "time": "2025-07-15T14:19:02.392074Z", "fetched_at": "2025-07-15T14:23:25.350250+00:00", "symbol": "ADA-USD"}, {"trade_id": 143719317, "side": "sell", "size": "134.96043000", "price": "0.73140000", "time": "2025-07-15T14:19:02.369620Z", "fetched_at": "2025-07-15T14:23:25.350250+00:00", "symbol": "ADA-USD"}, {"trade_id": 143719316, "side": "buy", "size": "55.50472286", "price": "0.73140000", "time": "2025-07-15T14:19:02.359906Z", "fetched_at": "2025-07-15T14:23:25.350250+00:00", "symbol": "ADA-USD"}, {"trade_id": 143719315, "side": "sell", "size": "26.55965600", "price": "0.73150000", "time": "2025-07-15T14:19:02.343465Z", "fetched_at": "2025-07-15T14:23:25.350250+00:00", "symbol": "ADA-USD"}, {"trade_id": 143719314, "side": "sell", "size": "648.00520547", "price": "0.73140000", "time": "2025-07-15T14:19:02.330630Z", "fetched_at": "2025-07-15T14:23:25.350250+00:00", "symbol": "ADA-USD"}, {"trade_id": 143719313, "side": "sell", "size": "202.44064000", "price": "0.73130000", "time": "2025-07-15T14:19:02.283316Z", "fetched_at": "2025-07-15T14:23:25.350250+00:00", "symbol": "ADA-USD"}, {"trade_id": 143719312, "side": "sell", "size": "12.50799992", "price": "0.73130000", "time": "2025-07-15T14:19:02.205994Z", "fetched_at": "2025-07-15T14:23:25.350250+00:00", "symbol": "ADA-USD"}, {"trade_id": 143719311, "side": "sell", "size": "12.50799992", "price": "0.73130000", "time": "2025-07-15T14:19:02.195491Z", "fetched_at": "2025-07-15T14:23:25.350250+00:00", "symbol": "ADA-USD"}, {"trade_id": 143719310, "side": "sell", "size": "12.07787054", "price": "0.73120000", "time": "2025-07-15T14:19:02.148014Z", "fetched_at": "2025-07-15T14:23:25.350250+00:00", "symbol": "ADA-USD"}, {"trade_id": 143719309, "side": "sell", "size": "96.79182336", "price": "0.73120000", "time": "2025-07-15T14:19:02.148014Z", "fetched_at": "2025-07-15T14:23:25.350250+00:00", "symbol": "ADA-USD"}, {"trade_id": 143719308, "side": "sell", "size": "38.16860664", "price": "0.73120000", "time": "2025-07-15T14:19:01.870611Z", "fetched_at": "2025-07-15T14:23:25.350250+00:00", "symbol": "ADA-USD"}, {"trade_id": 143719307, "side": "sell", "size": "2.41625236", "price": "0.73120000", "time": "2025-07-15T14:19:01.870611Z", "fetched_at": "2025-07-15T14:23:25.350250+00:00", "symbol": "ADA-USD"}, {"trade_id": 143719306, "side": "sell", "size": "14.66028446", "price": "0.73120000", "time": "2025-07-15T14:19:01.794327Z", "fetched_at": "2025-07-15T14:23:25.350250+00:00", "symbol": "ADA-USD"}, {"trade_id": 143719305, "side": "buy", "size": "50.00000000", "price": "0.73110000", "time": "2025-07-15T14:19:01.311085Z", "fetched_at": "2025-07-15T14:23:25.350250+00:00", "symbol": "ADA-USD"}, {"trade_id": 143719304, "side": "buy", "size": "1.60000000", "price": "0.73110000", "time": "2025-07-15T14:19:01.311085Z", "fetched_at": "2025-07-15T14:23:25.350250+00:00", "symbol": "ADA-USD"}, {"trade_id": 143719303, "side": "buy", "size": "2.50194737", "price": "0.73120000", "time": "2025-07-15T14:19:01.311085Z", "fetched_at": "2025-07-15T14:23:25.350250+00:00", "symbol": "ADA-USD"}, {"trade_id": 143719302, "side": "buy", "size": "1.60000000", "price": "0.73120000", "time": "2025-07-15T14:19:01.311085Z", "fetched_at": "2025-07-15T14:23:25.350250+00:00", "symbol": "ADA-USD"}, {"trade_id": 143719301, "side": "sell", "size": "43.03957000", "price": "0.73130000", "time": "2025-07-15T14:19:00.274388Z", "fetched_at": "2025-07-15T14:23:25.350250+00:00", "symbol": "ADA-USD"}, {"trade_id": 143719300, "side": "sell", "size": "567.00000000", "price": "0.73130000", "time": "2025-07-15T14:19:00.274388Z", "fetched_at": "2025-07-15T14:23:25.350250+00:00", "symbol": "ADA-USD"}, {"trade_id": 143719299, "side": "sell", "size": "134.96043000", "price": "0.73130000", "time": "2025-07-15T14:19:00.274388Z", "fetched_at": "2025-07-15T14:23:25.350250+00:00", "symbol": "ADA-USD"}, {"trade_id": 143719298, "side": "buy", "size": "4.56861136", "price": "0.73130000", "time": "2025-07-15T14:18:59.817688Z", "fetched_at": "2025-07-15T14:23:25.350250+00:00", "symbol": "ADA-USD"}, {"trade_id": 143719297, "side": "sell", "size": "134.96043000", "price": "0.73130000", "time": "2025-07-15T14:18:59.275134Z", "fetched_at": "2025-07-15T14:23:25.350250+00:00", "symbol": "ADA-USD"}, {"trade_id": 143719296, "side": "buy", "size": "98.67505000", "price": "0.73140000", "time": "2025-07-15T14:18:59.128132Z", "fetched_at": "2025-07-15T14:23:25.350250+00:00", "symbol": "ADA-USD"}, {"trade_id": 143719295, "side": "sell", "size": "13.66963920", "price": "0.73140000", "time": "2025-07-15T14:18:58.611616Z", "fetched_at": "2025-07-15T14:23:25.350250+00:00", "symbol": "ADA-USD"}, {"trade_id": 143719294, "side": "buy", "size": "6954.53205927", "price": "0.73140000", "time": "2025-07-15T14:18:58.235766Z", "fetched_at": "2025-07-15T14:23:25.350250+00:00", "symbol": "ADA-USD"}, {"trade_id": 143719293, "side": "sell", "size": "733.89648569", "price": "0.73140000", "time": "2025-07-15T14:18:58.222541Z", "fetched_at": "2025-07-15T14:23:25.350250+00:00", "symbol": "ADA-USD"}, {"trade_id": 143719292, "side": "sell", "size": "13.66768212", "price": "0.73140000", "time": "2025-07-15T14:18:58.222541Z", "fetched_at": "2025-07-15T14:23:25.350250+00:00", "symbol": "ADA-USD"}, {"trade_id": 143719291, "side": "sell", "size": "195.94334292", "price": "0.73140000", "time": "2025-07-15T14:18:58.222541Z", "fetched_at": "2025-07-15T14:23:25.350250+00:00", "symbol": "ADA-USD"}, {"trade_id": 143719290, "side": "sell", "size": "134.96043000", "price": "0.73140000", "time": "2025-07-15T14:18:58.222541Z", "fetched_at": "2025-07-15T14:23:25.350250+00:00", "symbol": "ADA-USD"}, {"trade_id": 143719289, "side": "buy", "size": "683.62075272", "price": "0.73130000", "time": "2025-07-15T14:18:57.488259Z", "fetched_at": "2025-07-15T14:23:25.350250+00:00", "symbol": "ADA-USD"}, {"trade_id": 143719288, "side": "buy", "size": "805.60000000", "price": "0.73130000", "time": "2025-07-15T14:18:57.488259Z", "fetched_at": "2025-07-15T14:23:25.350250+00:00", "symbol": "ADA-USD"}, {"trade_id": 143719287, "side": "buy", "size": "1.60000000", "price": "0.73130000", "time": "2025-07-15T14:18:57.488259Z", "fetched_at": "2025-07-15T14:23:25.350250+00:00", "symbol": "ADA-USD"}, {"trade_id": 143719286, "side": "buy", "size": "5062.70000000", "price": "0.73140000", "time": "2025-07-15T14:18:57.478263Z", "fetched_at": "2025-07-15T14:23:25.350250+00:00", "symbol": "ADA-USD"}, {"trade_id": 143719285, "side": "buy", "size": "1.60000000", "price": "0.73140000", "time": "2025-07-15T14:18:57.478263Z", "fetched_at": "2025-07-15T14:23:25.350250+00:00", "symbol": "ADA-USD"}, {"trade_id": 143719284, "side": "buy", "size": "11.67589423", "price": "0.73150000", "time": "2025-07-15T14:18:57.478263Z", "fetched_at": "2025-07-15T14:23:25.350250+00:00", "symbol": "ADA-USD"}, {"trade_id": 143719283, "side": "buy", "size": "1.60000000", "price": "0.73150000", "time": "2025-07-15T14:18:57.478263Z", "fetched_at": "2025-07-15T14:23:25.350250+00:00", "symbol": "ADA-USD"}, {"trade_id": 143719282, "side": "buy", "size": "11.25193182", "price": "0.73160000", "time": "2025-07-15T14:18:56.875914Z", "fetched_at": "2025-07-15T14:23:25.350250+00:00", "symbol": "ADA-USD"}, {"trade_id": 143719281, "side": "buy", "size": "1.60000000", "price": "0.73160000", "time": "2025-07-15T14:18:56.875914Z", "fetched_at": "2025-07-15T14:23:25.350250+00:00", "symbol": "ADA-USD"}, {"trade_id": 143719280, "side": "sell", "size": "136.94957000", "price": "0.73170000", "time": "2025-07-15T14:18:55.833207Z", "fetched_at": "2025-07-15T14:23:25.350250+00:00", "symbol": "ADA-USD"}, {"trade_id": 143719279, "side": "sell", "size": "134.96043000", "price": "0.73170000", "time": "2025-07-15T14:18:55.833207Z", "fetched_at": "2025-07-15T14:23:25.350250+00:00", "symbol": "ADA-USD"}, {"trade_id": 143719278, "side": "buy", "size": "13.66680334", "price": "0.73170000", "time": "2025-07-15T14:18:54.244800Z", "fetched_at": "2025-07-15T14:23:25.350250+00:00", "symbol": "ADA-USD"}, {"trade_id": 143719277, "side": "buy", "size": "1.60000000", "price": "0.73170000", "time": "2025-07-15T14:18:54.244800Z", "fetched_at": "2025-07-15T14:23:25.350250+00:00", "symbol": "ADA-USD"}, {"trade_id": 143719276, "side": "buy", "size": "13.66493578", "price": "0.73180000", "time": "2025-07-15T14:18:51.454434Z", "fetched_at": "2025-07-15T14:23:25.350250+00:00", "symbol": "ADA-USD"}, {"trade_id": 143719275, "side": "buy", "size": "1.60000000", "price": "0.73180000", "time": "2025-07-15T14:18:51.454434Z", "fetched_at": "2025-07-15T14:23:25.350250+00:00", "symbol": "ADA-USD"}, {"trade_id": 143719274, "side": "sell", "size": "275.56903724", "price": "0.73200000", "time": "2025-07-15T14:18:48.560509Z", "fetched_at": "2025-07-15T14:23:25.350250+00:00", "symbol": "ADA-USD"}, {"trade_id": 143719273, "side": "sell", "size": "134.96043000", "price": "0.73200000", "time": "2025-07-15T14:18:48.560509Z", "fetched_at": "2025-07-15T14:23:25.350250+00:00", "symbol": "ADA-USD"}, {"trade_id": 143719272, "side": "sell", "size": "144.05582000", "price": "0.73200000", "time": "2025-07-15T14:18:48.560509Z", "fetched_at": "2025-07-15T14:23:25.350250+00:00", "symbol": "ADA-USD"}, {"trade_id": 143719271, "side": "sell", "size": "672.27378776", "price": "0.73190000", "time": "2025-07-15T14:18:48.560509Z", "fetched_at": "2025-07-15T14:23:25.350250+00:00", "symbol": "ADA-USD"}, {"trade_id": 143719270, "side": "sell", "size": "134.96043000", "price": "0.73190000", "time": "2025-07-15T14:18:48.560509Z", "fetched_at": "2025-07-15T14:23:25.350250+00:00", "symbol": "ADA-USD"}, {"trade_id": 143719269, "side": "buy", "size": "1.60000000", "price": "0.73190000", "time": "2025-07-15T14:18:48.199027Z", "fetched_at": "2025-07-15T14:23:25.350250+00:00", "symbol": "ADA-USD"}, {"trade_id": 143719268, "side": "buy", "size": "1.60000000", "price": "0.73200000", "time": "2025-07-15T14:18:47.743546Z", "fetched_at": "2025-07-15T14:23:25.350250+00:00", "symbol": "ADA-USD"}, {"trade_id": 143719267, "side": "buy", "size": "1.95195195", "price": "0.73220000", "time": "2025-07-15T14:18:43.270716Z", "fetched_at": "2025-07-15T14:23:25.350250+00:00", "symbol": "ADA-USD"}, {"trade_id": 143719266, "side": "sell", "size": "13.16130400", "price": "0.73230000", "time": "2025-07-15T14:18:41.517939Z", "fetched_at": "2025-07-15T14:23:25.350250+00:00", "symbol": "ADA-USD"}, {"trade_id": 143719265, "side": "sell", "size": "134.96043000", "price": "0.73220000", "time": "2025-07-15T14:18:37.315015Z", "fetched_at": "2025-07-15T14:23:25.350250+00:00", "symbol": "ADA-USD"}, {"trade_id": 143719264, "side": "sell", "size": "134.96043000", "price": "0.73220000", "time": "2025-07-15T14:18:37.277748Z", "fetched_at": "2025-07-15T14:23:25.350250+00:00", "symbol": "ADA-USD"}, {"trade_id": 143719263, "side": "sell", "size": "6.98376973", "price": "0.73220000", "time": "2025-07-15T14:18:37.277748Z", "fetched_at": "2025-07-15T14:23:25.350250+00:00", "symbol": "ADA-USD"}, {"trade_id": 143719262, "side": "sell", "size": "134.96043000", "price": "0.73220000", "time": "2025-07-15T14:18:36.877259Z", "fetched_at": "2025-07-15T14:23:25.350250+00:00", "symbol": "ADA-USD"}, {"trade_id": 143719261, "side": "sell", "size": "157.57589525", "price": "0.73230000", "time": "2025-07-15T14:18:36.784178Z", "fetched_at": "2025-07-15T14:23:25.350250+00:00", "symbol": "ADA-USD"}, {"trade_id": 143719260, "side": "sell", "size": "15.13565344", "price": "0.73220000", "time": "2025-07-15T14:18:36.735046Z", "fetched_at": "2025-07-15T14:23:25.350250+00:00", "symbol": "ADA-USD"}, {"trade_id": 143719259, "side": "sell", "size": "13.66209792", "price": "0.73210000", "time": "2025-07-15T14:18:36.682703Z", "fetched_at": "2025-07-15T14:23:25.350250+00:00", "symbol": "ADA-USD"}, {"trade_id": 143719258, "side": "sell", "size": "134.96043000", "price": "0.73210000", "time": "2025-07-15T14:18:36.682703Z", "fetched_at": "2025-07-15T14:23:25.350250+00:00", "symbol": "ADA-USD"}, {"trade_id": 143719257, "side": "sell", "size": "1784.26114000", "price": "0.73200000", "time": "2025-07-15T14:18:36.368588Z", "fetched_at": "2025-07-15T14:23:25.350250+00:00", "symbol": "ADA-USD"}, {"trade_id": 143719256, "side": "sell", "size": "2859.88218637", "price": "0.73200000", "time": "2025-07-15T14:18:36.368588Z", "fetched_at": "2025-07-15T14:23:25.350250+00:00", "symbol": "ADA-USD"}, {"trade_id": 143719255, "side": "sell", "size": "574.31423425", "price": "0.73200000", "time": "2025-07-15T14:18:36.368588Z", "fetched_at": "2025-07-15T14:23:25.350250+00:00", "symbol": "ADA-USD"}, {"trade_id": 143719254, "side": "sell", "size": "834.62827480", "price": "0.73200000", "time": "2025-07-15T14:18:36.368588Z", "fetched_at": "2025-07-15T14:23:25.350250+00:00", "symbol": "ADA-USD"}, {"trade_id": 143719253, "side": "sell", "size": "134.96043000", "price": "0.73200000", "time": "2025-07-15T14:18:36.368588Z", "fetched_at": "2025-07-15T14:23:25.350250+00:00", "symbol": "ADA-USD"}