[{"trade_id": 666237744, "side": "buy", "size": "0.00306791", "price": "2988.02000000", "time": "2025-07-13T13:39:24.598672Z", "fetched_at": "2025-07-13T13:39:32.151482+00:00", "symbol": "ETH-USD"}, {"trade_id": 666237743, "side": "buy", "size": "0.03345695", "price": "2988.02000000", "time": "2025-07-13T13:39:24.598672Z", "fetched_at": "2025-07-13T13:39:32.151482+00:00", "symbol": "ETH-USD"}, {"trade_id": 666237742, "side": "buy", "size": "0.00080000", "price": "2988.04000000", "time": "2025-07-13T13:39:24.283957Z", "fetched_at": "2025-07-13T13:39:32.151482+00:00", "symbol": "ETH-USD"}, {"trade_id": 666237741, "side": "buy", "size": "0.02674997", "price": "2988.04000000", "time": "2025-07-13T13:39:24.283957Z", "fetched_at": "2025-07-13T13:39:32.151482+00:00", "symbol": "ETH-USD"}, {"trade_id": 666237740, "side": "buy", "size": "0.00191095", "price": "2988.04000000", "time": "2025-07-13T13:39:24.283957Z", "fetched_at": "2025-07-13T13:39:32.151482+00:00", "symbol": "ETH-USD"}, {"trade_id": 666237739, "side": "buy", "size": "0.00306789", "price": "2988.04000000", "time": "2025-07-13T13:39:24.283957Z", "fetched_at": "2025-07-13T13:39:32.151482+00:00", "symbol": "ETH-USD"}, {"trade_id": 666237738, "side": "buy", "size": "0.00100000", "price": "2988.04000000", "time": "2025-07-13T13:39:24.283957Z", "fetched_at": "2025-07-13T13:39:32.151482+00:00", "symbol": "ETH-USD"}, {"trade_id": 666237737, "side": "buy", "size": "0.00306766", "price": "2988.26000000", "time": "2025-07-13T13:39:23.414696Z", "fetched_at": "2025-07-13T13:39:32.151482+00:00", "symbol": "ETH-USD"}, {"trade_id": 666237736, "side": "buy", "size": "0.00100000", "price": "2988.26000000", "time": "2025-07-13T13:39:23.414696Z", "fetched_at": "2025-07-13T13:39:32.151482+00:00", "symbol": "ETH-USD"}, {"trade_id": 666237735, "side": "buy", "size": "0.06272126", "price": "2988.46000000", "time": "2025-07-13T13:39:23.171782Z", "fetched_at": "2025-07-13T13:39:32.151482+00:00", "symbol": "ETH-USD"}, {"trade_id": 666237734, "side": "buy", "size": "0.00940000", "price": "2988.46000000", "time": "2025-07-13T13:39:23.171782Z", "fetched_at": "2025-07-13T13:39:32.151482+00:00", "symbol": "ETH-USD"}, {"trade_id": 666237733, "side": "buy", "size": "0.06381882", "price": "2988.46000000", "time": "2025-07-13T13:39:23.171782Z", "fetched_at": "2025-07-13T13:39:32.151482+00:00", "symbol": "ETH-USD"}, {"trade_id": 666237732, "side": "buy", "size": "0.00306730", "price": "2988.61000000", "time": "2025-07-13T13:39:21.943358Z", "fetched_at": "2025-07-13T13:39:32.151482+00:00", "symbol": "ETH-USD"}, {"trade_id": 666237731, "side": "buy", "size": "0.00306743", "price": "2988.48000000", "time": "2025-07-13T13:39:21.915685Z", "fetched_at": "2025-07-13T13:39:32.151482+00:00", "symbol": "ETH-USD"}, {"trade_id": 666237730, "side": "buy", "size": "0.00306743", "price": "2988.48000000", "time": "2025-07-13T13:39:21.905733Z", "fetched_at": "2025-07-13T13:39:32.151482+00:00", "symbol": "ETH-USD"}, {"trade_id": 666237729, "side": "buy", "size": "0.00100000", "price": "2988.48000000", "time": "2025-07-13T13:39:21.905733Z", "fetched_at": "2025-07-13T13:39:32.151482+00:00", "symbol": "ETH-USD"}, {"trade_id": 666237728, "side": "buy", "size": "0.00306736", "price": "2988.55000000", "time": "2025-07-13T13:39:21.846679Z", "fetched_at": "2025-07-13T13:39:32.151482+00:00", "symbol": "ETH-USD"}, {"trade_id": 666237727, "side": "buy", "size": "0.03970821", "price": "2988.55000000", "time": "2025-07-13T13:39:21.846679Z", "fetched_at": "2025-07-13T13:39:32.151482+00:00", "symbol": "ETH-USD"}, {"trade_id": 666237726, "side": "buy", "size": "0.01109516", "price": "2988.69000000", "time": "2025-07-13T13:39:21.819382Z", "fetched_at": "2025-07-13T13:39:32.151482+00:00", "symbol": "ETH-USD"}, {"trade_id": 666237725, "side": "buy", "size": "0.00306721", "price": "2988.70000000", "time": "2025-07-13T13:39:21.809529Z", "fetched_at": "2025-07-13T13:39:32.151482+00:00", "symbol": "ETH-USD"}, {"trade_id": 666237724, "side": "buy", "size": "0.04889000", "price": "2988.70000000", "time": "2025-07-13T13:39:21.809529Z", "fetched_at": "2025-07-13T13:39:32.151482+00:00", "symbol": "ETH-USD"}, {"trade_id": 666237723, "side": "buy", "size": "0.00100000", "price": "2988.70000000", "time": "2025-07-13T13:39:21.809529Z", "fetched_at": "2025-07-13T13:39:32.151482+00:00", "symbol": "ETH-USD"}, {"trade_id": 666237722, "side": "buy", "size": "0.00306719", "price": "2988.72000000", "time": "2025-07-13T13:39:21.687309Z", "fetched_at": "2025-07-13T13:39:32.151482+00:00", "symbol": "ETH-USD"}, {"trade_id": 666237721, "side": "sell", "size": "0.08619612", "price": "2988.90000000", "time": "2025-07-13T13:39:21.204958Z", "fetched_at": "2025-07-13T13:39:32.151482+00:00", "symbol": "ETH-USD"}, {"trade_id": 666237720, "side": "sell", "size": "0.16380388", "price": "2988.71000000", "time": "2025-07-13T13:39:21.204958Z", "fetched_at": "2025-07-13T13:39:32.151482+00:00", "symbol": "ETH-USD"}, {"trade_id": 666237719, "side": "sell", "size": "0.00349237", "price": "2988.71000000", "time": "2025-07-13T13:39:21.015668Z", "fetched_at": "2025-07-13T13:39:32.151482+00:00", "symbol": "ETH-USD"}, {"trade_id": 666237718, "side": "buy", "size": "0.00306699", "price": "2988.91000000", "time": "2025-07-13T13:39:20.981442Z", "fetched_at": "2025-07-13T13:39:32.151482+00:00", "symbol": "ETH-USD"}, {"trade_id": 666237717, "side": "buy", "size": "0.01609616", "price": "2988.91000000", "time": "2025-07-13T13:39:20.981442Z", "fetched_at": "2025-07-13T13:39:32.151482+00:00", "symbol": "ETH-USD"}, {"trade_id": 666237716, "side": "buy", "size": "0.01109434", "price": "2988.91000000", "time": "2025-07-13T13:39:20.981442Z", "fetched_at": "2025-07-13T13:39:32.151482+00:00", "symbol": "ETH-USD"}, {"trade_id": 666237715, "side": "buy", "size": "0.01109018", "price": "2989.13000000", "time": "2025-07-13T13:39:20.724559Z", "fetched_at": "2025-07-13T13:39:32.151482+00:00", "symbol": "ETH-USD"}, {"trade_id": 666237714, "side": "buy", "size": "0.17441000", "price": "2989.22000000", "time": "2025-07-13T13:39:20.658446Z", "fetched_at": "2025-07-13T13:39:32.151482+00:00", "symbol": "ETH-USD"}, {"trade_id": 666237713, "side": "buy", "size": "0.16262436", "price": "2989.22000000", "time": "2025-07-13T13:39:20.658446Z", "fetched_at": "2025-07-13T13:39:32.151482+00:00", "symbol": "ETH-USD"}, {"trade_id": 666237712, "side": "buy", "size": "0.00086519", "price": "2989.22000000", "time": "2025-07-13T13:39:20.658446Z", "fetched_at": "2025-07-13T13:39:32.151482+00:00", "symbol": "ETH-USD"}, {"trade_id": 666237711, "side": "buy", "size": "0.01609449", "price": "2989.22000000", "time": "2025-07-13T13:39:20.658446Z", "fetched_at": "2025-07-13T13:39:32.151482+00:00", "symbol": "ETH-USD"}, {"trade_id": 666237710, "side": "sell", "size": "0.13036525", "price": "2989.45000000", "time": "2025-07-13T13:39:16.380646Z", "fetched_at": "2025-07-13T13:39:32.151482+00:00", "symbol": "ETH-USD"}, {"trade_id": 666237709, "side": "sell", "size": "0.16725491", "price": "2989.45000000", "time": "2025-07-13T13:39:16.380646Z", "fetched_at": "2025-07-13T13:39:32.151482+00:00", "symbol": "ETH-USD"}, {"trade_id": 666237708, "side": "sell", "size": "0.00100000", "price": "2989.36000000", "time": "2025-07-13T13:39:16.380646Z", "fetched_at": "2025-07-13T13:39:32.151482+00:00", "symbol": "ETH-USD"}, {"trade_id": 666237707, "side": "sell", "size": "0.00061999", "price": "2989.23000000", "time": "2025-07-13T13:39:16.380646Z", "fetched_at": "2025-07-13T13:39:32.151482+00:00", "symbol": "ETH-USD"}, {"trade_id": 666237706, "side": "sell", "size": "0.00010777", "price": "2989.23000000", "time": "2025-07-13T13:39:16.380646Z", "fetched_at": "2025-07-13T13:39:32.151482+00:00", "symbol": "ETH-USD"}, {"trade_id": 666237705, "side": "sell", "size": "0.00024002", "price": "2989.23000000", "time": "2025-07-13T13:39:16.380646Z", "fetched_at": "2025-07-13T13:39:32.151482+00:00", "symbol": "ETH-USD"}, {"trade_id": 666237704, "side": "sell", "size": "0.00005829", "price": "2989.23000000", "time": "2025-07-13T13:39:16.380646Z", "fetched_at": "2025-07-13T13:39:32.151482+00:00", "symbol": "ETH-USD"}, {"trade_id": 666237703, "side": "sell", "size": "0.08392320", "price": "2989.23000000", "time": "2025-07-13T13:39:16.380646Z", "fetched_at": "2025-07-13T13:39:32.151482+00:00", "symbol": "ETH-USD"}, {"trade_id": 666237702, "side": "sell", "size": "0.01530999", "price": "2989.23000000", "time": "2025-07-13T13:39:15.619031Z", "fetched_at": "2025-07-13T13:39:32.151482+00:00", "symbol": "ETH-USD"}, {"trade_id": 666237701, "side": "sell", "size": "0.00100000", "price": "2989.14000000", "time": "2025-07-13T13:39:15.619031Z", "fetched_at": "2025-07-13T13:39:32.151482+00:00", "symbol": "ETH-USD"}, {"trade_id": 666237700, "side": "sell", "size": "0.19999908", "price": "2989.05000000", "time": "2025-07-13T13:39:15.274768Z", "fetched_at": "2025-07-13T13:39:32.151482+00:00", "symbol": "ETH-USD"}, {"trade_id": 666237699, "side": "sell", "size": "0.05087203", "price": "2989.05000000", "time": "2025-07-13T13:39:15.274768Z", "fetched_at": "2025-07-13T13:39:32.151482+00:00", "symbol": "ETH-USD"}, {"trade_id": 666237698, "side": "sell", "size": "0.14908007", "price": "2989.05000000", "time": "2025-07-13T13:39:14.812029Z", "fetched_at": "2025-07-13T13:39:32.151482+00:00", "symbol": "ETH-USD"}, {"trade_id": 666237697, "side": "sell", "size": "0.01494526", "price": "2988.96000000", "time": "2025-07-13T13:39:14.812029Z", "fetched_at": "2025-07-13T13:39:32.151482+00:00", "symbol": "ETH-USD"}, {"trade_id": 666237696, "side": "sell", "size": "0.00024001", "price": "2988.92000000", "time": "2025-07-13T13:39:14.812029Z", "fetched_at": "2025-07-13T13:39:32.151482+00:00", "symbol": "ETH-USD"}, {"trade_id": 666237695, "side": "sell", "size": "0.00030999", "price": "2988.92000000", "time": "2025-07-13T13:39:14.812029Z", "fetched_at": "2025-07-13T13:39:32.151482+00:00", "symbol": "ETH-USD"}, {"trade_id": 666237694, "side": "sell", "size": "0.00005731", "price": "2988.92000000", "time": "2025-07-13T13:39:14.812029Z", "fetched_at": "2025-07-13T13:39:32.151482+00:00", "symbol": "ETH-USD"}, {"trade_id": 666237693, "side": "sell", "size": "0.00005357", "price": "2988.92000000", "time": "2025-07-13T13:39:14.812029Z", "fetched_at": "2025-07-13T13:39:32.151482+00:00", "symbol": "ETH-USD"}, {"trade_id": 666237692, "side": "sell", "size": "0.00100000", "price": "2988.92000000", "time": "2025-07-13T13:39:14.812029Z", "fetched_at": "2025-07-13T13:39:32.151482+00:00", "symbol": "ETH-USD"}, {"trade_id": 666237691, "side": "sell", "size": "0.04043210", "price": "2988.79000000", "time": "2025-07-13T13:39:13.541088Z", "fetched_at": "2025-07-13T13:39:32.151482+00:00", "symbol": "ETH-USD"}, {"trade_id": 666237690, "side": "sell", "size": "0.00100000", "price": "2988.70000000", "time": "2025-07-13T13:39:13.541088Z", "fetched_at": "2025-07-13T13:39:32.151482+00:00", "symbol": "ETH-USD"}, {"trade_id": 666237689, "side": "sell", "size": "0.09525068", "price": "2988.56000000", "time": "2025-07-13T13:39:12.085818Z", "fetched_at": "2025-07-13T13:39:32.151482+00:00", "symbol": "ETH-USD"}, {"trade_id": 666237688, "side": "sell", "size": "0.09425068", "price": "2988.55000000", "time": "2025-07-13T13:39:12.019879Z", "fetched_at": "2025-07-13T13:39:32.151482+00:00", "symbol": "ETH-USD"}, {"trade_id": 666237687, "side": "sell", "size": "0.00100000", "price": "2988.48000000", "time": "2025-07-13T13:39:12.019879Z", "fetched_at": "2025-07-13T13:39:32.151482+00:00", "symbol": "ETH-USD"}, {"trade_id": 666237686, "side": "sell", "size": "0.05384926", "price": "2988.34000000", "time": "2025-07-13T13:39:10.998024Z", "fetched_at": "2025-07-13T13:39:32.151482+00:00", "symbol": "ETH-USD"}, {"trade_id": 666237685, "side": "buy", "size": "0.12731152", "price": "2987.70000000", "time": "2025-07-13T13:39:09.669802Z", "fetched_at": "2025-07-13T13:39:32.151482+00:00", "symbol": "ETH-USD"}, {"trade_id": 666237684, "side": "buy", "size": "0.30000000", "price": "2987.73000000", "time": "2025-07-13T13:39:09.669802Z", "fetched_at": "2025-07-13T13:39:32.151482+00:00", "symbol": "ETH-USD"}, {"trade_id": 666237683, "side": "buy", "size": "0.25394938", "price": "2987.74000000", "time": "2025-07-13T13:39:09.669802Z", "fetched_at": "2025-07-13T13:39:32.151482+00:00", "symbol": "ETH-USD"}, {"trade_id": 666237682, "side": "buy", "size": "0.00100000", "price": "2987.82000000", "time": "2025-07-13T13:39:09.669802Z", "fetched_at": "2025-07-13T13:39:32.151482+00:00", "symbol": "ETH-USD"}, {"trade_id": 666237681, "side": "buy", "size": "0.00277882", "price": "2988.05000000", "time": "2025-07-13T13:39:09.669802Z", "fetched_at": "2025-07-13T13:39:32.151482+00:00", "symbol": "ETH-USD"}, {"trade_id": 666237680, "side": "buy", "size": "0.04917588", "price": "2988.05000000", "time": "2025-07-13T13:39:09.669802Z", "fetched_at": "2025-07-13T13:39:32.151482+00:00", "symbol": "ETH-USD"}, {"trade_id": 666237679, "side": "buy", "size": "0.00947440", "price": "2988.05000000", "time": "2025-07-13T13:39:09.669802Z", "fetched_at": "2025-07-13T13:39:32.151482+00:00", "symbol": "ETH-USD"}, {"trade_id": 666237678, "side": "buy", "size": "0.00287488", "price": "2988.26000000", "time": "2025-07-13T13:39:08.806501Z", "fetched_at": "2025-07-13T13:39:32.151482+00:00", "symbol": "ETH-USD"}, {"trade_id": 666237677, "side": "buy", "size": "0.09873638", "price": "2988.26000000", "time": "2025-07-13T13:39:08.806501Z", "fetched_at": "2025-07-13T13:39:32.151482+00:00", "symbol": "ETH-USD"}, {"trade_id": 666237676, "side": "buy", "size": "0.00100000", "price": "2988.26000000", "time": "2025-07-13T13:39:08.806501Z", "fetched_at": "2025-07-13T13:39:32.151482+00:00", "symbol": "ETH-USD"}, {"trade_id": 666237675, "side": "sell", "size": "0.00316369", "price": "2988.27000000", "time": "2025-07-13T13:39:07.648034Z", "fetched_at": "2025-07-13T13:39:32.151482+00:00", "symbol": "ETH-USD"}, {"trade_id": 666237674, "side": "buy", "size": "0.06441444", "price": "2988.46000000", "time": "2025-07-13T13:39:07.569802Z", "fetched_at": "2025-07-13T13:39:32.151482+00:00", "symbol": "ETH-USD"}, {"trade_id": 666237673, "side": "buy", "size": "0.01609859", "price": "2988.46000000", "time": "2025-07-13T13:39:07.569802Z", "fetched_at": "2025-07-13T13:39:32.151482+00:00", "symbol": "ETH-USD"}, {"trade_id": 666237672, "side": "buy", "size": "0.01909003", "price": "2988.47000000", "time": "2025-07-13T13:39:07.569802Z", "fetched_at": "2025-07-13T13:39:32.151482+00:00", "symbol": "ETH-USD"}, {"trade_id": 666237671, "side": "buy", "size": "0.00292312", "price": "2988.47000000", "time": "2025-07-13T13:39:07.569802Z", "fetched_at": "2025-07-13T13:39:32.151482+00:00", "symbol": "ETH-USD"}, {"trade_id": 666237670, "side": "sell", "size": "0.00230851", "price": "2988.64000000", "time": "2025-07-13T13:39:07.006714Z", "fetched_at": "2025-07-13T13:39:32.151482+00:00", "symbol": "ETH-USD"}, {"trade_id": 666237669, "side": "sell", "size": "0.10869000", "price": "2988.47000000", "time": "2025-07-13T13:39:07.006714Z", "fetched_at": "2025-07-13T13:39:32.151482+00:00", "symbol": "ETH-USD"}, {"trade_id": 666237668, "side": "sell", "size": "0.10423000", "price": "2988.47000000", "time": "2025-07-13T13:39:07.006714Z", "fetched_at": "2025-07-13T13:39:32.151482+00:00", "symbol": "ETH-USD"}, {"trade_id": 666237667, "side": "buy", "size": "0.59560728", "price": "2988.64000000", "time": "2025-07-13T13:39:06.618730Z", "fetched_at": "2025-07-13T13:39:32.151482+00:00", "symbol": "ETH-USD"}, {"trade_id": 666237666, "side": "buy", "size": "0.00279972", "price": "2988.80000000", "time": "2025-07-13T13:39:06.608299Z", "fetched_at": "2025-07-13T13:39:32.151482+00:00", "symbol": "ETH-USD"}, {"trade_id": 666237665, "side": "buy", "size": "0.00279972", "price": "2988.80000000", "time": "2025-07-13T13:39:06.600730Z", "fetched_at": "2025-07-13T13:39:32.151482+00:00", "symbol": "ETH-USD"}, {"trade_id": 666237664, "side": "buy", "size": "0.60000000", "price": "2988.80000000", "time": "2025-07-13T13:39:06.600730Z", "fetched_at": "2025-07-13T13:39:32.151482+00:00", "symbol": "ETH-USD"}, {"trade_id": 666237663, "side": "buy", "size": "0.16530775", "price": "2988.91000000", "time": "2025-07-13T13:39:06.541706Z", "fetched_at": "2025-07-13T13:39:32.151482+00:00", "symbol": "ETH-USD"}, {"trade_id": 666237662, "side": "sell", "size": "0.35814931", "price": "2988.74000000", "time": "2025-07-13T13:39:05.964728Z", "fetched_at": "2025-07-13T13:39:32.151482+00:00", "symbol": "ETH-USD"}, {"trade_id": 666237661, "side": "sell", "size": "0.00054529", "price": "2988.68000000", "time": "2025-07-13T13:39:05.964728Z", "fetched_at": "2025-07-13T13:39:32.151482+00:00", "symbol": "ETH-USD"}, {"trade_id": 666237660, "side": "sell", "size": "1.32569827", "price": "2988.91000000", "time": "2025-07-13T13:39:05.948451Z", "fetched_at": "2025-07-13T13:39:32.151482+00:00", "symbol": "ETH-USD"}, {"trade_id": 666237659, "side": "sell", "size": "0.31425991", "price": "2988.89000000", "time": "2025-07-13T13:39:05.948451Z", "fetched_at": "2025-07-13T13:39:32.151482+00:00", "symbol": "ETH-USD"}, {"trade_id": 666237658, "side": "sell", "size": "1.02337913", "price": "2988.89000000", "time": "2025-07-13T13:39:05.948451Z", "fetched_at": "2025-07-13T13:39:32.151482+00:00", "symbol": "ETH-USD"}, {"trade_id": 666237657, "side": "sell", "size": "0.41768706", "price": "2988.88000000", "time": "2025-07-13T13:39:05.948451Z", "fetched_at": "2025-07-13T13:39:32.151482+00:00", "symbol": "ETH-USD"}, {"trade_id": 666237656, "side": "sell", "size": "0.95215027", "price": "2988.88000000", "time": "2025-07-13T13:39:05.947360Z", "fetched_at": "2025-07-13T13:39:32.151482+00:00", "symbol": "ETH-USD"}, {"trade_id": 666237655, "side": "sell", "size": "0.83643461", "price": "2988.88000000", "time": "2025-07-13T13:39:05.947360Z", "fetched_at": "2025-07-13T13:39:32.151482+00:00", "symbol": "ETH-USD"}, {"trade_id": 666237654, "side": "sell", "size": "0.52727124", "price": "2988.88000000", "time": "2025-07-13T13:39:05.947360Z", "fetched_at": "2025-07-13T13:39:32.151482+00:00", "symbol": "ETH-USD"}, {"trade_id": 666237653, "side": "sell", "size": "0.83644712", "price": "2988.84000000", "time": "2025-07-13T13:39:05.947360Z", "fetched_at": "2025-07-13T13:39:32.151482+00:00", "symbol": "ETH-USD"}, {"trade_id": 666237652, "side": "sell", "size": "0.38079464", "price": "2988.83000000", "time": "2025-07-13T13:39:05.947360Z", "fetched_at": "2025-07-13T13:39:32.151482+00:00", "symbol": "ETH-USD"}, {"trade_id": 666237651, "side": "sell", "size": "0.48525256", "price": "2988.82000000", "time": "2025-07-13T13:39:05.947360Z", "fetched_at": "2025-07-13T13:39:32.151482+00:00", "symbol": "ETH-USD"}, {"trade_id": 666237650, "side": "sell", "size": "0.31137697", "price": "2988.81000000", "time": "2025-07-13T13:39:05.947360Z", "fetched_at": "2025-07-13T13:39:32.151482+00:00", "symbol": "ETH-USD"}, {"trade_id": 666237649, "side": "sell", "size": "2.47903388", "price": "2988.81000000", "time": "2025-07-13T13:39:05.947360Z", "fetched_at": "2025-07-13T13:39:32.151482+00:00", "symbol": "ETH-USD"}, {"trade_id": 666237648, "side": "sell", "size": "0.04095927", "price": "2988.79000000", "time": "2025-07-13T13:39:05.947360Z", "fetched_at": "2025-07-13T13:39:32.151482+00:00", "symbol": "ETH-USD"}, {"trade_id": 666237647, "side": "sell", "size": "0.33830765", "price": "2988.72000000", "time": "2025-07-13T13:39:05.947122Z", "fetched_at": "2025-07-13T13:39:32.151482+00:00", "symbol": "ETH-USD"}, {"trade_id": 666237646, "side": "sell", "size": "0.15000000", "price": "2988.71000000", "time": "2025-07-13T13:39:05.947122Z", "fetched_at": "2025-07-13T13:39:32.151482+00:00", "symbol": "ETH-USD"}, {"trade_id": 666237645, "side": "sell", "size": "0.14069593", "price": "2988.70000000", "time": "2025-07-13T13:39:05.947122Z", "fetched_at": "2025-07-13T13:39:32.151482+00:00", "symbol": "ETH-USD"}, {"trade_id": 666237644, "side": "sell", "size": "0.00100000", "price": "2988.70000000", "time": "2025-07-13T13:39:05.947122Z", "fetched_at": "2025-07-13T13:39:32.151482+00:00", "symbol": "ETH-USD"}, {"trade_id": 666237643, "side": "sell", "size": "0.04887620", "price": "2988.69000000", "time": "2025-07-13T13:39:05.947033Z", "fetched_at": "2025-07-13T13:39:32.151482+00:00", "symbol": "ETH-USD"}, {"trade_id": 666237642, "side": "sell", "size": "0.00054529", "price": "2988.68000000", "time": "2025-07-13T13:39:05.947033Z", "fetched_at": "2025-07-13T13:39:32.151482+00:00", "symbol": "ETH-USD"}, {"trade_id": 666237641, "side": "sell", "size": "0.16730022", "price": "2988.64000000", "time": "2025-07-13T13:39:05.947033Z", "fetched_at": "2025-07-13T13:39:32.151482+00:00", "symbol": "ETH-USD"}, {"trade_id": 666237640, "side": "sell", "size": "0.09260345", "price": "2988.63000000", "time": "2025-07-13T13:39:05.947033Z", "fetched_at": "2025-07-13T13:39:32.151482+00:00", "symbol": "ETH-USD"}, {"trade_id": 666237639, "side": "sell", "size": "0.00026750", "price": "2988.48000000", "time": "2025-07-13T13:39:05.947033Z", "fetched_at": "2025-07-13T13:39:32.151482+00:00", "symbol": "ETH-USD"}, {"trade_id": 666237638, "side": "sell", "size": "0.00020668", "price": "2988.48000000", "time": "2025-07-13T13:39:05.947033Z", "fetched_at": "2025-07-13T13:39:32.151482+00:00", "symbol": "ETH-USD"}, {"trade_id": 666237637, "side": "sell", "size": "0.00033846", "price": "2988.48000000", "time": "2025-07-13T13:39:05.947033Z", "fetched_at": "2025-07-13T13:39:32.151482+00:00", "symbol": "ETH-USD"}, {"trade_id": 666237636, "side": "sell", "size": "0.00006535", "price": "2988.48000000", "time": "2025-07-13T13:39:05.947033Z", "fetched_at": "2025-07-13T13:39:32.151482+00:00", "symbol": "ETH-USD"}, {"trade_id": 666237635, "side": "sell", "size": "0.00100000", "price": "2988.48000000", "time": "2025-07-13T13:39:05.947033Z", "fetched_at": "2025-07-13T13:39:32.151482+00:00", "symbol": "ETH-USD"}, {"trade_id": 666237634, "side": "sell", "size": "0.56083805", "price": "2988.42000000", "time": "2025-07-13T13:39:05.151198Z", "fetched_at": "2025-07-13T13:39:32.151482+00:00", "symbol": "ETH-USD"}, {"trade_id": 666237633, "side": "sell", "size": "0.15000000", "price": "2988.42000000", "time": "2025-07-13T13:39:05.151198Z", "fetched_at": "2025-07-13T13:39:32.151482+00:00", "symbol": "ETH-USD"}, {"trade_id": 666237632, "side": "sell", "size": "0.16731249", "price": "2988.42000000", "time": "2025-07-13T13:39:05.151198Z", "fetched_at": "2025-07-13T13:39:32.151482+00:00", "symbol": "ETH-USD"}, {"trade_id": 666237631, "side": "sell", "size": "0.37205513", "price": "2988.42000000", "time": "2025-07-13T13:39:05.151198Z", "fetched_at": "2025-07-13T13:39:32.151482+00:00", "symbol": "ETH-USD"}, {"trade_id": 666237630, "side": "buy", "size": "0.00292515", "price": "2988.41000000", "time": "2025-07-13T13:39:05.136951Z", "fetched_at": "2025-07-13T13:39:32.151482+00:00", "symbol": "ETH-USD"}, {"trade_id": 666237629, "side": "buy", "size": "0.00292515", "price": "2988.41000000", "time": "2025-07-13T13:39:05.125097Z", "fetched_at": "2025-07-13T13:39:32.151482+00:00", "symbol": "ETH-USD"}, {"trade_id": 666237628, "side": "sell", "size": "0.45965100", "price": "2988.31000000", "time": "2025-07-13T13:39:04.485216Z", "fetched_at": "2025-07-13T13:39:32.151482+00:00", "symbol": "ETH-USD"}, {"trade_id": 666237627, "side": "sell", "size": "0.34606742", "price": "2988.26000000", "time": "2025-07-13T13:39:04.485216Z", "fetched_at": "2025-07-13T13:39:32.151482+00:00", "symbol": "ETH-USD"}, {"trade_id": 666237626, "side": "sell", "size": "0.00100000", "price": "2988.26000000", "time": "2025-07-13T13:39:04.485216Z", "fetched_at": "2025-07-13T13:39:32.151482+00:00", "symbol": "ETH-USD"}, {"trade_id": 666237625, "side": "sell", "size": "0.64458420", "price": "2988.25000000", "time": "2025-07-13T13:39:04.485216Z", "fetched_at": "2025-07-13T13:39:32.151482+00:00", "symbol": "ETH-USD"}, {"trade_id": 666237624, "side": "sell", "size": "0.46233780", "price": "2988.23000000", "time": "2025-07-13T13:39:04.485216Z", "fetched_at": "2025-07-13T13:39:32.151482+00:00", "symbol": "ETH-USD"}, {"trade_id": 666237623, "side": "sell", "size": "0.08891993", "price": "2988.22000000", "time": "2025-07-13T13:39:04.485216Z", "fetched_at": "2025-07-13T13:39:32.151482+00:00", "symbol": "ETH-USD"}, {"trade_id": 666237622, "side": "sell", "size": "0.00057956", "price": "2988.21000000", "time": "2025-07-13T13:39:04.485216Z", "fetched_at": "2025-07-13T13:39:32.151482+00:00", "symbol": "ETH-USD"}, {"trade_id": 666237621, "side": "sell", "size": "0.00050214", "price": "2988.15000000", "time": "2025-07-13T13:39:04.485216Z", "fetched_at": "2025-07-13T13:39:32.151482+00:00", "symbol": "ETH-USD"}, {"trade_id": 666237620, "side": "sell", "size": "0.00100000", "price": "2988.04000000", "time": "2025-07-13T13:39:04.485216Z", "fetched_at": "2025-07-13T13:39:32.151482+00:00", "symbol": "ETH-USD"}, {"trade_id": 666237619, "side": "sell", "size": "0.38464912", "price": "2988.03000000", "time": "2025-07-13T13:39:04.485216Z", "fetched_at": "2025-07-13T13:39:32.151482+00:00", "symbol": "ETH-USD"}, {"trade_id": 666237618, "side": "sell", "size": "0.00100000", "price": "2987.82000000", "time": "2025-07-13T13:39:04.485216Z", "fetched_at": "2025-07-13T13:39:32.151482+00:00", "symbol": "ETH-USD"}, {"trade_id": 666237617, "side": "sell", "size": "0.00005605", "price": "2987.76000000", "time": "2025-07-13T13:39:04.485216Z", "fetched_at": "2025-07-13T13:39:32.151482+00:00", "symbol": "ETH-USD"}, {"trade_id": 666237616, "side": "sell", "size": "0.00021253", "price": "2987.76000000", "time": "2025-07-13T13:39:04.485216Z", "fetched_at": "2025-07-13T13:39:32.151482+00:00", "symbol": "ETH-USD"}, {"trade_id": 666237615, "side": "sell", "size": "0.00028153", "price": "2987.73000000", "time": "2025-07-13T13:39:04.485216Z", "fetched_at": "2025-07-13T13:39:32.151482+00:00", "symbol": "ETH-USD"}, {"trade_id": 666237614, "side": "sell", "size": "0.00041338", "price": "2987.62000000", "time": "2025-07-13T13:39:04.485216Z", "fetched_at": "2025-07-13T13:39:32.151482+00:00", "symbol": "ETH-USD"}, {"trade_id": 666237613, "side": "buy", "size": "0.34693167", "price": "2987.61000000", "time": "2025-07-13T13:39:02.837358Z", "fetched_at": "2025-07-13T13:39:32.151482+00:00", "symbol": "ETH-USD"}, {"trade_id": 666237612, "side": "buy", "size": "0.00306833", "price": "2987.61000000", "time": "2025-07-13T13:39:02.837358Z", "fetched_at": "2025-07-13T13:39:32.151482+00:00", "symbol": "ETH-USD"}, {"trade_id": 666237611, "side": "buy", "size": "0.15000000", "price": "2987.61000000", "time": "2025-07-13T13:39:02.837358Z", "fetched_at": "2025-07-13T13:39:32.151482+00:00", "symbol": "ETH-USD"}, {"trade_id": 666237610, "side": "sell", "size": "0.09943287", "price": "2987.19000000", "time": "2025-07-13T13:39:01.662284Z", "fetched_at": "2025-07-13T13:39:32.151482+00:00", "symbol": "ETH-USD"}, {"trade_id": 666237609, "side": "buy", "size": "0.14135081", "price": "2987.39000000", "time": "2025-07-13T13:39:00.659389Z", "fetched_at": "2025-07-13T13:39:32.151482+00:00", "symbol": "ETH-USD"}, {"trade_id": 666237608, "side": "buy", "size": "0.35787761", "price": "2987.39000000", "time": "2025-07-13T13:39:00.659389Z", "fetched_at": "2025-07-13T13:39:32.151482+00:00", "symbol": "ETH-USD"}, {"trade_id": 666237607, "side": "buy", "size": "0.03902350", "price": "2987.43000000", "time": "2025-07-13T13:39:00.659389Z", "fetched_at": "2025-07-13T13:39:32.151482+00:00", "symbol": "ETH-USD"}, {"trade_id": 666237606, "side": "buy", "size": "0.06190605", "price": "2987.43000000", "time": "2025-07-13T13:39:00.659389Z", "fetched_at": "2025-07-13T13:39:32.151482+00:00", "symbol": "ETH-USD"}, {"trade_id": 666237605, "side": "sell", "size": "0.09512618", "price": "2987.80000000", "time": "2025-07-13T13:38:55.306458Z", "fetched_at": "2025-07-13T13:39:32.151482+00:00", "symbol": "ETH-USD"}, {"trade_id": 666237604, "side": "sell", "size": "0.15654720", "price": "2987.79000000", "time": "2025-07-13T13:38:55.306458Z", "fetched_at": "2025-07-13T13:39:32.151482+00:00", "symbol": "ETH-USD"}, {"trade_id": 666237603, "side": "sell", "size": "0.16735272", "price": "2987.71000000", "time": "2025-07-13T13:38:55.306458Z", "fetched_at": "2025-07-13T13:39:32.151482+00:00", "symbol": "ETH-USD"}, {"trade_id": 666237602, "side": "sell", "size": "0.00051996", "price": "2987.70000000", "time": "2025-07-13T13:38:55.306458Z", "fetched_at": "2025-07-13T13:39:32.151482+00:00", "symbol": "ETH-USD"}, {"trade_id": 666237601, "side": "sell", "size": "0.00100000", "price": "2987.60000000", "time": "2025-07-13T13:38:55.306458Z", "fetched_at": "2025-07-13T13:39:32.151482+00:00", "symbol": "ETH-USD"}, {"trade_id": 666237600, "side": "sell", "size": "0.00048003", "price": "2987.38000000", "time": "2025-07-13T13:38:55.306458Z", "fetched_at": "2025-07-13T13:39:32.151482+00:00", "symbol": "ETH-USD"}, {"trade_id": 666237599, "side": "sell", "size": "0.00062000", "price": "2987.38000000", "time": "2025-07-13T13:38:55.306458Z", "fetched_at": "2025-07-13T13:39:32.151482+00:00", "symbol": "ETH-USD"}, {"trade_id": 666237598, "side": "sell", "size": "0.00011179", "price": "2987.38000000", "time": "2025-07-13T13:38:55.306458Z", "fetched_at": "2025-07-13T13:39:32.151482+00:00", "symbol": "ETH-USD"}, {"trade_id": 666237597, "side": "sell", "size": "0.00100000", "price": "2987.38000000", "time": "2025-07-13T13:38:55.306458Z", "fetched_at": "2025-07-13T13:39:32.151482+00:00", "symbol": "ETH-USD"}, {"trade_id": 666237596, "side": "buy", "size": "0.00101440", "price": "2987.37000000", "time": "2025-07-13T13:38:55.301793Z", "fetched_at": "2025-07-13T13:39:32.151482+00:00", "symbol": "ETH-USD"}, {"trade_id": 666237595, "side": "sell", "size": "2.00000000", "price": "2987.28000000", "time": "2025-07-13T13:38:54.511324Z", "fetched_at": "2025-07-13T13:39:32.151482+00:00", "symbol": "ETH-USD"}, {"trade_id": 666237594, "side": "sell", "size": "0.00010336", "price": "2987.28000000", "time": "2025-07-13T13:38:54.511324Z", "fetched_at": "2025-07-13T13:39:32.151482+00:00", "symbol": "ETH-USD"}, {"trade_id": 666237593, "side": "sell", "size": "0.15114128", "price": "2987.28000000", "time": "2025-07-13T13:38:54.511324Z", "fetched_at": "2025-07-13T13:39:32.151482+00:00", "symbol": "ETH-USD"}, {"trade_id": 666237592, "side": "sell", "size": "0.00231443", "price": "2987.28000000", "time": "2025-07-13T13:38:54.464195Z", "fetched_at": "2025-07-13T13:39:32.151482+00:00", "symbol": "ETH-USD"}, {"trade_id": 666237591, "side": "sell", "size": "0.00100000", "price": "2987.16000000", "time": "2025-07-13T13:38:54.464195Z", "fetched_at": "2025-07-13T13:39:32.151482+00:00", "symbol": "ETH-USD"}, {"trade_id": 666237590, "side": "sell", "size": "0.00031004", "price": "2987.04000000", "time": "2025-07-13T13:38:53.765966Z", "fetched_at": "2025-07-13T13:39:32.151482+00:00", "symbol": "ETH-USD"}, {"trade_id": 666237589, "side": "sell", "size": "0.00005588", "price": "2987.04000000", "time": "2025-07-13T13:38:53.765966Z", "fetched_at": "2025-07-13T13:39:32.151482+00:00", "symbol": "ETH-USD"}, {"trade_id": 666237588, "side": "sell", "size": "0.00024001", "price": "2987.04000000", "time": "2025-07-13T13:38:53.765966Z", "fetched_at": "2025-07-13T13:39:32.151482+00:00", "symbol": "ETH-USD"}, {"trade_id": 666237587, "side": "buy", "size": "0.00082846", "price": "2986.81000000", "time": "2025-07-13T13:38:51.894064Z", "fetched_at": "2025-07-13T13:39:32.151482+00:00", "symbol": "ETH-USD"}, {"trade_id": 666237586, "side": "buy", "size": "0.00066287", "price": "2986.81000000", "time": "2025-07-13T13:38:51.890245Z", "fetched_at": "2025-07-13T13:39:32.151482+00:00", "symbol": "ETH-USD"}, {"trade_id": 666237585, "side": "sell", "size": "0.00249488", "price": "2986.97000000", "time": "2025-07-13T13:38:48.393267Z", "fetched_at": "2025-07-13T13:39:32.151482+00:00", "symbol": "ETH-USD"}, {"trade_id": 666237584, "side": "sell", "size": "0.00073813", "price": "2986.96000000", "time": "2025-07-13T13:38:48.393267Z", "fetched_at": "2025-07-13T13:39:32.151482+00:00", "symbol": "ETH-USD"}, {"trade_id": 666237583, "side": "sell", "size": "0.20831365", "price": "2987.03000000", "time": "2025-07-13T13:38:46.604741Z", "fetched_at": "2025-07-13T13:39:32.151482+00:00", "symbol": "ETH-USD"}, {"trade_id": 666237582, "side": "sell", "size": "0.03268199", "price": "2987.02000000", "time": "2025-07-13T13:38:46.604741Z", "fetched_at": "2025-07-13T13:39:32.151482+00:00", "symbol": "ETH-USD"}, {"trade_id": 666237581, "side": "sell", "size": "0.14916104", "price": "2986.93000000", "time": "2025-07-13T13:38:46.604741Z", "fetched_at": "2025-07-13T13:39:32.151482+00:00", "symbol": "ETH-USD"}, {"trade_id": 666237580, "side": "sell", "size": "0.01330378", "price": "2986.93000000", "time": "2025-07-13T13:38:46.604741Z", "fetched_at": "2025-07-13T13:39:32.151482+00:00", "symbol": "ETH-USD"}, {"trade_id": 666237579, "side": "sell", "size": "0.00092622", "price": "2986.93000000", "time": "2025-07-13T13:38:46.580230Z", "fetched_at": "2025-07-13T13:39:32.151482+00:00", "symbol": "ETH-USD"}, {"trade_id": 666237578, "side": "sell", "size": "0.09000000", "price": "2986.93000000", "time": "2025-07-13T13:38:45.933782Z", "fetched_at": "2025-07-13T13:39:32.151482+00:00", "symbol": "ETH-USD"}, {"trade_id": 666237577, "side": "sell", "size": "0.00323120", "price": "2986.87000000", "time": "2025-07-13T13:38:44.757038Z", "fetched_at": "2025-07-13T13:39:32.151482+00:00", "symbol": "ETH-USD"}, {"trade_id": 666237576, "side": "buy", "size": "0.00306892", "price": "2987.03000000", "time": "2025-07-13T13:38:44.369313Z", "fetched_at": "2025-07-13T13:39:32.151482+00:00", "symbol": "ETH-USD"}, {"trade_id": 666237575, "side": "sell", "size": "0.00083896", "price": "2987.04000000", "time": "2025-07-13T13:38:44.272570Z", "fetched_at": "2025-07-13T13:39:32.151482+00:00", "symbol": "ETH-USD"}, {"trade_id": 666237574, "side": "sell", "size": "0.03088585", "price": "2987.04000000", "time": "2025-07-13T13:38:44.272570Z", "fetched_at": "2025-07-13T13:39:32.151482+00:00", "symbol": "ETH-USD"}, {"trade_id": 666237573, "side": "sell", "size": "0.00032465", "price": "2987.04000000", "time": "2025-07-13T13:38:44.272570Z", "fetched_at": "2025-07-13T13:39:32.151482+00:00", "symbol": "ETH-USD"}, {"trade_id": 666237572, "side": "sell", "size": "0.00041225", "price": "2987.04000000", "time": "2025-07-13T13:38:44.272570Z", "fetched_at": "2025-07-13T13:39:32.151482+00:00", "symbol": "ETH-USD"}, {"trade_id": 666237571, "side": "sell", "size": "0.00006902", "price": "2987.04000000", "time": "2025-07-13T13:38:44.272570Z", "fetched_at": "2025-07-13T13:39:32.151482+00:00", "symbol": "ETH-USD"}, {"trade_id": 666237570, "side": "sell", "size": "0.00366675", "price": "2986.85000000", "time": "2025-07-13T13:38:41.592083Z", "fetched_at": "2025-07-13T13:39:32.151482+00:00", "symbol": "ETH-USD"}, {"trade_id": 666237569, "side": "sell", "size": "0.03018552", "price": "2987.00000000", "time": "2025-07-13T13:38:39.025225Z", "fetched_at": "2025-07-13T13:39:32.151482+00:00", "symbol": "ETH-USD"}, {"trade_id": 666237568, "side": "buy", "size": "0.02382551", "price": "2986.66000000", "time": "2025-07-13T13:38:38.823042Z", "fetched_at": "2025-07-13T13:39:32.151482+00:00", "symbol": "ETH-USD"}, {"trade_id": 666237567, "side": "buy", "size": "0.00100000", "price": "2986.72000000", "time": "2025-07-13T13:38:38.823042Z", "fetched_at": "2025-07-13T13:39:32.151482+00:00", "symbol": "ETH-USD"}, {"trade_id": 666237566, "side": "buy", "size": "0.02845061", "price": "2986.93000000", "time": "2025-07-13T13:38:38.823042Z", "fetched_at": "2025-07-13T13:39:32.151482+00:00", "symbol": "ETH-USD"}, {"trade_id": 666237565, "side": "buy", "size": "0.01073677", "price": "2986.93000000", "time": "2025-07-13T13:38:38.823042Z", "fetched_at": "2025-07-13T13:39:32.151482+00:00", "symbol": "ETH-USD"}, {"trade_id": 666237564, "side": "buy", "size": "0.00306901", "price": "2986.95000000", "time": "2025-07-13T13:38:38.823042Z", "fetched_at": "2025-07-13T13:39:32.151482+00:00", "symbol": "ETH-USD"}, {"trade_id": 666237563, "side": "sell", "size": "0.00952538", "price": "2986.99000000", "time": "2025-07-13T13:38:37.470455Z", "fetched_at": "2025-07-13T13:39:32.151482+00:00", "symbol": "ETH-USD"}, {"trade_id": 666237562, "side": "sell", "size": "0.06644840", "price": "2987.03000000", "time": "2025-07-13T13:38:36.950619Z", "fetched_at": "2025-07-13T13:39:32.151482+00:00", "symbol": "ETH-USD"}, {"trade_id": 666237561, "side": "buy", "size": "0.00306892", "price": "2987.03000000", "time": "2025-07-13T13:38:35.474592Z", "fetched_at": "2025-07-13T13:39:32.151482+00:00", "symbol": "ETH-USD"}, {"trade_id": 666237560, "side": "buy", "size": "0.00306868", "price": "2987.27000000", "time": "2025-07-13T13:38:35.279036Z", "fetched_at": "2025-07-13T13:39:32.151482+00:00", "symbol": "ETH-USD"}, {"trade_id": 666237559, "side": "buy", "size": "0.00048541", "price": "2987.12000000", "time": "2025-07-13T13:38:34.212456Z", "fetched_at": "2025-07-13T13:39:32.151482+00:00", "symbol": "ETH-USD"}, {"trade_id": 666237558, "side": "buy", "size": "0.04400637", "price": "2987.27000000", "time": "2025-07-13T13:38:32.547245Z", "fetched_at": "2025-07-13T13:39:32.151482+00:00", "symbol": "ETH-USD"}, {"trade_id": 666237557, "side": "buy", "size": "0.00018076", "price": "2987.27000000", "time": "2025-07-13T13:38:32.547245Z", "fetched_at": "2025-07-13T13:39:32.151482+00:00", "symbol": "ETH-USD"}, {"trade_id": 666237556, "side": "sell", "size": "0.00550000", "price": "2987.28000000", "time": "2025-07-13T13:38:31.793602Z", "fetched_at": "2025-07-13T13:39:32.151482+00:00", "symbol": "ETH-USD"}, {"trade_id": 666237555, "side": "sell", "size": "0.00331552", "price": "2987.28000000", "time": "2025-07-13T13:38:31.168591Z", "fetched_at": "2025-07-13T13:39:32.151482+00:00", "symbol": "ETH-USD"}, {"trade_id": 666237554, "side": "sell", "size": "0.03315683", "price": "2987.28000000", "time": "2025-07-13T13:38:31.147606Z", "fetched_at": "2025-07-13T13:39:32.151482+00:00", "symbol": "ETH-USD"}, {"trade_id": 666237553, "side": "sell", "size": "0.00457102", "price": "2987.28000000", "time": "2025-07-13T13:38:29.658942Z", "fetched_at": "2025-07-13T13:39:32.151482+00:00", "symbol": "ETH-USD"}, {"trade_id": 666237552, "side": "sell", "size": "0.00033863", "price": "2986.94000000", "time": "2025-07-13T13:38:29.206245Z", "fetched_at": "2025-07-13T13:39:32.151482+00:00", "symbol": "ETH-USD"}, {"trade_id": 666237551, "side": "sell", "size": "0.00006105", "price": "2986.94000000", "time": "2025-07-13T13:38:29.206245Z", "fetched_at": "2025-07-13T13:39:32.151482+00:00", "symbol": "ETH-USD"}, {"trade_id": 666237550, "side": "sell", "size": "0.00039496", "price": "2986.94000000", "time": "2025-07-13T13:38:29.157358Z", "fetched_at": "2025-07-13T13:39:32.151482+00:00", "symbol": "ETH-USD"}, {"trade_id": 666237549, "side": "sell", "size": "0.00015066", "price": "2986.94000000", "time": "2025-07-13T13:38:29.157358Z", "fetched_at": "2025-07-13T13:39:32.151482+00:00", "symbol": "ETH-USD"}, {"trade_id": 666237548, "side": "buy", "size": "0.53726191", "price": "2986.65000000", "time": "2025-07-13T13:38:28.270449Z", "fetched_at": "2025-07-13T13:39:32.151482+00:00", "symbol": "ETH-USD"}, {"trade_id": 666237547, "side": "buy", "size": "0.30000000", "price": "2986.66000000", "time": "2025-07-13T13:38:28.270449Z", "fetched_at": "2025-07-13T13:39:32.151482+00:00", "symbol": "ETH-USD"}, {"trade_id": 666237546, "side": "buy", "size": "0.01610489", "price": "2986.67000000", "time": "2025-07-13T13:38:28.270449Z", "fetched_at": "2025-07-13T13:39:32.151482+00:00", "symbol": "ETH-USD"}, {"trade_id": 666237545, "side": "buy", "size": "0.04295084", "price": "2986.67000000", "time": "2025-07-13T13:38:28.270449Z", "fetched_at": "2025-07-13T13:39:32.151482+00:00", "symbol": "ETH-USD"}, {"trade_id": 666237544, "side": "buy", "size": "0.10536557", "price": "2986.68000000", "time": "2025-07-13T13:38:28.270449Z", "fetched_at": "2025-07-13T13:39:32.151482+00:00", "symbol": "ETH-USD"}, {"trade_id": 666237543, "side": "buy", "size": "0.00306927", "price": "2986.69000000", "time": "2025-07-13T13:38:28.270449Z", "fetched_at": "2025-07-13T13:39:32.151482+00:00", "symbol": "ETH-USD"}, {"trade_id": 666237542, "side": "sell", "size": "0.29381964", "price": "2987.18000000", "time": "2025-07-13T13:38:26.931368Z", "fetched_at": "2025-07-13T13:39:32.151482+00:00", "symbol": "ETH-USD"}, {"trade_id": 666237541, "side": "sell", "size": "0.23641294", "price": "2987.17000000", "time": "2025-07-13T13:38:26.931368Z", "fetched_at": "2025-07-13T13:39:32.151482+00:00", "symbol": "ETH-USD"}, {"trade_id": 666237540, "side": "sell", "size": "0.00100000", "price": "2987.16000000", "time": "2025-07-13T13:38:26.931368Z", "fetched_at": "2025-07-13T13:39:32.151482+00:00", "symbol": "ETH-USD"}, {"trade_id": 666237539, "side": "sell", "size": "0.07440253", "price": "2987.03000000", "time": "2025-07-13T13:38:26.931368Z", "fetched_at": "2025-07-13T13:39:32.151482+00:00", "symbol": "ETH-USD"}, {"trade_id": 666237538, "side": "sell", "size": "0.04446332", "price": "2986.99000000", "time": "2025-07-13T13:38:26.931368Z", "fetched_at": "2025-07-13T13:39:32.151482+00:00", "symbol": "ETH-USD"}, {"trade_id": 666237537, "side": "sell", "size": "0.00073138", "price": "2986.98000000", "time": "2025-07-13T13:38:26.931368Z", "fetched_at": "2025-07-13T13:39:32.151482+00:00", "symbol": "ETH-USD"}, {"trade_id": 666237536, "side": "sell", "size": "0.00861528", "price": "2986.99000000", "time": "2025-07-13T13:38:25.469197Z", "fetched_at": "2025-07-13T13:39:32.151482+00:00", "symbol": "ETH-USD"}, {"trade_id": 666237535, "side": "sell", "size": "0.00037219", "price": "2986.98000000", "time": "2025-07-13T13:38:25.469197Z", "fetched_at": "2025-07-13T13:39:32.151482+00:00", "symbol": "ETH-USD"}, {"trade_id": 666237534, "side": "sell", "size": "0.00100000", "price": "2986.94000000", "time": "2025-07-13T13:38:25.469197Z", "fetched_at": "2025-07-13T13:39:32.151482+00:00", "symbol": "ETH-USD"}, {"trade_id": 666237533, "side": "sell", "size": "0.00100000", "price": "2986.72000000", "time": "2025-07-13T13:38:25.469197Z", "fetched_at": "2025-07-13T13:39:32.151482+00:00", "symbol": "ETH-USD"}, {"trade_id": 666237532, "side": "sell", "size": "0.00105853", "price": "2986.50000000", "time": "2025-07-13T13:38:25.469197Z", "fetched_at": "2025-07-13T13:39:32.151482+00:00", "symbol": "ETH-USD"}, {"trade_id": 666237531, "side": "sell", "size": "0.00003759", "price": "2986.50000000", "time": "2025-07-13T13:38:25.469197Z", "fetched_at": "2025-07-13T13:39:32.151482+00:00", "symbol": "ETH-USD"}, {"trade_id": 666237530, "side": "sell", "size": "0.00017914", "price": "2986.50000000", "time": "2025-07-13T13:38:25.469197Z", "fetched_at": "2025-07-13T13:39:32.151482+00:00", "symbol": "ETH-USD"}, {"trade_id": 666237529, "side": "sell", "size": "0.00100000", "price": "2986.50000000", "time": "2025-07-13T13:38:25.469197Z", "fetched_at": "2025-07-13T13:39:32.151482+00:00", "symbol": "ETH-USD"}, {"trade_id": 666237528, "side": "sell", "size": "0.00100000", "price": "2986.28000000", "time": "2025-07-13T13:38:23.683219Z", "fetched_at": "2025-07-13T13:39:32.151482+00:00", "symbol": "ETH-USD"}, {"trade_id": 666237527, "side": "sell", "size": "0.16743000", "price": "2986.27000000", "time": "2025-07-13T13:38:23.666757Z", "fetched_at": "2025-07-13T13:39:32.151482+00:00", "symbol": "ETH-USD"}, {"trade_id": 666237526, "side": "sell", "size": "0.30000000", "price": "2986.15000000", "time": "2025-07-13T13:38:23.657709Z", "fetched_at": "2025-07-13T13:39:32.151482+00:00", "symbol": "ETH-USD"}, {"trade_id": 666237525, "side": "sell", "size": "0.03225842", "price": "2986.18000000", "time": "2025-07-13T13:38:23.654213Z", "fetched_at": "2025-07-13T13:39:32.151482+00:00", "symbol": "ETH-USD"}, {"trade_id": 666237524, "side": "sell", "size": "0.30000000", "price": "2986.15000000", "time": "2025-07-13T13:38:23.654213Z", "fetched_at": "2025-07-13T13:39:32.151482+00:00", "symbol": "ETH-USD"}, {"trade_id": 666237523, "side": "sell", "size": "0.00030999", "price": "2986.15000000", "time": "2025-07-13T13:38:23.654213Z", "fetched_at": "2025-07-13T13:39:32.151482+00:00", "symbol": "ETH-USD"}, {"trade_id": 666237522, "side": "sell", "size": "0.00005589", "price": "2986.15000000", "time": "2025-07-13T13:38:23.654213Z", "fetched_at": "2025-07-13T13:39:32.151482+00:00", "symbol": "ETH-USD"}, {"trade_id": 666237521, "side": "sell", "size": "0.19600540", "price": "2986.15000000", "time": "2025-07-13T13:38:23.654213Z", "fetched_at": "2025-07-13T13:39:32.151482+00:00", "symbol": "ETH-USD"}, {"trade_id": 666237520, "side": "buy", "size": "0.00266060", "price": "2985.86000000", "time": "2025-07-13T13:38:23.033044Z", "fetched_at": "2025-07-13T13:39:32.151482+00:00", "symbol": "ETH-USD"}, {"trade_id": 666237519, "side": "buy", "size": "0.00306984", "price": "2986.14000000", "time": "2025-07-13T13:38:23.033044Z", "fetched_at": "2025-07-13T13:39:32.151482+00:00", "symbol": "ETH-USD"}, {"trade_id": 666237518, "side": "sell", "size": "0.00158725", "price": "2986.15000000", "time": "2025-07-13T13:38:22.916702Z", "fetched_at": "2025-07-13T13:39:32.151482+00:00", "symbol": "ETH-USD"}, {"trade_id": 666237517, "side": "buy", "size": "0.09149878", "price": "2985.91000000", "time": "2025-07-13T13:38:22.806552Z", "fetched_at": "2025-07-13T13:39:32.151482+00:00", "symbol": "ETH-USD"}, {"trade_id": 666237516, "side": "buy", "size": "0.36540000", "price": "2985.93000000", "time": "2025-07-13T13:38:22.806552Z", "fetched_at": "2025-07-13T13:39:32.151482+00:00", "symbol": "ETH-USD"}, {"trade_id": 666237515, "side": "buy", "size": "0.15000000", "price": "2985.94000000", "time": "2025-07-13T13:38:22.806552Z", "fetched_at": "2025-07-13T13:39:32.151482+00:00", "symbol": "ETH-USD"}, {"trade_id": 666237514, "side": "buy", "size": "0.00306984", "price": "2986.14000000", "time": "2025-07-13T13:38:22.806552Z", "fetched_at": "2025-07-13T13:39:32.151482+00:00", "symbol": "ETH-USD"}, {"trade_id": 666237513, "side": "buy", "size": "0.39003138", "price": "2986.14000000", "time": "2025-07-13T13:38:22.806552Z", "fetched_at": "2025-07-13T13:39:32.151482+00:00", "symbol": "ETH-USD"}, {"trade_id": 666237512, "side": "sell", "size": "0.00217642", "price": "2986.15000000", "time": "2025-07-13T13:38:21.466183Z", "fetched_at": "2025-07-13T13:39:32.151482+00:00", "symbol": "ETH-USD"}, {"trade_id": 666237511, "side": "sell", "size": "0.00100000", "price": "2986.06000000", "time": "2025-07-13T13:38:21.466183Z", "fetched_at": "2025-07-13T13:39:32.151482+00:00", "symbol": "ETH-USD"}, {"trade_id": 666237510, "side": "sell", "size": "0.00024047", "price": "2985.96000000", "time": "2025-07-13T13:38:21.005970Z", "fetched_at": "2025-07-13T13:39:32.151482+00:00", "symbol": "ETH-USD"}, {"trade_id": 666237509, "side": "sell", "size": "0.00005603", "price": "2985.96000000", "time": "2025-07-13T13:38:21.005970Z", "fetched_at": "2025-07-13T13:39:32.151482+00:00", "symbol": "ETH-USD"}, {"trade_id": 666237508, "side": "sell", "size": "0.19995821", "price": "2985.96000000", "time": "2025-07-13T13:38:21.005970Z", "fetched_at": "2025-07-13T13:39:32.151482+00:00", "symbol": "ETH-USD"}, {"trade_id": 666237507, "side": "buy", "size": "0.24467686", "price": "2985.72000000", "time": "2025-07-13T13:38:20.977172Z", "fetched_at": "2025-07-13T13:39:32.151482+00:00", "symbol": "ETH-USD"}, {"trade_id": 666237506, "side": "buy", "size": "0.08156380", "price": "2985.81000000", "time": "2025-07-13T13:38:20.977172Z", "fetched_at": "2025-07-13T13:39:32.151482+00:00", "symbol": "ETH-USD"}, {"trade_id": 666237505, "side": "buy", "size": "0.12859041", "price": "2985.82000000", "time": "2025-07-13T13:38:20.977172Z", "fetched_at": "2025-07-13T13:39:32.151482+00:00", "symbol": "ETH-USD"}, {"trade_id": 666237504, "side": "buy", "size": "0.03437705", "price": "2985.84000000", "time": "2025-07-13T13:38:20.977172Z", "fetched_at": "2025-07-13T13:39:32.151482+00:00", "symbol": "ETH-USD"}, {"trade_id": 666237503, "side": "buy", "size": "0.10547849", "price": "2985.89000000", "time": "2025-07-13T13:38:20.977172Z", "fetched_at": "2025-07-13T13:39:32.151482+00:00", "symbol": "ETH-USD"}, {"trade_id": 666237502, "side": "buy", "size": "0.07722783", "price": "2985.91000000", "time": "2025-07-13T13:38:20.977172Z", "fetched_at": "2025-07-13T13:39:32.151482+00:00", "symbol": "ETH-USD"}, {"trade_id": 666237501, "side": "buy", "size": "0.00109357", "price": "2985.95000000", "time": "2025-07-13T13:38:20.977172Z", "fetched_at": "2025-07-13T13:39:32.151482+00:00", "symbol": "ETH-USD"}, {"trade_id": 666237500, "side": "buy", "size": "0.45900000", "price": "2985.95000000", "time": "2025-07-13T13:38:20.977172Z", "fetched_at": "2025-07-13T13:39:32.151482+00:00", "symbol": "ETH-USD"}, {"trade_id": 666237499, "side": "buy", "size": "0.08795296", "price": "2985.95000000", "time": "2025-07-13T13:38:20.977172Z", "fetched_at": "2025-07-13T13:39:32.151482+00:00", "symbol": "ETH-USD"}, {"trade_id": 666237498, "side": "buy", "size": "0.15000000", "price": "2985.95000000", "time": "2025-07-13T13:38:20.977172Z", "fetched_at": "2025-07-13T13:39:32.151482+00:00", "symbol": "ETH-USD"}, {"trade_id": 666237497, "side": "buy", "size": "0.00307003", "price": "2985.95000000", "time": "2025-07-13T13:38:20.977172Z", "fetched_at": "2025-07-13T13:39:32.151482+00:00", "symbol": "ETH-USD"}, {"trade_id": 666237496, "side": "sell", "size": "0.00100000", "price": "2985.84000000", "time": "2025-07-13T13:38:20.883395Z", "fetched_at": "2025-07-13T13:39:32.151482+00:00", "symbol": "ETH-USD"}, {"trade_id": 666237495, "side": "sell", "size": "0.00018692", "price": "2985.81000000", "time": "2025-07-13T13:38:20.883395Z", "fetched_at": "2025-07-13T13:39:32.151482+00:00", "symbol": "ETH-USD"}, {"trade_id": 666237494, "side": "sell", "size": "0.00106623", "price": "2985.81000000", "time": "2025-07-13T13:38:20.883395Z", "fetched_at": "2025-07-13T13:39:32.151482+00:00", "symbol": "ETH-USD"}, {"trade_id": 666237493, "side": "sell", "size": "0.00083097", "price": "2985.81000000", "time": "2025-07-13T13:38:20.883395Z", "fetched_at": "2025-07-13T13:39:32.151482+00:00", "symbol": "ETH-USD"}, {"trade_id": 666237492, "side": "sell", "size": "0.00041339", "price": "2985.81000000", "time": "2025-07-13T13:38:20.883395Z", "fetched_at": "2025-07-13T13:39:32.151482+00:00", "symbol": "ETH-USD"}, {"trade_id": 666237491, "side": "sell", "size": "3.46357439", "price": "2985.81000000", "time": "2025-07-13T13:38:20.883395Z", "fetched_at": "2025-07-13T13:39:32.151482+00:00", "symbol": "ETH-USD"}, {"trade_id": 666237490, "side": "buy", "size": "0.00435393", "price": "2985.80000000", "time": "2025-07-13T13:38:19.733518Z", "fetched_at": "2025-07-13T13:39:32.151482+00:00", "symbol": "ETH-USD"}, {"trade_id": 666237489, "side": "sell", "size": "0.14661984", "price": "2985.81000000", "time": "2025-07-13T13:38:19.153111Z", "fetched_at": "2025-07-13T13:39:32.151482+00:00", "symbol": "ETH-USD"}, {"trade_id": 666237488, "side": "sell", "size": "0.00039041", "price": "2985.81000000", "time": "2025-07-13T13:38:19.153111Z", "fetched_at": "2025-07-13T13:39:32.151482+00:00", "symbol": "ETH-USD"}, {"trade_id": 666237487, "side": "sell", "size": "0.00012200", "price": "2985.81000000", "time": "2025-07-13T13:38:19.153111Z", "fetched_at": "2025-07-13T13:39:32.151482+00:00", "symbol": "ETH-USD"}, {"trade_id": 666237486, "side": "sell", "size": "0.00030225", "price": "2985.81000000", "time": "2025-07-13T13:38:19.153111Z", "fetched_at": "2025-07-13T13:39:32.151482+00:00", "symbol": "ETH-USD"}, {"trade_id": 666237485, "side": "sell", "size": "0.00007036", "price": "2985.81000000", "time": "2025-07-13T13:38:19.153111Z", "fetched_at": "2025-07-13T13:39:32.151482+00:00", "symbol": "ETH-USD"}, {"trade_id": 666237484, "side": "sell", "size": "0.16771440", "price": "2985.81000000", "time": "2025-07-13T13:38:19.153111Z", "fetched_at": "2025-07-13T13:39:32.151482+00:00", "symbol": "ETH-USD"}, {"trade_id": 666237483, "side": "sell", "size": "0.01478074", "price": "2985.81000000", "time": "2025-07-13T13:38:19.153111Z", "fetched_at": "2025-07-13T13:39:32.151482+00:00", "symbol": "ETH-USD"}, {"trade_id": 666237482, "side": "buy", "size": "0.06458375", "price": "2985.80000000", "time": "2025-07-13T13:38:17.583783Z", "fetched_at": "2025-07-13T13:39:32.151482+00:00", "symbol": "ETH-USD"}, {"trade_id": 666237481, "side": "buy", "size": "0.00307019", "price": "2985.80000000", "time": "2025-07-13T13:38:17.583783Z", "fetched_at": "2025-07-13T13:39:32.151482+00:00", "symbol": "ETH-USD"}, {"trade_id": 666237480, "side": "buy", "size": "0.00000670", "price": "2985.80000000", "time": "2025-07-13T13:38:13.979144Z", "fetched_at": "2025-07-13T13:39:32.151482+00:00", "symbol": "ETH-USD"}, {"trade_id": 666237479, "side": "sell", "size": "0.00300000", "price": "2985.43000000", "time": "2025-07-13T13:38:11.176226Z", "fetched_at": "2025-07-13T13:39:32.151482+00:00", "symbol": "ETH-USD"}, {"trade_id": 666237478, "side": "sell", "size": "0.07304485", "price": "2985.51000000", "time": "2025-07-13T13:38:08.140077Z", "fetched_at": "2025-07-13T13:39:32.151482+00:00", "symbol": "ETH-USD"}, {"trade_id": 666237477, "side": "sell", "size": "0.02695227", "price": "2985.42000000", "time": "2025-07-13T13:38:08.140077Z", "fetched_at": "2025-07-13T13:39:32.151482+00:00", "symbol": "ETH-USD"}, {"trade_id": 666237476, "side": "sell", "size": "0.00279532", "price": "2985.42000000", "time": "2025-07-13T13:38:07.133783Z", "fetched_at": "2025-07-13T13:39:32.151482+00:00", "symbol": "ETH-USD"}, {"trade_id": 666237475, "side": "buy", "size": "0.00307030", "price": "2985.69000000", "time": "2025-07-13T13:38:05.873030Z", "fetched_at": "2025-07-13T13:39:32.151482+00:00", "symbol": "ETH-USD"}, {"trade_id": 666237474, "side": "buy", "size": "0.60000000", "price": "2985.71000000", "time": "2025-07-13T13:38:03.772259Z", "fetched_at": "2025-07-13T13:39:32.151482+00:00", "symbol": "ETH-USD"}, {"trade_id": 666237473, "side": "buy", "size": "0.00307019", "price": "2985.80000000", "time": "2025-07-13T13:38:03.772259Z", "fetched_at": "2025-07-13T13:39:32.151482+00:00", "symbol": "ETH-USD"}, {"trade_id": 666237472, "side": "sell", "size": "0.00165796", "price": "2985.81000000", "time": "2025-07-13T13:38:01.908356Z", "fetched_at": "2025-07-13T13:39:32.151482+00:00", "symbol": "ETH-USD"}, {"trade_id": 666237471, "side": "sell", "size": "0.00045885", "price": "2985.81000000", "time": "2025-07-13T13:38:00.012736Z", "fetched_at": "2025-07-13T13:39:32.151482+00:00", "symbol": "ETH-USD"}, {"trade_id": 666237470, "side": "sell", "size": "0.00006866", "price": "2985.73000000", "time": "2025-07-13T13:38:00.012736Z", "fetched_at": "2025-07-13T13:39:32.151482+00:00", "symbol": "ETH-USD"}, {"trade_id": 666237469, "side": "sell", "size": "0.00038071", "price": "2985.73000000", "time": "2025-07-13T13:38:00.012736Z", "fetched_at": "2025-07-13T13:39:32.151482+00:00", "symbol": "ETH-USD"}, {"trade_id": 666237468, "side": "sell", "size": "0.00029473", "price": "2985.73000000", "time": "2025-07-13T13:38:00.012736Z", "fetched_at": "2025-07-13T13:39:32.151482+00:00", "symbol": "ETH-USD"}, {"trade_id": 666237467, "side": "sell", "size": "0.00012690", "price": "2985.73000000", "time": "2025-07-13T13:38:00.012736Z", "fetched_at": "2025-07-13T13:39:32.151482+00:00", "symbol": "ETH-USD"}, {"trade_id": 666237466, "side": "sell", "size": "1.16869165", "price": "2985.62000000", "time": "2025-07-13T13:37:58.195362Z", "fetched_at": "2025-07-13T13:39:32.151482+00:00", "symbol": "ETH-USD"}, {"trade_id": 666237465, "side": "sell", "size": "0.00100000", "price": "2985.62000000", "time": "2025-07-13T13:37:58.195362Z", "fetched_at": "2025-07-13T13:39:32.151482+00:00", "symbol": "ETH-USD"}, {"trade_id": 666237464, "side": "sell", "size": "0.16747167", "price": "2985.58000000", "time": "2025-07-13T13:37:58.195362Z", "fetched_at": "2025-07-13T13:39:32.151482+00:00", "symbol": "ETH-USD"}, {"trade_id": 666237463, "side": "sell", "size": "0.83737789", "price": "2985.51000000", "time": "2025-07-13T13:37:58.194716Z", "fetched_at": "2025-07-13T13:39:32.151482+00:00", "symbol": "ETH-USD"}, {"trade_id": 666237462, "side": "sell", "size": "0.28633669", "price": "2985.50000000", "time": "2025-07-13T13:37:58.194716Z", "fetched_at": "2025-07-13T13:39:32.151482+00:00", "symbol": "ETH-USD"}, {"trade_id": 666237461, "side": "sell", "size": "0.14543895", "price": "2985.49000000", "time": "2025-07-13T13:37:58.194716Z", "fetched_at": "2025-07-13T13:39:32.151482+00:00", "symbol": "ETH-USD"}, {"trade_id": 666237460, "side": "buy", "size": "0.00307041", "price": "2985.58000000", "time": "2025-07-13T13:37:55.856045Z", "fetched_at": "2025-07-13T13:39:32.151482+00:00", "symbol": "ETH-USD"}, {"trade_id": 666237459, "side": "buy", "size": "0.08537034", "price": "2985.58000000", "time": "2025-07-13T13:37:55.856045Z", "fetched_at": "2025-07-13T13:39:32.151482+00:00", "symbol": "ETH-USD"}, {"trade_id": 666237458, "side": "buy", "size": "0.03439867", "price": "2985.58000000", "time": "2025-07-13T13:37:55.856045Z", "fetched_at": "2025-07-13T13:39:32.151482+00:00", "symbol": "ETH-USD"}, {"trade_id": 666237457, "side": "buy", "size": "0.00000334", "price": "2985.58000000", "time": "2025-07-13T13:37:55.856045Z", "fetched_at": "2025-07-13T13:39:32.151482+00:00", "symbol": "ETH-USD"}, {"trade_id": 666237456, "side": "buy", "size": "0.00002009", "price": "2985.58000000", "time": "2025-07-13T13:37:55.856045Z", "fetched_at": "2025-07-13T13:39:32.151482+00:00", "symbol": "ETH-USD"}, {"trade_id": 666237455, "side": "buy", "size": "0.13702253", "price": "2985.12000000", "time": "2025-07-13T13:37:54.668668Z", "fetched_at": "2025-07-13T13:39:32.151482+00:00", "symbol": "ETH-USD"}, {"trade_id": 666237454, "side": "buy", "size": "0.02832381", "price": "2985.13000000", "time": "2025-07-13T13:37:54.668668Z", "fetched_at": "2025-07-13T13:39:32.151482+00:00", "symbol": "ETH-USD"}, {"trade_id": 666237453, "side": "buy", "size": "0.05000000", "price": "2985.14000000", "time": "2025-07-13T13:37:54.668668Z", "fetched_at": "2025-07-13T13:39:32.151482+00:00", "symbol": "ETH-USD"}, {"trade_id": 666237452, "side": "buy", "size": "0.00100000", "price": "2985.18000000", "time": "2025-07-13T13:37:54.668668Z", "fetched_at": "2025-07-13T13:39:32.151482+00:00", "symbol": "ETH-USD"}, {"trade_id": 666237451, "side": "buy", "size": "0.00307041", "price": "2985.58000000", "time": "2025-07-13T13:37:54.668668Z", "fetched_at": "2025-07-13T13:39:32.151482+00:00", "symbol": "ETH-USD"}, {"trade_id": 666237450, "side": "buy", "size": "0.01046362", "price": "2985.58000000", "time": "2025-07-13T13:37:54.668668Z", "fetched_at": "2025-07-13T13:39:32.151482+00:00", "symbol": "ETH-USD"}, {"trade_id": 666237449, "side": "buy", "size": "0.09145291", "price": "2985.58000000", "time": "2025-07-13T13:37:54.668668Z", "fetched_at": "2025-07-13T13:39:32.151482+00:00", "symbol": "ETH-USD"}, {"trade_id": 666237448, "side": "buy", "size": "0.00003349", "price": "2985.58000000", "time": "2025-07-13T13:37:54.668668Z", "fetched_at": "2025-07-13T13:39:32.151482+00:00", "symbol": "ETH-USD"}, {"trade_id": 666237447, "side": "buy", "size": "0.01696822", "price": "2985.58000000", "time": "2025-07-13T13:37:54.668668Z", "fetched_at": "2025-07-13T13:39:32.151482+00:00", "symbol": "ETH-USD"}, {"trade_id": 666237446, "side": "sell", "size": "0.00165796", "price": "2985.59000000", "time": "2025-07-13T13:37:54.518864Z", "fetched_at": "2025-07-13T13:39:32.151482+00:00", "symbol": "ETH-USD"}, {"trade_id": 666237445, "side": "sell", "size": "0.00101148", "price": "2985.75000000", "time": "2025-07-13T13:37:52.270325Z", "fetched_at": "2025-07-13T13:39:32.151482+00:00", "symbol": "ETH-USD"}, {"trade_id": 666237444, "side": "sell", "size": "0.00051113", "price": "2985.74000000", "time": "2025-07-13T13:37:52.270325Z", "fetched_at": "2025-07-13T13:39:32.151482+00:00", "symbol": "ETH-USD"}, {"trade_id": 666237443, "side": "sell", "size": "0.00000938", "price": "2985.67000000", "time": "2025-07-13T13:37:52.270325Z", "fetched_at": "2025-07-13T13:39:32.151482+00:00", "symbol": "ETH-USD"}, {"trade_id": 666237442, "side": "sell", "size": "0.00002275", "price": "2985.67000000", "time": "2025-07-13T13:37:52.270325Z", "fetched_at": "2025-07-13T13:39:32.151482+00:00", "symbol": "ETH-USD"}, {"trade_id": 666237441, "side": "sell", "size": "0.00006114", "price": "2985.67000000", "time": "2025-07-13T13:37:52.270325Z", "fetched_at": "2025-07-13T13:39:32.151482+00:00", "symbol": "ETH-USD"}, {"trade_id": 666237440, "side": "sell", "size": "0.00001222", "price": "2985.67000000", "time": "2025-07-13T13:37:52.270325Z", "fetched_at": "2025-07-13T13:39:32.151482+00:00", "symbol": "ETH-USD"}, {"trade_id": 666237439, "side": "sell", "size": "0.06194110", "price": "2985.59000000", "time": "2025-07-13T13:37:50.226137Z", "fetched_at": "2025-07-13T13:39:32.151482+00:00", "symbol": "ETH-USD"}, {"trade_id": 666237438, "side": "buy", "size": "0.30565533", "price": "2985.15000000", "time": "2025-07-13T13:37:49.209782Z", "fetched_at": "2025-07-13T13:39:32.151482+00:00", "symbol": "ETH-USD"}, {"trade_id": 666237437, "side": "buy", "size": "0.05969837", "price": "2985.16000000", "time": "2025-07-13T13:37:49.209782Z", "fetched_at": "2025-07-13T13:39:32.151482+00:00", "symbol": "ETH-USD"}, {"trade_id": 666237436, "side": "buy", "size": "0.00100000", "price": "2985.18000000", "time": "2025-07-13T13:37:49.209782Z", "fetched_at": "2025-07-13T13:39:32.151482+00:00", "symbol": "ETH-USD"}, {"trade_id": 666237435, "side": "buy", "size": "0.02545893", "price": "2985.20000000", "time": "2025-07-13T13:37:49.209782Z", "fetched_at": "2025-07-13T13:39:32.151482+00:00", "symbol": "ETH-USD"}, {"trade_id": 666237434, "side": "buy", "size": "0.06511704", "price": "2985.24000000", "time": "2025-07-13T13:37:49.209782Z", "fetched_at": "2025-07-13T13:39:32.151482+00:00", "symbol": "ETH-USD"}, {"trade_id": 666237433, "side": "buy", "size": "0.00307033", "price": "2985.66000000", "time": "2025-07-13T13:37:49.209782Z", "fetched_at": "2025-07-13T13:39:32.151482+00:00", "symbol": "ETH-USD"}, {"trade_id": 666237432, "side": "sell", "size": "0.00068584", "price": "2985.53000000", "time": "2025-07-13T13:37:48.403519Z", "fetched_at": "2025-07-13T13:39:32.151482+00:00", "symbol": "ETH-USD"}, {"trade_id": 666237431, "side": "sell", "size": "0.03256070", "price": "2985.27000000", "time": "2025-07-13T13:37:48.081877Z", "fetched_at": "2025-07-13T13:39:32.151482+00:00", "symbol": "ETH-USD"}, {"trade_id": 666237430, "side": "sell", "size": "0.07403718", "price": "2985.71000000", "time": "2025-07-13T13:37:46.127591Z", "fetched_at": "2025-07-13T13:39:32.151482+00:00", "symbol": "ETH-USD"}, {"trade_id": 666237429, "side": "sell", "size": "0.00074866", "price": "2985.69000000", "time": "2025-07-13T13:37:46.127591Z", "fetched_at": "2025-07-13T13:39:32.151482+00:00", "symbol": "ETH-USD"}, {"trade_id": 666237428, "side": "sell", "size": "0.00096692", "price": "2985.69000000", "time": "2025-07-13T13:37:46.127591Z", "fetched_at": "2025-07-13T13:39:32.151482+00:00", "symbol": "ETH-USD"}, {"trade_id": 666237427, "side": "sell", "size": "0.00031490", "price": "2985.69000000", "time": "2025-07-13T13:37:46.127591Z", "fetched_at": "2025-07-13T13:39:32.151482+00:00", "symbol": "ETH-USD"}, {"trade_id": 666237426, "side": "sell", "size": "0.00017433", "price": "2985.69000000", "time": "2025-07-13T13:37:46.127591Z", "fetched_at": "2025-07-13T13:39:32.151482+00:00", "symbol": "ETH-USD"}, {"trade_id": 666237425, "side": "sell", "size": "0.00059832", "price": "2985.67000000", "time": "2025-07-13T13:37:46.127591Z", "fetched_at": "2025-07-13T13:39:32.151482+00:00", "symbol": "ETH-USD"}, {"trade_id": 666237424, "side": "sell", "size": "0.04315969", "price": "2985.67000000", "time": "2025-07-13T13:37:46.127591Z", "fetched_at": "2025-07-13T13:39:32.151482+00:00", "symbol": "ETH-USD"}, {"trade_id": 666237423, "side": "sell", "size": "0.01519843", "price": "2985.69000000", "time": "2025-07-13T13:37:45.701309Z", "fetched_at": "2025-07-13T13:39:32.151482+00:00", "symbol": "ETH-USD"}, {"trade_id": 666237422, "side": "sell", "size": "0.00060157", "price": "2985.68000000", "time": "2025-07-13T13:37:45.701309Z", "fetched_at": "2025-07-13T13:39:32.151482+00:00", "symbol": "ETH-USD"}, {"trade_id": 666237421, "side": "buy", "size": "0.01701000", "price": "2985.57000000", "time": "2025-07-13T13:37:45.055121Z", "fetched_at": "2025-07-13T13:39:32.151482+00:00", "symbol": "ETH-USD"}, {"trade_id": 666237420, "side": "buy", "size": "0.52992713", "price": "2985.57000000", "time": "2025-07-13T13:37:45.054392Z", "fetched_at": "2025-07-13T13:39:32.151482+00:00", "symbol": "ETH-USD"}, {"trade_id": 666237419, "side": "buy", "size": "0.02715692", "price": "2985.61000000", "time": "2025-07-13T13:37:45.052633Z", "fetched_at": "2025-07-13T13:39:32.151482+00:00", "symbol": "ETH-USD"}, {"trade_id": 666237418, "side": "buy", "size": "0.37665169", "price": "2985.61000000", "time": "2025-07-13T13:37:45.052633Z", "fetched_at": "2025-07-13T13:39:32.151482+00:00", "symbol": "ETH-USD"}, {"trade_id": 666237417, "side": "buy", "size": "0.15864711", "price": "2985.61000000", "time": "2025-07-13T13:37:45.052355Z", "fetched_at": "2025-07-13T13:39:32.151482+00:00", "symbol": "ETH-USD"}, {"trade_id": 666237416, "side": "buy", "size": "0.51816908", "price": "2985.63000000", "time": "2025-07-13T13:37:45.052355Z", "fetched_at": "2025-07-13T13:39:32.151482+00:00", "symbol": "ETH-USD"}, {"trade_id": 666237415, "side": "buy", "size": "0.49321148", "price": "2985.65000000", "time": "2025-07-13T13:37:45.052355Z", "fetched_at": "2025-07-13T13:39:32.151482+00:00", "symbol": "ETH-USD"}, {"trade_id": 666237414, "side": "buy", "size": "0.60702272", "price": "2985.66000000", "time": "2025-07-13T13:37:45.052355Z", "fetched_at": "2025-07-13T13:39:32.151482+00:00", "symbol": "ETH-USD"}, {"trade_id": 666237413, "side": "buy", "size": "1.30851540", "price": "2985.67000000", "time": "2025-07-13T13:37:45.052355Z", "fetched_at": "2025-07-13T13:39:32.151482+00:00", "symbol": "ETH-USD"}, {"trade_id": 666237412, "side": "buy", "size": "0.15000000", "price": "2985.68000000", "time": "2025-07-13T13:37:45.052355Z", "fetched_at": "2025-07-13T13:39:32.151482+00:00", "symbol": "ETH-USD"}, {"trade_id": 666237411, "side": "buy", "size": "0.00307019", "price": "2985.80000000", "time": "2025-07-13T13:37:45.052355Z", "fetched_at": "2025-07-13T13:39:32.151482+00:00", "symbol": "ETH-USD"}, {"trade_id": 666237410, "side": "sell", "size": "0.18310154", "price": "2985.81000000", "time": "2025-07-13T13:37:44.909928Z", "fetched_at": "2025-07-13T13:39:32.151482+00:00", "symbol": "ETH-USD"}, {"trade_id": 666237409, "side": "sell", "size": "0.00045145", "price": "2985.63000000", "time": "2025-07-13T13:37:44.909928Z", "fetched_at": "2025-07-13T13:39:32.151482+00:00", "symbol": "ETH-USD"}, {"trade_id": 666237408, "side": "sell", "size": "0.00020182", "price": "2985.63000000", "time": "2025-07-13T13:37:44.909928Z", "fetched_at": "2025-07-13T13:39:32.151482+00:00", "symbol": "ETH-USD"}, {"trade_id": 666237407, "side": "sell", "size": "0.00010511", "price": "2985.63000000", "time": "2025-07-13T13:37:44.909928Z", "fetched_at": "2025-07-13T13:39:32.151482+00:00", "symbol": "ETH-USD"}, {"trade_id": 666237406, "side": "sell", "size": "0.00058314", "price": "2985.63000000", "time": "2025-07-13T13:37:44.909928Z", "fetched_at": "2025-07-13T13:39:32.151482+00:00", "symbol": "ETH-USD"}, {"trade_id": 666237405, "side": "sell", "size": "0.00100000", "price": "2985.62000000", "time": "2025-07-13T13:37:44.909928Z", "fetched_at": "2025-07-13T13:39:32.151482+00:00", "symbol": "ETH-USD"}, {"trade_id": 666237404, "side": "sell", "size": "0.00100000", "price": "2985.40000000", "time": "2025-07-13T13:37:43.661623Z", "fetched_at": "2025-07-13T13:39:32.151482+00:00", "symbol": "ETH-USD"}, {"trade_id": 666237403, "side": "sell", "size": "0.00000245", "price": "2985.27000000", "time": "2025-07-13T13:37:43.661623Z", "fetched_at": "2025-07-13T13:39:32.151482+00:00", "symbol": "ETH-USD"}, {"trade_id": 666237402, "side": "sell", "size": "0.04763000", "price": "2985.27000000", "time": "2025-07-13T13:37:43.650314Z", "fetched_at": "2025-07-13T13:39:32.151482+00:00", "symbol": "ETH-USD"}, {"trade_id": 666237401, "side": "sell", "size": "0.30000000", "price": "2985.20000000", "time": "2025-07-13T13:37:43.613866Z", "fetched_at": "2025-07-13T13:39:32.151482+00:00", "symbol": "ETH-USD"}, {"trade_id": 666237400, "side": "sell", "size": "0.00035045", "price": "2985.18000000", "time": "2025-07-13T13:37:43.613866Z", "fetched_at": "2025-07-13T13:39:32.151482+00:00", "symbol": "ETH-USD"}, {"trade_id": 666237399, "side": "buy", "size": "0.00032834", "price": "2985.17000000", "time": "2025-07-13T13:37:43.371311Z", "fetched_at": "2025-07-13T13:39:32.151482+00:00", "symbol": "ETH-USD"}, {"trade_id": 666237398, "side": "sell", "size": "0.00064955", "price": "2985.18000000", "time": "2025-07-13T13:37:41.903663Z", "fetched_at": "2025-07-13T13:39:32.151482+00:00", "symbol": "ETH-USD"}, {"trade_id": 666237397, "side": "buy", "size": "0.04286757", "price": "2985.10000000", "time": "2025-07-13T13:37:41.785860Z", "fetched_at": "2025-07-13T13:39:32.151482+00:00", "symbol": "ETH-USD"}, {"trade_id": 666237396, "side": "buy", "size": "0.66174124", "price": "2985.10000000", "time": "2025-07-13T13:37:41.785860Z", "fetched_at": "2025-07-13T13:39:32.151482+00:00", "symbol": "ETH-USD"}, {"trade_id": 666237395, "side": "buy", "size": "0.19793512", "price": "2985.11000000", "time": "2025-07-13T13:37:41.785860Z", "fetched_at": "2025-07-13T13:39:32.151482+00:00", "symbol": "ETH-USD"}, {"trade_id": 666237394, "side": "buy", "size": "0.00307084", "price": "2985.17000000", "time": "2025-07-13T13:37:41.785860Z", "fetched_at": "2025-07-13T13:39:32.151482+00:00", "symbol": "ETH-USD"}, {"trade_id": 666237393, "side": "buy", "size": "0.10510595", "price": "2985.17000000", "time": "2025-07-13T13:37:41.785860Z", "fetched_at": "2025-07-13T13:39:32.151482+00:00", "symbol": "ETH-USD"}, {"trade_id": 666237392, "side": "buy", "size": "0.40404043", "price": "2985.17000000", "time": "2025-07-13T13:37:41.785860Z", "fetched_at": "2025-07-13T13:39:32.151482+00:00", "symbol": "ETH-USD"}, {"trade_id": 666237391, "side": "buy", "size": "0.00307121", "price": "2984.81000000", "time": "2025-07-13T13:37:39.429151Z", "fetched_at": "2025-07-13T13:39:32.151482+00:00", "symbol": "ETH-USD"}, {"trade_id": 666237390, "side": "sell", "size": "0.30000000", "price": "2984.60000000", "time": "2025-07-13T13:37:39.144315Z", "fetched_at": "2025-07-13T13:39:32.151482+00:00", "symbol": "ETH-USD"}, {"trade_id": 666237389, "side": "sell", "size": "0.09162987", "price": "2984.60000000", "time": "2025-07-13T13:37:39.144315Z", "fetched_at": "2025-07-13T13:39:32.151482+00:00", "symbol": "ETH-USD"}, {"trade_id": 666237388, "side": "buy", "size": "0.00001340", "price": "2984.52000000", "time": "2025-07-13T13:37:38.796496Z", "fetched_at": "2025-07-13T13:39:32.151482+00:00", "symbol": "ETH-USD"}, {"trade_id": 666237387, "side": "buy", "size": "0.00844356", "price": "2984.52000000", "time": "2025-07-13T13:37:38.796496Z", "fetched_at": "2025-07-13T13:39:32.151482+00:00", "symbol": "ETH-USD"}, {"trade_id": 666237386, "side": "buy", "size": "0.00307150", "price": "2984.52000000", "time": "2025-07-13T13:37:38.796496Z", "fetched_at": "2025-07-13T13:39:32.151482+00:00", "symbol": "ETH-USD"}, {"trade_id": 666237385, "side": "buy", "size": "0.00100000", "price": "2984.52000000", "time": "2025-07-13T13:37:38.796496Z", "fetched_at": "2025-07-13T13:39:32.151482+00:00", "symbol": "ETH-USD"}, {"trade_id": 666237384, "side": "buy", "size": "0.00307144", "price": "2984.58000000", "time": "2025-07-13T13:37:38.593210Z", "fetched_at": "2025-07-13T13:39:32.151482+00:00", "symbol": "ETH-USD"}, {"trade_id": 666237383, "side": "sell", "size": "0.05363377", "price": "2984.59000000", "time": "2025-07-13T13:37:38.558222Z", "fetched_at": "2025-07-13T13:39:32.151482+00:00", "symbol": "ETH-USD"}, {"trade_id": 666237382, "side": "buy", "size": "0.01798763", "price": "2984.67000000", "time": "2025-07-13T13:37:38.281585Z", "fetched_at": "2025-07-13T13:39:32.151482+00:00", "symbol": "ETH-USD"}, {"trade_id": 666237381, "side": "buy", "size": "0.00100000", "price": "2984.74000000", "time": "2025-07-13T13:37:38.111241Z", "fetched_at": "2025-07-13T13:39:32.151482+00:00", "symbol": "ETH-USD"}, {"trade_id": 666237380, "side": "buy", "size": "0.00100000", "price": "2984.96000000", "time": "2025-07-13T13:37:37.910348Z", "fetched_at": "2025-07-13T13:39:32.151482+00:00", "symbol": "ETH-USD"}, {"trade_id": 666237379, "side": "buy", "size": "0.00307101", "price": "2985.00000000", "time": "2025-07-13T13:37:37.899787Z", "fetched_at": "2025-07-13T13:39:32.151482+00:00", "symbol": "ETH-USD"}, {"trade_id": 666237378, "side": "buy", "size": "0.33249581", "price": "2985.00000000", "time": "2025-07-13T13:37:37.899787Z", "fetched_at": "2025-07-13T13:39:32.151482+00:00", "symbol": "ETH-USD"}, {"trade_id": 666237377, "side": "buy", "size": "0.00307092", "price": "2985.09000000", "time": "2025-07-13T13:37:37.867193Z", "fetched_at": "2025-07-13T13:39:32.151482+00:00", "symbol": "ETH-USD"}, {"trade_id": 666237376, "side": "buy", "size": "0.25107838", "price": "2985.09000000", "time": "2025-07-13T13:37:37.867193Z", "fetched_at": "2025-07-13T13:39:32.151482+00:00", "symbol": "ETH-USD"}, {"trade_id": 666237375, "side": "buy", "size": "0.01016357", "price": "2985.17000000", "time": "2025-07-13T13:37:37.815107Z", "fetched_at": "2025-07-13T13:39:32.151482+00:00", "symbol": "ETH-USD"}, {"trade_id": 666237374, "side": "buy", "size": "0.00001004", "price": "2985.17000000", "time": "2025-07-13T13:37:37.815107Z", "fetched_at": "2025-07-13T13:39:32.151482+00:00", "symbol": "ETH-USD"}, {"trade_id": 666237373, "side": "buy", "size": "0.00307084", "price": "2985.17000000", "time": "2025-07-13T13:37:37.815107Z", "fetched_at": "2025-07-13T13:39:32.151482+00:00", "symbol": "ETH-USD"}, {"trade_id": 666237372, "side": "buy", "size": "0.00100000", "price": "2985.18000000", "time": "2025-07-13T13:37:37.402874Z", "fetched_at": "2025-07-13T13:39:32.151482+00:00", "symbol": "ETH-USD"}, {"trade_id": 666237371, "side": "buy", "size": "0.00307060", "price": "2985.40000000", "time": "2025-07-13T13:37:37.235212Z", "fetched_at": "2025-07-13T13:39:32.151482+00:00", "symbol": "ETH-USD"}, {"trade_id": 666237370, "side": "buy", "size": "0.00100000", "price": "2985.40000000", "time": "2025-07-13T13:37:37.235212Z", "fetched_at": "2025-07-13T13:39:32.151482+00:00", "symbol": "ETH-USD"}, {"trade_id": 666237369, "side": "buy", "size": "0.00844715", "price": "2985.62000000", "time": "2025-07-13T13:37:36.927567Z", "fetched_at": "2025-07-13T13:39:32.151482+00:00", "symbol": "ETH-USD"}, {"trade_id": 666237368, "side": "buy", "size": "0.00050240", "price": "2985.62000000", "time": "2025-07-13T13:37:36.927567Z", "fetched_at": "2025-07-13T13:39:32.151482+00:00", "symbol": "ETH-USD"}, {"trade_id": 666237367, "side": "buy", "size": "0.00307037", "price": "2985.62000000", "time": "2025-07-13T13:37:36.927567Z", "fetched_at": "2025-07-13T13:39:32.151482+00:00", "symbol": "ETH-USD"}, {"trade_id": 666237366, "side": "buy", "size": "0.33017606", "price": "2985.52000000", "time": "2025-07-13T13:37:36.357909Z", "fetched_at": "2025-07-13T13:39:32.151482+00:00", "symbol": "ETH-USD"}, {"trade_id": 666237365, "side": "buy", "size": "0.54901131", "price": "2985.59000000", "time": "2025-07-13T13:37:36.348334Z", "fetched_at": "2025-07-13T13:39:32.151482+00:00", "symbol": "ETH-USD"}, {"trade_id": 666237364, "side": "buy", "size": "0.34485127", "price": "2985.62000000", "time": "2025-07-13T13:37:36.348334Z", "fetched_at": "2025-07-13T13:39:32.151482+00:00", "symbol": "ETH-USD"}, {"trade_id": 666237363, "side": "buy", "size": "0.00100000", "price": "2985.62000000", "time": "2025-07-13T13:37:36.348334Z", "fetched_at": "2025-07-13T13:39:32.151482+00:00", "symbol": "ETH-USD"}, {"trade_id": 666237362, "side": "buy", "size": "0.19489405", "price": "2985.67000000", "time": "2025-07-13T13:37:36.332249Z", "fetched_at": "2025-07-13T13:39:32.151482+00:00", "symbol": "ETH-USD"}, {"trade_id": 666237361, "side": "buy", "size": "0.11941313", "price": "2985.68000000", "time": "2025-07-13T13:37:36.332249Z", "fetched_at": "2025-07-13T13:39:32.151482+00:00", "symbol": "ETH-USD"}, {"trade_id": 666237360, "side": "buy", "size": "0.00100000", "price": "2985.84000000", "time": "2025-07-13T13:37:36.332249Z", "fetched_at": "2025-07-13T13:39:32.151482+00:00", "symbol": "ETH-USD"}, {"trade_id": 666237359, "side": "buy", "size": "0.00306990", "price": "2986.08000000", "time": "2025-07-13T13:37:36.332249Z", "fetched_at": "2025-07-13T13:39:32.151482+00:00", "symbol": "ETH-USD"}, {"trade_id": 666237358, "side": "buy", "size": "0.00100000", "price": "2986.06000000", "time": "2025-07-13T13:37:36.308723Z", "fetched_at": "2025-07-13T13:39:32.151482+00:00", "symbol": "ETH-USD"}, {"trade_id": 666237357, "side": "buy", "size": "0.00306990", "price": "2986.08000000", "time": "2025-07-13T13:37:36.308723Z", "fetched_at": "2025-07-13T13:39:32.151482+00:00", "symbol": "ETH-USD"}, {"trade_id": 666237356, "side": "buy", "size": "0.00306967", "price": "2986.30000000", "time": "2025-07-13T13:37:35.904535Z", "fetched_at": "2025-07-13T13:39:32.151482+00:00", "symbol": "ETH-USD"}, {"trade_id": 666237355, "side": "buy", "size": "0.07689371", "price": "2986.33000000", "time": "2025-07-13T13:37:35.865399Z", "fetched_at": "2025-07-13T13:39:32.151482+00:00", "symbol": "ETH-USD"}, {"trade_id": 666237354, "side": "buy", "size": "0.02048333", "price": "2986.33000000", "time": "2025-07-13T13:37:35.865399Z", "fetched_at": "2025-07-13T13:39:32.151482+00:00", "symbol": "ETH-USD"}, {"trade_id": 666237353, "side": "buy", "size": "0.00306964", "price": "2986.33000000", "time": "2025-07-13T13:37:35.865399Z", "fetched_at": "2025-07-13T13:39:32.151482+00:00", "symbol": "ETH-USD"}, {"trade_id": 666237352, "side": "buy", "size": "0.06059392", "price": "2986.12000000", "time": "2025-07-13T13:37:34.750208Z", "fetched_at": "2025-07-13T13:39:32.151482+00:00", "symbol": "ETH-USD"}, {"trade_id": 666237351, "side": "buy", "size": "0.00306970", "price": "2986.27000000", "time": "2025-07-13T13:37:34.738022Z", "fetched_at": "2025-07-13T13:39:32.151482+00:00", "symbol": "ETH-USD"}, {"trade_id": 666237350, "side": "sell", "size": "0.00682617", "price": "2986.28000000", "time": "2025-07-13T13:37:34.054239Z", "fetched_at": "2025-07-13T13:39:32.151482+00:00", "symbol": "ETH-USD"}, {"trade_id": 666237349, "side": "buy", "size": "0.00100000", "price": "2986.28000000", "time": "2025-07-13T13:37:33.781226Z", "fetched_at": "2025-07-13T13:39:32.151482+00:00", "symbol": "ETH-USD"}, {"trade_id": 666237348, "side": "buy", "size": "0.18995438", "price": "2986.28000000", "time": "2025-07-13T13:37:33.781226Z", "fetched_at": "2025-07-13T13:39:32.151482+00:00", "symbol": "ETH-USD"}, {"trade_id": 666237347, "side": "buy", "size": "0.00002344", "price": "2986.32000000", "time": "2025-07-13T13:37:33.771175Z", "fetched_at": "2025-07-13T13:39:32.151482+00:00", "symbol": "ETH-USD"}, {"trade_id": 666237346, "side": "buy", "size": "0.01312652", "price": "2986.32000000", "time": "2025-07-13T13:37:33.771175Z", "fetched_at": "2025-07-13T13:39:32.151482+00:00", "symbol": "ETH-USD"}, {"trade_id": 666237345, "side": "buy", "size": "0.00306965", "price": "2986.32000000", "time": "2025-07-13T13:37:33.771175Z", "fetched_at": "2025-07-13T13:39:32.151482+00:00", "symbol": "ETH-USD"}, {"trade_id": 666237344, "side": "sell", "size": "0.01626351", "price": "2986.33000000", "time": "2025-07-13T13:37:33.045407Z", "fetched_at": "2025-07-13T13:39:32.151482+00:00", "symbol": "ETH-USD"}, {"trade_id": 666237343, "side": "buy", "size": "0.00306947", "price": "2986.50000000", "time": "2025-07-13T13:37:32.723361Z", "fetched_at": "2025-07-13T13:39:32.151482+00:00", "symbol": "ETH-USD"}, {"trade_id": 666237342, "side": "buy", "size": "0.01968525", "price": "2986.50000000", "time": "2025-07-13T13:37:32.723361Z", "fetched_at": "2025-07-13T13:39:32.151482+00:00", "symbol": "ETH-USD"}, {"trade_id": 666237341, "side": "buy", "size": "0.03797190", "price": "2986.50000000", "time": "2025-07-13T13:37:32.723361Z", "fetched_at": "2025-07-13T13:39:32.151482+00:00", "symbol": "ETH-USD"}, {"trade_id": 666237340, "side": "buy", "size": "0.01294053", "price": "2986.50000000", "time": "2025-07-13T13:37:32.391958Z", "fetched_at": "2025-07-13T13:39:32.151482+00:00", "symbol": "ETH-USD"}, {"trade_id": 666237339, "side": "buy", "size": "0.00306947", "price": "2986.50000000", "time": "2025-07-13T13:37:32.391958Z", "fetched_at": "2025-07-13T13:39:32.151482+00:00", "symbol": "ETH-USD"}, {"trade_id": 666237338, "side": "buy", "size": "0.00100000", "price": "2986.50000000", "time": "2025-07-13T13:37:32.391958Z", "fetched_at": "2025-07-13T13:39:32.151482+00:00", "symbol": "ETH-USD"}, {"trade_id": 666237337, "side": "buy", "size": "0.00306924", "price": "2986.72000000", "time": "2025-07-13T13:37:30.922669Z", "fetched_at": "2025-07-13T13:39:32.151482+00:00", "symbol": "ETH-USD"}, {"trade_id": 666237336, "side": "buy", "size": "0.00100000", "price": "2986.72000000", "time": "2025-07-13T13:37:30.912105Z", "fetched_at": "2025-07-13T13:39:32.151482+00:00", "symbol": "ETH-USD"}, {"trade_id": 666237335, "side": "buy", "size": "0.00306923", "price": "2986.73000000", "time": "2025-07-13T13:37:30.896804Z", "fetched_at": "2025-07-13T13:39:32.151482+00:00", "symbol": "ETH-USD"}, {"trade_id": 666237334, "side": "buy", "size": "0.17242733", "price": "2986.73000000", "time": "2025-07-13T13:37:30.896804Z", "fetched_at": "2025-07-13T13:39:32.151482+00:00", "symbol": "ETH-USD"}, {"trade_id": 666237333, "side": "buy", "size": "0.10154127", "price": "2986.73000000", "time": "2025-07-13T13:37:30.893163Z", "fetched_at": "2025-07-13T13:39:32.151482+00:00", "symbol": "ETH-USD"}, {"trade_id": 666237332, "side": "buy", "size": "0.26361693", "price": "2986.73000000", "time": "2025-07-13T13:37:30.891845Z", "fetched_at": "2025-07-13T13:39:32.151482+00:00", "symbol": "ETH-USD"}, {"trade_id": 666237331, "side": "buy", "size": "0.32789022", "price": "2986.73000000", "time": "2025-07-13T13:37:30.890213Z", "fetched_at": "2025-07-13T13:39:32.151482+00:00", "symbol": "ETH-USD"}, {"trade_id": 666237330, "side": "buy", "size": "2.04063034", "price": "2986.73000000", "time": "2025-07-13T13:37:30.889782Z", "fetched_at": "2025-07-13T13:39:32.151482+00:00", "symbol": "ETH-USD"}, {"trade_id": 666237329, "side": "buy", "size": "0.20256001", "price": "2986.73000000", "time": "2025-07-13T13:37:30.888699Z", "fetched_at": "2025-07-13T13:39:32.151482+00:00", "symbol": "ETH-USD"}, {"trade_id": 666237328, "side": "buy", "size": "1.23249429", "price": "2986.73000000", "time": "2025-07-13T13:37:30.886526Z", "fetched_at": "2025-07-13T13:39:32.151482+00:00", "symbol": "ETH-USD"}, {"trade_id": 666237327, "side": "sell", "size": "0.08131757", "price": "2986.74000000", "time": "2025-07-13T13:37:30.809996Z", "fetched_at": "2025-07-13T13:39:32.151482+00:00", "symbol": "ETH-USD"}, {"trade_id": 666237326, "side": "buy", "size": "0.01072381", "price": "2986.81000000", "time": "2025-07-13T13:37:30.805142Z", "fetched_at": "2025-07-13T13:39:32.151482+00:00", "symbol": "ETH-USD"}, {"trade_id": 666237325, "side": "buy", "size": "0.01826028", "price": "2986.81000000", "time": "2025-07-13T13:37:30.805142Z", "fetched_at": "2025-07-13T13:39:32.151482+00:00", "symbol": "ETH-USD"}, {"trade_id": 666237324, "side": "buy", "size": "0.00306915", "price": "2986.81000000", "time": "2025-07-13T13:37:30.805142Z", "fetched_at": "2025-07-13T13:39:32.151482+00:00", "symbol": "ETH-USD"}, {"trade_id": 666237323, "side": "buy", "size": "3.73604910", "price": "2986.81000000", "time": "2025-07-13T13:37:30.223307Z", "fetched_at": "2025-07-13T13:39:32.151482+00:00", "symbol": "ETH-USD"}, {"trade_id": 666237322, "side": "buy", "size": "0.00269287", "price": "2986.82000000", "time": "2025-07-13T13:37:30.223307Z", "fetched_at": "2025-07-13T13:39:32.151482+00:00", "symbol": "ETH-USD"}, {"trade_id": 666237321, "side": "buy", "size": "0.77142119", "price": "2986.82000000", "time": "2025-07-13T13:37:30.223307Z", "fetched_at": "2025-07-13T13:39:32.151482+00:00", "symbol": "ETH-USD"}, {"trade_id": 666237320, "side": "buy", "size": "0.22857881", "price": "2986.82000000", "time": "2025-07-13T13:37:29.922802Z", "fetched_at": "2025-07-13T13:39:32.151482+00:00", "symbol": "ETH-USD"}, {"trade_id": 666237319, "side": "buy", "size": "0.00285286", "price": "2986.94000000", "time": "2025-07-13T13:37:29.842511Z", "fetched_at": "2025-07-13T13:39:32.151482+00:00", "symbol": "ETH-USD"}, {"trade_id": 666237318, "side": "buy", "size": "0.00100000", "price": "2986.94000000", "time": "2025-07-13T13:37:29.842511Z", "fetched_at": "2025-07-13T13:39:32.151482+00:00", "symbol": "ETH-USD"}, {"trade_id": 666237317, "side": "buy", "size": "0.01608302", "price": "2987.00000000", "time": "2025-07-13T13:37:29.460154Z", "fetched_at": "2025-07-13T13:39:32.151482+00:00", "symbol": "ETH-USD"}, {"trade_id": 666237316, "side": "buy", "size": "0.02738868", "price": "2987.00000000", "time": "2025-07-13T13:37:29.460154Z", "fetched_at": "2025-07-13T13:39:32.151482+00:00", "symbol": "ETH-USD"}, {"trade_id": 666237315, "side": "buy", "size": "0.00306895", "price": "2987.00000000", "time": "2025-07-13T13:37:29.460154Z", "fetched_at": "2025-07-13T13:39:32.151482+00:00", "symbol": "ETH-USD"}, {"trade_id": 666237314, "side": "buy", "size": "0.06208949", "price": "2987.00000000", "time": "2025-07-13T13:37:29.460154Z", "fetched_at": "2025-07-13T13:39:32.151482+00:00", "symbol": "ETH-USD"}, {"trade_id": 666237313, "side": "sell", "size": "0.01626150", "price": "2987.01000000", "time": "2025-07-13T13:37:29.456151Z", "fetched_at": "2025-07-13T13:39:32.151482+00:00", "symbol": "ETH-USD"}, {"trade_id": 666237312, "side": "buy", "size": "0.34852572", "price": "2987.00000000", "time": "2025-07-13T13:37:29.424865Z", "fetched_at": "2025-07-13T13:39:32.151482+00:00", "symbol": "ETH-USD"}, {"trade_id": 666237311, "side": "buy", "size": "0.20580736", "price": "2987.00000000", "time": "2025-07-13T13:37:29.403659Z", "fetched_at": "2025-07-13T13:39:32.151482+00:00", "symbol": "ETH-USD"}, {"trade_id": 666237310, "side": "buy", "size": "0.28409656", "price": "2987.00000000", "time": "2025-07-13T13:37:29.391603Z", "fetched_at": "2025-07-13T13:39:32.151482+00:00", "symbol": "ETH-USD"}, {"trade_id": 666237309, "side": "buy", "size": "2.03827608", "price": "2987.00000000", "time": "2025-07-13T13:37:29.374420Z", "fetched_at": "2025-07-13T13:39:32.151482+00:00", "symbol": "ETH-USD"}, {"trade_id": 666237308, "side": "buy", "size": "1.81188983", "price": "2987.00000000", "time": "2025-07-13T13:37:29.281542Z", "fetched_at": "2025-07-13T13:39:32.151482+00:00", "symbol": "ETH-USD"}, {"trade_id": 666237307, "side": "sell", "size": "0.00332204", "price": "2987.01000000", "time": "2025-07-13T13:37:28.939650Z", "fetched_at": "2025-07-13T13:39:32.151482+00:00", "symbol": "ETH-USD"}, {"trade_id": 666237306, "side": "sell", "size": "0.01656632", "price": "2987.01000000", "time": "2025-07-13T13:37:28.909252Z", "fetched_at": "2025-07-13T13:39:32.151482+00:00", "symbol": "ETH-USD"}, {"trade_id": 666237305, "side": "sell", "size": "0.03307990", "price": "2987.01000000", "time": "2025-07-13T13:37:28.502849Z", "fetched_at": "2025-07-13T13:39:32.151482+00:00", "symbol": "ETH-USD"}, {"trade_id": 666237304, "side": "sell", "size": "0.01520000", "price": "2987.01000000", "time": "2025-07-13T13:37:27.477734Z", "fetched_at": "2025-07-13T13:39:32.151482+00:00", "symbol": "ETH-USD"}, {"trade_id": 666237303, "side": "buy", "size": "0.02412740", "price": "2987.06000000", "time": "2025-07-13T13:37:27.420878Z", "fetched_at": "2025-07-13T13:39:32.151482+00:00", "symbol": "ETH-USD"}, {"trade_id": 666237302, "side": "buy", "size": "0.00306889", "price": "2987.06000000", "time": "2025-07-13T13:37:27.420878Z", "fetched_at": "2025-07-13T13:39:32.151482+00:00", "symbol": "ETH-USD"}, {"trade_id": 666237301, "side": "buy", "size": "0.35640447", "price": "2987.06000000", "time": "2025-07-13T13:37:27.420878Z", "fetched_at": "2025-07-13T13:39:32.151482+00:00", "symbol": "ETH-USD"}, {"trade_id": 666237300, "side": "buy", "size": "0.00100000", "price": "2987.16000000", "time": "2025-07-13T13:37:25.416801Z", "fetched_at": "2025-07-13T13:39:32.151482+00:00", "symbol": "ETH-USD"}, {"trade_id": 666237299, "side": "buy", "size": "0.00306872", "price": "2987.23000000", "time": "2025-07-13T13:37:25.416801Z", "fetched_at": "2025-07-13T13:39:32.151482+00:00", "symbol": "ETH-USD"}, {"trade_id": 666237298, "side": "buy", "size": "0.02404903", "price": "2987.23000000", "time": "2025-07-13T13:37:25.416801Z", "fetched_at": "2025-07-13T13:39:32.151482+00:00", "symbol": "ETH-USD"}, {"trade_id": 666237297, "side": "buy", "size": "0.00459288", "price": "2987.23000000", "time": "2025-07-13T13:37:25.416801Z", "fetched_at": "2025-07-13T13:39:32.151482+00:00", "symbol": "ETH-USD"}, {"trade_id": 666237296, "side": "buy", "size": "0.00306849", "price": "2987.45000000", "time": "2025-07-13T13:37:25.395843Z", "fetched_at": "2025-07-13T13:39:32.151482+00:00", "symbol": "ETH-USD"}, {"trade_id": 666237295, "side": "buy", "size": "0.01901593", "price": "2987.24000000", "time": "2025-07-13T13:37:25.141275Z", "fetched_at": "2025-07-13T13:39:32.151482+00:00", "symbol": "ETH-USD"}, {"trade_id": 666237294, "side": "buy", "size": "0.00306834", "price": "2987.60000000", "time": "2025-07-13T13:37:25.111838Z", "fetched_at": "2025-07-13T13:39:32.151482+00:00", "symbol": "ETH-USD"}, {"trade_id": 666237293, "side": "sell", "size": "0.04658097", "price": "2987.61000000", "time": "2025-07-13T13:37:25.088876Z", "fetched_at": "2025-07-13T13:39:32.151482+00:00", "symbol": "ETH-USD"}, {"trade_id": 666237292, "side": "sell", "size": "0.02459163", "price": "2987.61000000", "time": "2025-07-13T13:37:25.088876Z", "fetched_at": "2025-07-13T13:39:32.151482+00:00", "symbol": "ETH-USD"}, {"trade_id": 666237291, "side": "sell", "size": "0.12723016", "price": "2987.60000000", "time": "2025-07-13T13:37:25.088876Z", "fetched_at": "2025-07-13T13:39:32.151482+00:00", "symbol": "ETH-USD"}, {"trade_id": 666237290, "side": "sell", "size": "0.16736724", "price": "2987.45000000", "time": "2025-07-13T13:37:25.088876Z", "fetched_at": "2025-07-13T13:39:32.151482+00:00", "symbol": "ETH-USD"}, {"trade_id": 666237289, "side": "sell", "size": "0.10423000", "price": "2987.24000000", "time": "2025-07-13T13:37:25.088876Z", "fetched_at": "2025-07-13T13:39:32.151482+00:00", "symbol": "ETH-USD"}, {"trade_id": 666237288, "side": "buy", "size": "0.00165684", "price": "2987.61000000", "time": "2025-07-13T13:37:24.944068Z", "fetched_at": "2025-07-13T13:39:32.151482+00:00", "symbol": "ETH-USD"}, {"trade_id": 666237287, "side": "buy", "size": "0.04294402", "price": "2987.61000000", "time": "2025-07-13T13:37:24.944068Z", "fetched_at": "2025-07-13T13:39:32.151482+00:00", "symbol": "ETH-USD"}, {"trade_id": 666237286, "side": "buy", "size": "0.00236644", "price": "2987.61000000", "time": "2025-07-13T13:37:24.944068Z", "fetched_at": "2025-07-13T13:39:32.151482+00:00", "symbol": "ETH-USD"}, {"trade_id": 666237285, "side": "sell", "size": "0.10722093", "price": "2987.89000000", "time": "2025-07-13T13:37:23.007295Z", "fetched_at": "2025-07-13T13:39:32.151482+00:00", "symbol": "ETH-USD"}, {"trade_id": 666237284, "side": "sell", "size": "0.67933384", "price": "2987.81000000", "time": "2025-07-13T13:37:22.932945Z", "fetched_at": "2025-07-13T13:39:32.151482+00:00", "symbol": "ETH-USD"}, {"trade_id": 666237283, "side": "sell", "size": "0.30000000", "price": "2987.80000000", "time": "2025-07-13T13:37:22.932945Z", "fetched_at": "2025-07-13T13:39:32.151482+00:00", "symbol": "ETH-USD"}, {"trade_id": 666237282, "side": "sell", "size": "0.16735421", "price": "2987.68000000", "time": "2025-07-13T13:37:22.932945Z", "fetched_at": "2025-07-13T13:39:32.151482+00:00", "symbol": "ETH-USD"}, {"trade_id": 666237281, "side": "sell", "size": "0.00052442", "price": "2987.62000000", "time": "2025-07-13T13:37:22.932945Z", "fetched_at": "2025-07-13T13:39:32.151482+00:00", "symbol": "ETH-USD"}, {"trade_id": 666237280, "side": "sell", "size": "0.00009984", "price": "2987.62000000", "time": "2025-07-13T13:37:22.932945Z", "fetched_at": "2025-07-13T13:39:32.151482+00:00", "symbol": "ETH-USD"}, {"trade_id": 666237279, "side": "sell", "size": "0.00002163", "price": "2987.62000000", "time": "2025-07-13T13:37:22.932945Z", "fetched_at": "2025-07-13T13:39:32.151482+00:00", "symbol": "ETH-USD"}, {"trade_id": 666237278, "side": "sell", "size": "0.00040051", "price": "2987.62000000", "time": "2025-07-13T13:37:22.932945Z", "fetched_at": "2025-07-13T13:39:32.151482+00:00", "symbol": "ETH-USD"}, {"trade_id": 666237277, "side": "sell", "size": "0.03154586", "price": "2987.62000000", "time": "2025-07-13T13:37:22.057094Z", "fetched_at": "2025-07-13T13:39:32.151482+00:00", "symbol": "ETH-USD"}, {"trade_id": 666237276, "side": "sell", "size": "0.00031953", "price": "2987.62000000", "time": "2025-07-13T13:37:22.057094Z", "fetched_at": "2025-07-13T13:39:32.151482+00:00", "symbol": "ETH-USD"}, {"trade_id": 666237275, "side": "sell", "size": "0.00040560", "price": "2987.62000000", "time": "2025-07-13T13:37:22.057094Z", "fetched_at": "2025-07-13T13:39:32.151482+00:00", "symbol": "ETH-USD"}, {"trade_id": 666237274, "side": "sell", "size": "0.00018505", "price": "2987.62000000", "time": "2025-07-13T13:37:22.057094Z", "fetched_at": "2025-07-13T13:39:32.151482+00:00", "symbol": "ETH-USD"}, {"trade_id": 666237273, "side": "sell", "size": "0.00006783", "price": "2987.62000000", "time": "2025-07-13T13:37:22.057094Z", "fetched_at": "2025-07-13T13:39:32.151482+00:00", "symbol": "ETH-USD"}, {"trade_id": 666237272, "side": "sell", "size": "0.00162664", "price": "2987.62000000", "time": "2025-07-13T13:37:20.299390Z", "fetched_at": "2025-07-13T13:39:32.151482+00:00", "symbol": "ETH-USD"}, {"trade_id": 666237271, "side": "buy", "size": "0.00306807", "price": "2987.86000000", "time": "2025-07-13T13:37:19.990290Z", "fetched_at": "2025-07-13T13:39:32.151482+00:00", "symbol": "ETH-USD"}, {"trade_id": 666237270, "side": "buy", "size": "0.04364997", "price": "2987.86000000", "time": "2025-07-13T13:37:19.990290Z", "fetched_at": "2025-07-13T13:39:32.151482+00:00", "symbol": "ETH-USD"}, {"trade_id": 666237269, "side": "buy", "size": "0.00306794", "price": "2987.99000000", "time": "2025-07-13T13:37:19.909102Z", "fetched_at": "2025-07-13T13:39:32.151482+00:00", "symbol": "ETH-USD"}, {"trade_id": 666237268, "side": "buy", "size": "0.02810250", "price": "2987.99000000", "time": "2025-07-13T13:37:19.899302Z", "fetched_at": "2025-07-13T13:39:32.151482+00:00", "symbol": "ETH-USD"}, {"trade_id": 666237267, "side": "buy", "size": "0.01982570", "price": "2988.04000000", "time": "2025-07-13T13:37:18.545485Z", "fetched_at": "2025-07-13T13:39:32.151482+00:00", "symbol": "ETH-USD"}, {"trade_id": 666237266, "side": "buy", "size": "0.04332271", "price": "2988.04000000", "time": "2025-07-13T13:37:18.545485Z", "fetched_at": "2025-07-13T13:39:32.151482+00:00", "symbol": "ETH-USD"}, {"trade_id": 666237265, "side": "buy", "size": "0.00306789", "price": "2988.04000000", "time": "2025-07-13T13:37:18.545485Z", "fetched_at": "2025-07-13T13:39:32.151482+00:00", "symbol": "ETH-USD"}, {"trade_id": 666237264, "side": "buy", "size": "0.03872438", "price": "2988.04000000", "time": "2025-07-13T13:37:18.545485Z", "fetched_at": "2025-07-13T13:39:32.151482+00:00", "symbol": "ETH-USD"}, {"trade_id": 666237263, "side": "sell", "size": "0.00715120", "price": "2988.05000000", "time": "2025-07-13T13:37:15.993070Z", "fetched_at": "2025-07-13T13:39:32.151482+00:00", "symbol": "ETH-USD"}, {"trade_id": 666237262, "side": "sell", "size": "0.03332954", "price": "2988.05000000", "time": "2025-07-13T13:37:15.881248Z", "fetched_at": "2025-07-13T13:39:32.151482+00:00", "symbol": "ETH-USD"}, {"trade_id": 666237261, "side": "buy", "size": "0.00306781", "price": "2988.11000000", "time": "2025-07-13T13:37:15.860450Z", "fetched_at": "2025-07-13T13:39:32.151482+00:00", "symbol": "ETH-USD"}, {"trade_id": 666237260, "side": "sell", "size": "0.00266647", "price": "2988.17000000", "time": "2025-07-13T13:37:15.818726Z", "fetched_at": "2025-07-13T13:39:32.151482+00:00", "symbol": "ETH-USD"}, {"trade_id": 666237259, "side": "sell", "size": "0.16733353", "price": "2988.05000000", "time": "2025-07-13T13:37:15.818726Z", "fetched_at": "2025-07-13T13:39:32.151482+00:00", "symbol": "ETH-USD"}, {"trade_id": 666237258, "side": "sell", "size": "0.03312621", "price": "2988.05000000", "time": "2025-07-13T13:37:15.760200Z", "fetched_at": "2025-07-13T13:39:32.151482+00:00", "symbol": "ETH-USD"}, {"trade_id": 666237257, "side": "buy", "size": "0.00614740", "price": "2987.89000000", "time": "2025-07-13T13:37:15.197308Z", "fetched_at": "2025-07-13T13:39:32.151482+00:00", "symbol": "ETH-USD"}, {"trade_id": 666237256, "side": "buy", "size": "0.00114790", "price": "2988.04000000", "time": "2025-07-13T13:37:15.197308Z", "fetched_at": "2025-07-13T13:39:32.151482+00:00", "symbol": "ETH-USD"}, {"trade_id": 666237255, "side": "buy", "size": "0.00306789", "price": "2988.04000000", "time": "2025-07-13T13:37:15.197308Z", "fetched_at": "2025-07-13T13:39:32.151482+00:00", "symbol": "ETH-USD"}, {"trade_id": 666237254, "side": "buy", "size": "0.32581172", "price": "2988.17000000", "time": "2025-07-13T13:37:14.297680Z", "fetched_at": "2025-07-13T13:39:32.151482+00:00", "symbol": "ETH-USD"}, {"trade_id": 666237253, "side": "buy", "size": "0.27418828", "price": "2988.17000000", "time": "2025-07-13T13:37:14.295765Z", "fetched_at": "2025-07-13T13:39:32.151482+00:00", "symbol": "ETH-USD"}, {"trade_id": 666237252, "side": "buy", "size": "0.30000000", "price": "2988.20000000", "time": "2025-07-13T13:37:14.287788Z", "fetched_at": "2025-07-13T13:39:32.151482+00:00", "symbol": "ETH-USD"}, {"trade_id": 666237251, "side": "buy", "size": "0.54000000", "price": "2988.21000000", "time": "2025-07-13T13:37:14.287788Z", "fetched_at": "2025-07-13T13:39:32.151482+00:00", "symbol": "ETH-USD"}, {"trade_id": 666237250, "side": "buy", "size": "0.00229561", "price": "2988.30000000", "time": "2025-07-13T13:37:14.287433Z", "fetched_at": "2025-07-13T13:39:32.151482+00:00", "symbol": "ETH-USD"}, {"trade_id": 666237249, "side": "buy", "size": "0.00459123", "price": "2988.30000000", "time": "2025-07-13T13:37:14.287433Z", "fetched_at": "2025-07-13T13:39:32.151482+00:00", "symbol": "ETH-USD"}, {"trade_id": 666237248, "side": "buy", "size": "0.04618010", "price": "2988.30000000", "time": "2025-07-13T13:37:14.287433Z", "fetched_at": "2025-07-13T13:39:32.151482+00:00", "symbol": "ETH-USD"}, {"trade_id": 666237247, "side": "buy", "size": "0.00306762", "price": "2988.30000000", "time": "2025-07-13T13:37:14.287433Z", "fetched_at": "2025-07-13T13:39:32.151482+00:00", "symbol": "ETH-USD"}, {"trade_id": 666237246, "side": "buy", "size": "0.30000000", "price": "2988.30000000", "time": "2025-07-13T13:37:14.287433Z", "fetched_at": "2025-07-13T13:39:32.151482+00:00", "symbol": "ETH-USD"}, {"trade_id": 666237245, "side": "buy", "size": "0.14335240", "price": "2988.30000000", "time": "2025-07-13T13:37:14.287433Z", "fetched_at": "2025-07-13T13:39:32.151482+00:00", "symbol": "ETH-USD"}, {"trade_id": 666237244, "side": "buy", "size": "0.00037539", "price": "2988.30000000", "time": "2025-07-13T13:37:12.856308Z", "fetched_at": "2025-07-13T13:39:32.151482+00:00", "symbol": "ETH-USD"}, {"trade_id": 666237243, "side": "sell", "size": "0.22262108", "price": "2988.31000000", "time": "2025-07-13T13:37:12.661285Z", "fetched_at": "2025-07-13T13:39:32.151482+00:00", "symbol": "ETH-USD"}, {"trade_id": 666237242, "side": "sell", "size": "0.03277416", "price": "2988.31000000", "time": "2025-07-13T13:37:12.661285Z", "fetched_at": "2025-07-13T13:39:32.151482+00:00", "symbol": "ETH-USD"}