[{"trade_id": 666231393, "side": "sell", "size": "0.33120206", "price": "2987.07000000", "time": "2025-07-13T13:10:45.233167Z", "fetched_at": "2025-07-13T13:10:49.938829+00:00", "symbol": "ETH-USD"}, {"trade_id": 666231392, "side": "sell", "size": "0.05891246", "price": "2987.06000000", "time": "2025-07-13T13:10:45.233167Z", "fetched_at": "2025-07-13T13:10:49.938829+00:00", "symbol": "ETH-USD"}, {"trade_id": 666231391, "side": "sell", "size": "0.00005589", "price": "2987.05000000", "time": "2025-07-13T13:10:45.233167Z", "fetched_at": "2025-07-13T13:10:49.938829+00:00", "symbol": "ETH-USD"}, {"trade_id": 666231390, "side": "sell", "size": "0.07712562", "price": "2987.05000000", "time": "2025-07-13T13:10:45.233167Z", "fetched_at": "2025-07-13T13:10:49.938829+00:00", "symbol": "ETH-USD"}, {"trade_id": 666231389, "side": "buy", "size": "0.02383083", "price": "2986.77000000", "time": "2025-07-13T13:10:45.148541Z", "fetched_at": "2025-07-13T13:10:49.938829+00:00", "symbol": "ETH-USD"}, {"trade_id": 666231388, "side": "buy", "size": "0.14891350", "price": "2986.81000000", "time": "2025-07-13T13:10:45.148541Z", "fetched_at": "2025-07-13T13:10:49.938829+00:00", "symbol": "ETH-USD"}, {"trade_id": 666231387, "side": "buy", "size": "0.08788975", "price": "2986.89000000", "time": "2025-07-13T13:10:45.148541Z", "fetched_at": "2025-07-13T13:10:49.938829+00:00", "symbol": "ETH-USD"}, {"trade_id": 666231386, "side": "buy", "size": "0.10626100", "price": "2986.90000000", "time": "2025-07-13T13:10:45.148541Z", "fetched_at": "2025-07-13T13:10:49.938829+00:00", "symbol": "ETH-USD"}, {"trade_id": 666231385, "side": "buy", "size": "0.11089528", "price": "2986.93000000", "time": "2025-07-13T13:10:45.148541Z", "fetched_at": "2025-07-13T13:10:49.938829+00:00", "symbol": "ETH-USD"}, {"trade_id": 666231384, "side": "buy", "size": "0.07224562", "price": "2986.94000000", "time": "2025-07-13T13:10:45.148541Z", "fetched_at": "2025-07-13T13:10:49.938829+00:00", "symbol": "ETH-USD"}, {"trade_id": 666231383, "side": "buy", "size": "0.85299000", "price": "2986.96000000", "time": "2025-07-13T13:10:45.148541Z", "fetched_at": "2025-07-13T13:10:49.938829+00:00", "symbol": "ETH-USD"}, {"trade_id": 666231382, "side": "buy", "size": "0.30000000", "price": "2986.97000000", "time": "2025-07-13T13:10:45.148541Z", "fetched_at": "2025-07-13T13:10:49.938829+00:00", "symbol": "ETH-USD"}, {"trade_id": 666231381, "side": "buy", "size": "0.09296589", "price": "2986.97000000", "time": "2025-07-13T13:10:45.148541Z", "fetched_at": "2025-07-13T13:10:49.938829+00:00", "symbol": "ETH-USD"}, {"trade_id": 666231380, "side": "sell", "size": "0.28056978", "price": "2987.03000000", "time": "2025-07-13T13:10:45.093731Z", "fetched_at": "2025-07-13T13:10:49.938829+00:00", "symbol": "ETH-USD"}, {"trade_id": 666231379, "side": "sell", "size": "0.55567852", "price": "2987.02000000", "time": "2025-07-13T13:10:45.093731Z", "fetched_at": "2025-07-13T13:10:49.938829+00:00", "symbol": "ETH-USD"}, {"trade_id": 666231378, "side": "sell", "size": "0.47698302", "price": "2986.96000000", "time": "2025-07-13T13:10:45.093731Z", "fetched_at": "2025-07-13T13:10:49.938829+00:00", "symbol": "ETH-USD"}, {"trade_id": 666231377, "side": "sell", "size": "0.12301698", "price": "2986.96000000", "time": "2025-07-13T13:10:45.093514Z", "fetched_at": "2025-07-13T13:10:49.938829+00:00", "symbol": "ETH-USD"}, {"trade_id": 666231376, "side": "sell", "size": "1.53047989", "price": "2986.96000000", "time": "2025-07-13T13:10:45.093514Z", "fetched_at": "2025-07-13T13:10:49.938829+00:00", "symbol": "ETH-USD"}, {"trade_id": 666231375, "side": "sell", "size": "0.65402011", "price": "2986.96000000", "time": "2025-07-13T13:10:45.092608Z", "fetched_at": "2025-07-13T13:10:49.938829+00:00", "symbol": "ETH-USD"}, {"trade_id": 666231374, "side": "sell", "size": "0.50200220", "price": "2986.95000000", "time": "2025-07-13T13:10:45.092608Z", "fetched_at": "2025-07-13T13:10:49.938829+00:00", "symbol": "ETH-USD"}, {"trade_id": 666231373, "side": "sell", "size": "0.00100000", "price": "2986.94000000", "time": "2025-07-13T13:10:45.092608Z", "fetched_at": "2025-07-13T13:10:49.938829+00:00", "symbol": "ETH-USD"}, {"trade_id": 666231372, "side": "sell", "size": "0.83699179", "price": "2986.89000000", "time": "2025-07-13T13:10:45.092608Z", "fetched_at": "2025-07-13T13:10:49.938829+00:00", "symbol": "ETH-USD"}, {"trade_id": 666231371, "side": "sell", "size": "0.83700245", "price": "2986.85000000", "time": "2025-07-13T13:10:45.092421Z", "fetched_at": "2025-07-13T13:10:49.938829+00:00", "symbol": "ETH-USD"}, {"trade_id": 666231370, "side": "sell", "size": "2.18450000", "price": "2986.81000000", "time": "2025-07-13T13:10:45.092421Z", "fetched_at": "2025-07-13T13:10:49.938829+00:00", "symbol": "ETH-USD"}, {"trade_id": 666231369, "side": "sell", "size": "0.00100000", "price": "2986.72000000", "time": "2025-07-13T13:10:45.092421Z", "fetched_at": "2025-07-13T13:10:49.938829+00:00", "symbol": "ETH-USD"}, {"trade_id": 666231368, "side": "sell", "size": "0.19999958", "price": "2986.58000000", "time": "2025-07-13T13:10:45.089992Z", "fetched_at": "2025-07-13T13:10:49.938829+00:00", "symbol": "ETH-USD"}, {"trade_id": 666231367, "side": "sell", "size": "0.07858270", "price": "2986.58000000", "time": "2025-07-13T13:10:45.089992Z", "fetched_at": "2025-07-13T13:10:49.938829+00:00", "symbol": "ETH-USD"}, {"trade_id": 666231366, "side": "sell", "size": "0.00020802", "price": "2986.45000000", "time": "2025-07-13T13:10:45.089992Z", "fetched_at": "2025-07-13T13:10:49.938829+00:00", "symbol": "ETH-USD"}, {"trade_id": 666231365, "side": "sell", "size": "0.00015576", "price": "2986.45000000", "time": "2025-07-13T13:10:45.089992Z", "fetched_at": "2025-07-13T13:10:49.938829+00:00", "symbol": "ETH-USD"}, {"trade_id": 666231364, "side": "sell", "size": "0.11226586", "price": "2986.45000000", "time": "2025-07-13T13:10:44.139248Z", "fetched_at": "2025-07-13T13:10:49.938829+00:00", "symbol": "ETH-USD"}, {"trade_id": 666231363, "side": "sell", "size": "0.01989470", "price": "2986.45000000", "time": "2025-07-13T13:10:44.049730Z", "fetched_at": "2025-07-13T13:10:49.938829+00:00", "symbol": "ETH-USD"}, {"trade_id": 666231362, "side": "sell", "size": "0.01093110", "price": "2986.45000000", "time": "2025-07-13T13:10:44.000014Z", "fetched_at": "2025-07-13T13:10:49.938829+00:00", "symbol": "ETH-USD"}, {"trade_id": 666231361, "side": "sell", "size": "0.00012696", "price": "2986.25000000", "time": "2025-07-13T13:10:44.000014Z", "fetched_at": "2025-07-13T13:10:49.938829+00:00", "symbol": "ETH-USD"}, {"trade_id": 666231360, "side": "sell", "size": "0.00024004", "price": "2986.25000000", "time": "2025-07-13T13:10:44.000014Z", "fetched_at": "2025-07-13T13:10:49.938829+00:00", "symbol": "ETH-USD"}, {"trade_id": 666231359, "side": "sell", "size": "0.00030998", "price": "2986.25000000", "time": "2025-07-13T13:10:44.000014Z", "fetched_at": "2025-07-13T13:10:49.938829+00:00", "symbol": "ETH-USD"}, {"trade_id": 666231358, "side": "sell", "size": "0.03846648", "price": "2986.54000000", "time": "2025-07-13T13:10:41.754598Z", "fetched_at": "2025-07-13T13:10:49.938829+00:00", "symbol": "ETH-USD"}, {"trade_id": 666231357, "side": "sell", "size": "0.61791341", "price": "2986.52000000", "time": "2025-07-13T13:10:41.754598Z", "fetched_at": "2025-07-13T13:10:49.938829+00:00", "symbol": "ETH-USD"}, {"trade_id": 666231356, "side": "sell", "size": "0.39284231", "price": "2986.51000000", "time": "2025-07-13T13:10:41.754598Z", "fetched_at": "2025-07-13T13:10:49.938829+00:00", "symbol": "ETH-USD"}, {"trade_id": 666231355, "side": "sell", "size": "0.61904664", "price": "2986.50000000", "time": "2025-07-13T13:10:41.754598Z", "fetched_at": "2025-07-13T13:10:49.938829+00:00", "symbol": "ETH-USD"}, {"trade_id": 666231354, "side": "sell", "size": "0.00100000", "price": "2986.50000000", "time": "2025-07-13T13:10:41.754598Z", "fetched_at": "2025-07-13T13:10:49.938829+00:00", "symbol": "ETH-USD"}, {"trade_id": 666231353, "side": "sell", "size": "0.33011675", "price": "2986.46000000", "time": "2025-07-13T13:10:41.754598Z", "fetched_at": "2025-07-13T13:10:49.938829+00:00", "symbol": "ETH-USD"}, {"trade_id": 666231352, "side": "sell", "size": "0.30167242", "price": "2986.45000000", "time": "2025-07-13T13:10:41.754598Z", "fetched_at": "2025-07-13T13:10:49.938829+00:00", "symbol": "ETH-USD"}, {"trade_id": 666231351, "side": "sell", "size": "0.83711547", "price": "2986.45000000", "time": "2025-07-13T13:10:41.754598Z", "fetched_at": "2025-07-13T13:10:49.938829+00:00", "symbol": "ETH-USD"}, {"trade_id": 666231350, "side": "sell", "size": "1.05530072", "price": "2986.44000000", "time": "2025-07-13T13:10:41.754598Z", "fetched_at": "2025-07-13T13:10:49.938829+00:00", "symbol": "ETH-USD"}, {"trade_id": 666231349, "side": "sell", "size": "0.13606668", "price": "2986.43000000", "time": "2025-07-13T13:10:41.754598Z", "fetched_at": "2025-07-13T13:10:49.938829+00:00", "symbol": "ETH-USD"}, {"trade_id": 666231348, "side": "sell", "size": "0.04259695", "price": "2986.42000000", "time": "2025-07-13T13:10:41.754598Z", "fetched_at": "2025-07-13T13:10:49.938829+00:00", "symbol": "ETH-USD"}, {"trade_id": 666231347, "side": "sell", "size": "0.45900000", "price": "2986.39000000", "time": "2025-07-13T13:10:41.754598Z", "fetched_at": "2025-07-13T13:10:49.938829+00:00", "symbol": "ETH-USD"}, {"trade_id": 666231346, "side": "sell", "size": "0.16743096", "price": "2986.31000000", "time": "2025-07-13T13:10:41.754598Z", "fetched_at": "2025-07-13T13:10:49.938829+00:00", "symbol": "ETH-USD"}, {"trade_id": 666231345, "side": "sell", "size": "0.00100000", "price": "2986.28000000", "time": "2025-07-13T13:10:41.754598Z", "fetched_at": "2025-07-13T13:10:49.938829+00:00", "symbol": "ETH-USD"}, {"trade_id": 666231344, "side": "sell", "size": "0.00005588", "price": "2986.09000000", "time": "2025-07-13T13:10:41.754598Z", "fetched_at": "2025-07-13T13:10:49.938829+00:00", "symbol": "ETH-USD"}, {"trade_id": 666231343, "side": "sell", "size": "0.00007974", "price": "2986.09000000", "time": "2025-07-13T13:10:41.754598Z", "fetched_at": "2025-07-13T13:10:49.938829+00:00", "symbol": "ETH-USD"}, {"trade_id": 666231342, "side": "sell", "size": "0.00024003", "price": "2986.09000000", "time": "2025-07-13T13:10:41.754598Z", "fetched_at": "2025-07-13T13:10:49.938829+00:00", "symbol": "ETH-USD"}, {"trade_id": 666231341, "side": "sell", "size": "0.00007942", "price": "2986.09000000", "time": "2025-07-13T13:10:41.754598Z", "fetched_at": "2025-07-13T13:10:49.938829+00:00", "symbol": "ETH-USD"}, {"trade_id": 666231340, "side": "buy", "size": "0.26119086", "price": "2986.08000000", "time": "2025-07-13T13:10:39.195126Z", "fetched_at": "2025-07-13T13:10:49.938829+00:00", "symbol": "ETH-USD"}, {"trade_id": 666231339, "side": "buy", "size": "0.02970449", "price": "2986.08000000", "time": "2025-07-13T13:10:39.195126Z", "fetched_at": "2025-07-13T13:10:49.938829+00:00", "symbol": "ETH-USD"}, {"trade_id": 666231338, "side": "buy", "size": "0.01820446", "price": "2986.08000000", "time": "2025-07-13T13:10:39.195126Z", "fetched_at": "2025-07-13T13:10:49.938829+00:00", "symbol": "ETH-USD"}, {"trade_id": 666231337, "side": "buy", "size": "0.05624765", "price": "2986.08000000", "time": "2025-07-13T13:10:39.195126Z", "fetched_at": "2025-07-13T13:10:49.938829+00:00", "symbol": "ETH-USD"}, {"trade_id": 666231336, "side": "buy", "size": "0.06465254", "price": "2986.08000000", "time": "2025-07-13T13:10:39.195126Z", "fetched_at": "2025-07-13T13:10:49.938829+00:00", "symbol": "ETH-USD"}, {"trade_id": 666231335, "side": "sell", "size": "0.00023058", "price": "2986.09000000", "time": "2025-07-13T13:10:36.902745Z", "fetched_at": "2025-07-13T13:10:49.938829+00:00", "symbol": "ETH-USD"}, {"trade_id": 666231334, "side": "sell", "size": "0.00005589", "price": "2986.09000000", "time": "2025-07-13T13:10:36.902745Z", "fetched_at": "2025-07-13T13:10:49.938829+00:00", "symbol": "ETH-USD"}, {"trade_id": 666231333, "side": "sell", "size": "0.00010334", "price": "2986.09000000", "time": "2025-07-13T13:10:36.902745Z", "fetched_at": "2025-07-13T13:10:49.938829+00:00", "symbol": "ETH-USD"}, {"trade_id": 666231332, "side": "buy", "size": "0.01629682", "price": "2986.08000000", "time": "2025-07-13T13:10:34.736136Z", "fetched_at": "2025-07-13T13:10:49.938829+00:00", "symbol": "ETH-USD"}, {"trade_id": 666231331, "side": "buy", "size": "0.05900000", "price": "2986.08000000", "time": "2025-07-13T13:10:34.671239Z", "fetched_at": "2025-07-13T13:10:49.938829+00:00", "symbol": "ETH-USD"}, {"trade_id": 666231330, "side": "sell", "size": "0.00100000", "price": "2986.06000000", "time": "2025-07-13T13:10:33.467892Z", "fetched_at": "2025-07-13T13:10:49.938829+00:00", "symbol": "ETH-USD"}, {"trade_id": 666231329, "side": "sell", "size": "0.19985363", "price": "2986.01000000", "time": "2025-07-13T13:10:33.467892Z", "fetched_at": "2025-07-13T13:10:49.938829+00:00", "symbol": "ETH-USD"}, {"trade_id": 666231328, "side": "sell", "size": "0.00010335", "price": "2986.00000000", "time": "2025-07-13T13:10:33.467892Z", "fetched_at": "2025-07-13T13:10:49.938829+00:00", "symbol": "ETH-USD"}, {"trade_id": 666231327, "side": "sell", "size": "11.15736012", "price": "2986.00000000", "time": "2025-07-13T13:10:33.467892Z", "fetched_at": "2025-07-13T13:10:49.938829+00:00", "symbol": "ETH-USD"}, {"trade_id": 666231326, "side": "sell", "size": "0.15000000", "price": "2985.99000000", "time": "2025-07-13T13:10:33.467892Z", "fetched_at": "2025-07-13T13:10:49.938829+00:00", "symbol": "ETH-USD"}, {"trade_id": 666231325, "side": "sell", "size": "0.00349643", "price": "2985.86000000", "time": "2025-07-13T13:10:33.061022Z", "fetched_at": "2025-07-13T13:10:49.938829+00:00", "symbol": "ETH-USD"}, {"trade_id": 666231324, "side": "sell", "size": "0.00182989", "price": "2985.72000000", "time": "2025-07-13T13:10:31.612268Z", "fetched_at": "2025-07-13T13:10:49.938829+00:00", "symbol": "ETH-USD"}, {"trade_id": 666231323, "side": "sell", "size": "0.00024004", "price": "2985.72000000", "time": "2025-07-13T13:10:31.612268Z", "fetched_at": "2025-07-13T13:10:49.938829+00:00", "symbol": "ETH-USD"}, {"trade_id": 666231322, "side": "sell", "size": "0.00031002", "price": "2985.72000000", "time": "2025-07-13T13:10:31.612268Z", "fetched_at": "2025-07-13T13:10:49.938829+00:00", "symbol": "ETH-USD"}, {"trade_id": 666231321, "side": "sell", "size": "0.00005589", "price": "2985.72000000", "time": "2025-07-13T13:10:31.612268Z", "fetched_at": "2025-07-13T13:10:49.938829+00:00", "symbol": "ETH-USD"}, {"trade_id": 666231320, "side": "sell", "size": "0.00264134", "price": "2985.72000000", "time": "2025-07-13T13:10:31.152926Z", "fetched_at": "2025-07-13T13:10:49.938829+00:00", "symbol": "ETH-USD"}, {"trade_id": 666231319, "side": "sell", "size": "0.00994836", "price": "2985.72000000", "time": "2025-07-13T13:10:29.502366Z", "fetched_at": "2025-07-13T13:10:49.938829+00:00", "symbol": "ETH-USD"}, {"trade_id": 666231318, "side": "sell", "size": "0.10007636", "price": "2985.72000000", "time": "2025-07-13T13:10:29.231074Z", "fetched_at": "2025-07-13T13:10:49.938829+00:00", "symbol": "ETH-USD"}, {"trade_id": 666231317, "side": "buy", "size": "0.53056683", "price": "2985.80000000", "time": "2025-07-13T13:10:29.220919Z", "fetched_at": "2025-07-13T13:10:49.938829+00:00", "symbol": "ETH-USD"}, {"trade_id": 666231316, "side": "buy", "size": "0.00300000", "price": "2985.80000000", "time": "2025-07-13T13:10:29.220919Z", "fetched_at": "2025-07-13T13:10:49.938829+00:00", "symbol": "ETH-USD"}, {"trade_id": 666231315, "side": "buy", "size": "0.01901667", "price": "2985.80000000", "time": "2025-07-13T13:10:29.220919Z", "fetched_at": "2025-07-13T13:10:49.938829+00:00", "symbol": "ETH-USD"}, {"trade_id": 666231314, "side": "buy", "size": "1.56836338", "price": "2985.81000000", "time": "2025-07-13T13:10:29.220919Z", "fetched_at": "2025-07-13T13:10:49.938829+00:00", "symbol": "ETH-USD"}, {"trade_id": 666231313, "side": "buy", "size": "0.30000000", "price": "2985.90000000", "time": "2025-07-13T13:10:29.210039Z", "fetched_at": "2025-07-13T13:10:49.938829+00:00", "symbol": "ETH-USD"}, {"trade_id": 666231312, "side": "buy", "size": "0.01819831", "price": "2985.99000000", "time": "2025-07-13T13:10:29.205952Z", "fetched_at": "2025-07-13T13:10:49.938829+00:00", "symbol": "ETH-USD"}, {"trade_id": 666231311, "side": "buy", "size": "0.07254210", "price": "2985.99000000", "time": "2025-07-13T13:10:29.205952Z", "fetched_at": "2025-07-13T13:10:49.938829+00:00", "symbol": "ETH-USD"}, {"trade_id": 666231310, "side": "buy", "size": "0.00334898", "price": "2985.99000000", "time": "2025-07-13T13:10:29.205952Z", "fetched_at": "2025-07-13T13:10:49.938829+00:00", "symbol": "ETH-USD"}, {"trade_id": 666231309, "side": "buy", "size": "0.02062967", "price": "2985.99000000", "time": "2025-07-13T13:10:29.205952Z", "fetched_at": "2025-07-13T13:10:49.938829+00:00", "symbol": "ETH-USD"}, {"trade_id": 666231308, "side": "buy", "size": "0.04961497", "price": "2985.99000000", "time": "2025-07-13T13:10:29.205952Z", "fetched_at": "2025-07-13T13:10:49.938829+00:00", "symbol": "ETH-USD"}, {"trade_id": 666231307, "side": "buy", "size": "0.00163436", "price": "2985.99000000", "time": "2025-07-13T13:10:28.745215Z", "fetched_at": "2025-07-13T13:10:49.938829+00:00", "symbol": "ETH-USD"}, {"trade_id": 666231306, "side": "buy", "size": "0.00334898", "price": "2985.99000000", "time": "2025-07-13T13:10:28.745215Z", "fetched_at": "2025-07-13T13:10:49.938829+00:00", "symbol": "ETH-USD"}, {"trade_id": 666231305, "side": "sell", "size": "3.46379265", "price": "2986.00000000", "time": "2025-07-13T13:10:28.419803Z", "fetched_at": "2025-07-13T13:10:49.938829+00:00", "symbol": "ETH-USD"}, {"trade_id": 666231304, "side": "sell", "size": "0.19992001", "price": "2986.00000000", "time": "2025-07-13T13:10:28.419803Z", "fetched_at": "2025-07-13T13:10:49.938829+00:00", "symbol": "ETH-USD"}, {"trade_id": 666231303, "side": "sell", "size": "0.00331730", "price": "2985.99000000", "time": "2025-07-13T13:10:27.469023Z", "fetched_at": "2025-07-13T13:10:49.938829+00:00", "symbol": "ETH-USD"}, {"trade_id": 666231302, "side": "sell", "size": "0.00100000", "price": "2985.84000000", "time": "2025-07-13T13:10:26.825188Z", "fetched_at": "2025-07-13T13:10:49.938829+00:00", "symbol": "ETH-USD"}, {"trade_id": 666231301, "side": "sell", "size": "0.00024001", "price": "2985.62000000", "time": "2025-07-13T13:10:26.825188Z", "fetched_at": "2025-07-13T13:10:49.938829+00:00", "symbol": "ETH-USD"}, {"trade_id": 666231300, "side": "sell", "size": "0.00031003", "price": "2985.62000000", "time": "2025-07-13T13:10:26.825188Z", "fetched_at": "2025-07-13T13:10:49.938829+00:00", "symbol": "ETH-USD"}, {"trade_id": 666231299, "side": "sell", "size": "0.00005589", "price": "2985.62000000", "time": "2025-07-13T13:10:26.825188Z", "fetched_at": "2025-07-13T13:10:49.938829+00:00", "symbol": "ETH-USD"}, {"trade_id": 666231298, "side": "sell", "size": "0.00100000", "price": "2985.62000000", "time": "2025-07-13T13:10:26.825188Z", "fetched_at": "2025-07-13T13:10:49.938829+00:00", "symbol": "ETH-USD"}, {"trade_id": 666231297, "side": "sell", "size": "0.00010334", "price": "2985.42000000", "time": "2025-07-13T13:10:24.879643Z", "fetched_at": "2025-07-13T13:10:49.938829+00:00", "symbol": "ETH-USD"}, {"trade_id": 666231296, "side": "sell", "size": "0.00838783", "price": "2985.42000000", "time": "2025-07-13T13:10:24.879643Z", "fetched_at": "2025-07-13T13:10:49.938829+00:00", "symbol": "ETH-USD"}, {"trade_id": 666231295, "side": "sell", "size": "0.01990007", "price": "2985.42000000", "time": "2025-07-13T13:10:22.834948Z", "fetched_at": "2025-07-13T13:10:49.938829+00:00", "symbol": "ETH-USD"}, {"trade_id": 666231294, "side": "sell", "size": "0.00100000", "price": "2985.40000000", "time": "2025-07-13T13:10:22.834948Z", "fetched_at": "2025-07-13T13:10:49.938829+00:00", "symbol": "ETH-USD"}, {"trade_id": 666231293, "side": "sell", "size": "0.00465770", "price": "2985.34000000", "time": "2025-07-13T13:10:20.926370Z", "fetched_at": "2025-07-13T13:10:49.938829+00:00", "symbol": "ETH-USD"}, {"trade_id": 666231292, "side": "sell", "size": "0.00005588", "price": "2985.19000000", "time": "2025-07-13T13:10:20.926370Z", "fetched_at": "2025-07-13T13:10:49.938829+00:00", "symbol": "ETH-USD"}, {"trade_id": 666231291, "side": "sell", "size": "0.00026345", "price": "2985.18000000", "time": "2025-07-13T13:10:20.926370Z", "fetched_at": "2025-07-13T13:10:49.938829+00:00", "symbol": "ETH-USD"}, {"trade_id": 666231290, "side": "sell", "size": "0.00033350", "price": "2985.18000000", "time": "2025-07-13T13:10:20.926370Z", "fetched_at": "2025-07-13T13:10:49.938829+00:00", "symbol": "ETH-USD"}, {"trade_id": 666231289, "side": "buy", "size": "0.00015491", "price": "2984.98000000", "time": "2025-07-13T13:10:20.153190Z", "fetched_at": "2025-07-13T13:10:49.938829+00:00", "symbol": "ETH-USD"}, {"trade_id": 666231288, "side": "sell", "size": "0.01866345", "price": "2985.32000000", "time": "2025-07-13T13:10:19.681885Z", "fetched_at": "2025-07-13T13:10:49.938829+00:00", "symbol": "ETH-USD"}, {"trade_id": 666231287, "side": "sell", "size": "0.15000000", "price": "2985.31000000", "time": "2025-07-13T13:10:19.681885Z", "fetched_at": "2025-07-13T13:10:49.938829+00:00", "symbol": "ETH-USD"}, {"trade_id": 666231286, "side": "sell", "size": "0.45900000", "price": "2985.29000000", "time": "2025-07-13T13:10:19.681885Z", "fetched_at": "2025-07-13T13:10:49.938829+00:00", "symbol": "ETH-USD"}, {"trade_id": 666231285, "side": "sell", "size": "0.16748820", "price": "2985.29000000", "time": "2025-07-13T13:10:19.681885Z", "fetched_at": "2025-07-13T13:10:49.938829+00:00", "symbol": "ETH-USD"}, {"trade_id": 666231284, "side": "sell", "size": "0.00100000", "price": "2985.18000000", "time": "2025-07-13T13:10:19.681885Z", "fetched_at": "2025-07-13T13:10:49.938829+00:00", "symbol": "ETH-USD"}, {"trade_id": 666231283, "side": "sell", "size": "0.01005025", "price": "2985.00000000", "time": "2025-07-13T13:10:19.681885Z", "fetched_at": "2025-07-13T13:10:49.938829+00:00", "symbol": "ETH-USD"}, {"trade_id": 666231282, "side": "sell", "size": "0.00010334", "price": "2984.99000000", "time": "2025-07-13T13:10:19.681885Z", "fetched_at": "2025-07-13T13:10:49.938829+00:00", "symbol": "ETH-USD"}, {"trade_id": 666231281, "side": "sell", "size": "0.00037109", "price": "2984.99000000", "time": "2025-07-13T13:10:19.681885Z", "fetched_at": "2025-07-13T13:10:49.938829+00:00", "symbol": "ETH-USD"}, {"trade_id": 666231280, "side": "sell", "size": "0.00028737", "price": "2984.99000000", "time": "2025-07-13T13:10:19.681885Z", "fetched_at": "2025-07-13T13:10:49.938829+00:00", "symbol": "ETH-USD"}, {"trade_id": 666231279, "side": "sell", "size": "0.00006587", "price": "2984.99000000", "time": "2025-07-13T13:10:19.681885Z", "fetched_at": "2025-07-13T13:10:49.938829+00:00", "symbol": "ETH-USD"}, {"trade_id": 666231278, "side": "sell", "size": "0.19297297", "price": "2984.99000000", "time": "2025-07-13T13:10:19.681885Z", "fetched_at": "2025-07-13T13:10:49.938829+00:00", "symbol": "ETH-USD"}, {"trade_id": 666231277, "side": "buy", "size": "0.00713895", "price": "2984.98000000", "time": "2025-07-13T13:10:19.067265Z", "fetched_at": "2025-07-13T13:10:49.938829+00:00", "symbol": "ETH-USD"}, {"trade_id": 666231276, "side": "buy", "size": "0.00007037", "price": "2984.87000000", "time": "2025-07-13T13:10:17.828454Z", "fetched_at": "2025-07-13T13:10:49.938829+00:00", "symbol": "ETH-USD"}, {"trade_id": 666231275, "side": "sell", "size": "0.00323476", "price": "2984.99000000", "time": "2025-07-13T13:10:16.043082Z", "fetched_at": "2025-07-13T13:10:49.938829+00:00", "symbol": "ETH-USD"}, {"trade_id": 666231274, "side": "sell", "size": "0.00361491", "price": "2984.99000000", "time": "2025-07-13T13:10:14.982567Z", "fetched_at": "2025-07-13T13:10:49.938829+00:00", "symbol": "ETH-USD"}, {"trade_id": 666231273, "side": "sell", "size": "0.00100000", "price": "2984.96000000", "time": "2025-07-13T13:10:14.982567Z", "fetched_at": "2025-07-13T13:10:49.938829+00:00", "symbol": "ETH-USD"}, {"trade_id": 666231272, "side": "sell", "size": "0.99712558", "price": "2984.80000000", "time": "2025-07-13T13:10:14.699176Z", "fetched_at": "2025-07-13T13:10:49.938829+00:00", "symbol": "ETH-USD"}, {"trade_id": 666231271, "side": "sell", "size": "0.00100000", "price": "2984.74000000", "time": "2025-07-13T13:10:14.699176Z", "fetched_at": "2025-07-13T13:10:49.938829+00:00", "symbol": "ETH-USD"}, {"trade_id": 666231270, "side": "sell", "size": "0.18563285", "price": "2984.64000000", "time": "2025-07-13T13:10:14.634525Z", "fetched_at": "2025-07-13T13:10:49.938829+00:00", "symbol": "ETH-USD"}, {"trade_id": 666231269, "side": "sell", "size": "0.01435055", "price": "2984.64000000", "time": "2025-07-13T13:10:14.254144Z", "fetched_at": "2025-07-13T13:10:49.938829+00:00", "symbol": "ETH-USD"}, {"trade_id": 666231268, "side": "sell", "size": "0.00100000", "price": "2984.52000000", "time": "2025-07-13T13:10:14.254144Z", "fetched_at": "2025-07-13T13:10:49.938829+00:00", "symbol": "ETH-USD"}, {"trade_id": 666231267, "side": "sell", "size": "0.19999551", "price": "2984.43000000", "time": "2025-07-13T13:10:13.739981Z", "fetched_at": "2025-07-13T13:10:49.938829+00:00", "symbol": "ETH-USD"}, {"trade_id": 666231266, "side": "sell", "size": "0.00010335", "price": "2984.38000000", "time": "2025-07-13T13:10:13.739981Z", "fetched_at": "2025-07-13T13:10:49.938829+00:00", "symbol": "ETH-USD"}, {"trade_id": 666231265, "side": "sell", "size": "0.35179763", "price": "2984.38000000", "time": "2025-07-13T13:10:13.739981Z", "fetched_at": "2025-07-13T13:10:49.938829+00:00", "symbol": "ETH-USD"}, {"trade_id": 666231264, "side": "sell", "size": "0.00259201", "price": "2984.38000000", "time": "2025-07-13T13:10:11.465451Z", "fetched_at": "2025-07-13T13:10:49.938829+00:00", "symbol": "ETH-USD"}, {"trade_id": 666231263, "side": "sell", "size": "0.00331753", "price": "2984.38000000", "time": "2025-07-13T13:10:10.843075Z", "fetched_at": "2025-07-13T13:10:49.938829+00:00", "symbol": "ETH-USD"}, {"trade_id": 666231262, "side": "buy", "size": "0.00001958", "price": "2984.22000000", "time": "2025-07-13T13:10:10.607643Z", "fetched_at": "2025-07-13T13:10:49.938829+00:00", "symbol": "ETH-USD"}, {"trade_id": 666231261, "side": "sell", "size": "0.00216357", "price": "2984.35000000", "time": "2025-07-13T13:10:10.213337Z", "fetched_at": "2025-07-13T13:10:49.938829+00:00", "symbol": "ETH-USD"}, {"trade_id": 666231260, "side": "sell", "size": "0.00022540", "price": "2984.35000000", "time": "2025-07-13T13:10:10.213337Z", "fetched_at": "2025-07-13T13:10:49.938829+00:00", "symbol": "ETH-USD"}, {"trade_id": 666231259, "side": "sell", "size": "0.00004590", "price": "2984.35000000", "time": "2025-07-13T13:10:10.213337Z", "fetched_at": "2025-07-13T13:10:49.938829+00:00", "symbol": "ETH-USD"}, {"trade_id": 666231258, "side": "sell", "size": "0.00016928", "price": "2984.35000000", "time": "2025-07-13T13:10:10.213337Z", "fetched_at": "2025-07-13T13:10:49.938829+00:00", "symbol": "ETH-USD"}, {"trade_id": 666231257, "side": "sell", "size": "0.06512970", "price": "2984.35000000", "time": "2025-07-13T13:10:09.871507Z", "fetched_at": "2025-07-13T13:10:49.938829+00:00", "symbol": "ETH-USD"}, {"trade_id": 666231256, "side": "sell", "size": "0.09466144", "price": "2984.36000000", "time": "2025-07-13T13:10:09.280787Z", "fetched_at": "2025-07-13T13:10:49.938829+00:00", "symbol": "ETH-USD"}, {"trade_id": 666231255, "side": "sell", "size": "0.00010336", "price": "2984.30000000", "time": "2025-07-13T13:10:09.280787Z", "fetched_at": "2025-07-13T13:10:49.938829+00:00", "symbol": "ETH-USD"}, {"trade_id": 666231254, "side": "sell", "size": "0.00031001", "price": "2984.30000000", "time": "2025-07-13T13:10:09.280787Z", "fetched_at": "2025-07-13T13:10:49.938829+00:00", "symbol": "ETH-USD"}, {"trade_id": 666231253, "side": "sell", "size": "0.00024001", "price": "2984.30000000", "time": "2025-07-13T13:10:09.280787Z", "fetched_at": "2025-07-13T13:10:49.938829+00:00", "symbol": "ETH-USD"}, {"trade_id": 666231252, "side": "sell", "size": "0.00005590", "price": "2984.30000000", "time": "2025-07-13T13:10:09.280787Z", "fetched_at": "2025-07-13T13:10:49.938829+00:00", "symbol": "ETH-USD"}, {"trade_id": 666231251, "side": "sell", "size": "0.02726606", "price": "2984.37000000", "time": "2025-07-13T13:10:07.764249Z", "fetched_at": "2025-07-13T13:10:49.938829+00:00", "symbol": "ETH-USD"}, {"trade_id": 666231250, "side": "sell", "size": "0.00062005", "price": "2984.30000000", "time": "2025-07-13T13:10:07.764249Z", "fetched_at": "2025-07-13T13:10:49.938829+00:00", "symbol": "ETH-USD"}, {"trade_id": 666231249, "side": "sell", "size": "0.00048003", "price": "2984.30000000", "time": "2025-07-13T13:10:07.764249Z", "fetched_at": "2025-07-13T13:10:49.938829+00:00", "symbol": "ETH-USD"}, {"trade_id": 666231248, "side": "sell", "size": "0.00011177", "price": "2984.30000000", "time": "2025-07-13T13:10:07.764249Z", "fetched_at": "2025-07-13T13:10:49.938829+00:00", "symbol": "ETH-USD"}, {"trade_id": 666231247, "side": "sell", "size": "0.00010334", "price": "2984.30000000", "time": "2025-07-13T13:10:07.764249Z", "fetched_at": "2025-07-13T13:10:49.938829+00:00", "symbol": "ETH-USD"}, {"trade_id": 666231246, "side": "sell", "size": "0.00100000", "price": "2984.30000000", "time": "2025-07-13T13:10:07.764249Z", "fetched_at": "2025-07-13T13:10:49.938829+00:00", "symbol": "ETH-USD"}, {"trade_id": 666231245, "side": "buy", "size": "0.02116298", "price": "2984.21000000", "time": "2025-07-13T13:10:05.470438Z", "fetched_at": "2025-07-13T13:10:49.938829+00:00", "symbol": "ETH-USD"}, {"trade_id": 666231244, "side": "sell", "size": "0.17325415", "price": "2984.29000000", "time": "2025-07-13T13:10:04.691064Z", "fetched_at": "2025-07-13T13:10:49.938829+00:00", "symbol": "ETH-USD"}, {"trade_id": 666231243, "side": "sell", "size": "0.37297224", "price": "2984.16000000", "time": "2025-07-13T13:10:02.730072Z", "fetched_at": "2025-07-13T13:10:49.938829+00:00", "symbol": "ETH-USD"}, {"trade_id": 666231242, "side": "sell", "size": "0.00024002", "price": "2984.15000000", "time": "2025-07-13T13:10:02.730072Z", "fetched_at": "2025-07-13T13:10:49.938829+00:00", "symbol": "ETH-USD"}, {"trade_id": 666231241, "side": "sell", "size": "0.00031003", "price": "2984.15000000", "time": "2025-07-13T13:10:02.730072Z", "fetched_at": "2025-07-13T13:10:49.938829+00:00", "symbol": "ETH-USD"}, {"trade_id": 666231240, "side": "sell", "size": "0.00005831", "price": "2984.15000000", "time": "2025-07-13T13:10:02.730072Z", "fetched_at": "2025-07-13T13:10:49.938829+00:00", "symbol": "ETH-USD"}, {"trade_id": 666231239, "side": "sell", "size": "0.06463470", "price": "2984.15000000", "time": "2025-07-13T13:10:02.730072Z", "fetched_at": "2025-07-13T13:10:49.938829+00:00", "symbol": "ETH-USD"}, {"trade_id": 666231238, "side": "sell", "size": "0.30000000", "price": "2984.10000000", "time": "2025-07-13T13:10:02.729489Z", "fetched_at": "2025-07-13T13:10:49.938829+00:00", "symbol": "ETH-USD"}, {"trade_id": 666231237, "side": "sell", "size": "0.00100000", "price": "2984.08000000", "time": "2025-07-13T13:10:02.729489Z", "fetched_at": "2025-07-13T13:10:49.938829+00:00", "symbol": "ETH-USD"}, {"trade_id": 666231236, "side": "sell", "size": "0.30000000", "price": "2984.00000000", "time": "2025-07-13T13:10:02.719468Z", "fetched_at": "2025-07-13T13:10:49.938829+00:00", "symbol": "ETH-USD"}, {"trade_id": 666231235, "side": "sell", "size": "0.76525962", "price": "2984.00000000", "time": "2025-07-13T13:10:02.719468Z", "fetched_at": "2025-07-13T13:10:49.938829+00:00", "symbol": "ETH-USD"}, {"trade_id": 666231234, "side": "sell", "size": "0.03213334", "price": "2983.99000000", "time": "2025-07-13T13:10:00.911686Z", "fetched_at": "2025-07-13T13:10:49.938829+00:00", "symbol": "ETH-USD"}, {"trade_id": 666231233, "side": "sell", "size": "0.00043153", "price": "2983.98000000", "time": "2025-07-13T13:10:00.911686Z", "fetched_at": "2025-07-13T13:10:49.938829+00:00", "symbol": "ETH-USD"}, {"trade_id": 666231232, "side": "buy", "size": "0.00102496", "price": "2983.59000000", "time": "2025-07-13T13:09:59.641499Z", "fetched_at": "2025-07-13T13:10:49.938829+00:00", "symbol": "ETH-USD"}, {"trade_id": 666231231, "side": "buy", "size": "0.00335145", "price": "2983.79000000", "time": "2025-07-13T13:09:59.641499Z", "fetched_at": "2025-07-13T13:10:49.938829+00:00", "symbol": "ETH-USD"}, {"trade_id": 666231230, "side": "sell", "size": "0.00755694", "price": "2983.79000000", "time": "2025-07-13T13:09:58.924702Z", "fetched_at": "2025-07-13T13:10:49.938829+00:00", "symbol": "ETH-USD"}, {"trade_id": 666231229, "side": "sell", "size": "0.00063356", "price": "2983.78000000", "time": "2025-07-13T13:09:58.924702Z", "fetched_at": "2025-07-13T13:10:49.938829+00:00", "symbol": "ETH-USD"}, {"trade_id": 666231228, "side": "sell", "size": "0.00010335", "price": "2983.60000000", "time": "2025-07-13T13:09:58.924702Z", "fetched_at": "2025-07-13T13:10:49.938829+00:00", "symbol": "ETH-USD"}, {"trade_id": 666231227, "side": "sell", "size": "0.00264052", "price": "2983.81000000", "time": "2025-07-13T13:09:57.814447Z", "fetched_at": "2025-07-13T13:10:49.938829+00:00", "symbol": "ETH-USD"}, {"trade_id": 666231226, "side": "sell", "size": "0.00059407", "price": "2983.60000000", "time": "2025-07-13T13:09:57.814447Z", "fetched_at": "2025-07-13T13:10:49.938829+00:00", "symbol": "ETH-USD"}, {"trade_id": 666231225, "side": "sell", "size": "0.01568836", "price": "2983.80000000", "time": "2025-07-13T13:09:57.567476Z", "fetched_at": "2025-07-13T13:10:49.938829+00:00", "symbol": "ETH-USD"}, {"trade_id": 666231224, "side": "sell", "size": "0.00059407", "price": "2983.60000000", "time": "2025-07-13T13:09:57.567476Z", "fetched_at": "2025-07-13T13:10:49.938829+00:00", "symbol": "ETH-USD"}, {"trade_id": 666231223, "side": "sell", "size": "0.00591824", "price": "2983.80000000", "time": "2025-07-13T13:09:57.493012Z", "fetched_at": "2025-07-13T13:10:49.938829+00:00", "symbol": "ETH-USD"}, {"trade_id": 666231222, "side": "sell", "size": "0.00059407", "price": "2983.79000000", "time": "2025-07-13T13:09:57.493012Z", "fetched_at": "2025-07-13T13:10:49.938829+00:00", "symbol": "ETH-USD"}, {"trade_id": 666231221, "side": "sell", "size": "0.00155542", "price": "2983.60000000", "time": "2025-07-13T13:09:56.802624Z", "fetched_at": "2025-07-13T13:10:49.938829+00:00", "symbol": "ETH-USD"}, {"trade_id": 666231220, "side": "sell", "size": "0.00010335", "price": "2983.60000000", "time": "2025-07-13T13:09:56.802624Z", "fetched_at": "2025-07-13T13:10:49.938829+00:00", "symbol": "ETH-USD"}, {"trade_id": 666231219, "side": "buy", "size": "0.02538555", "price": "2983.59000000", "time": "2025-07-13T13:09:55.794028Z", "fetched_at": "2025-07-13T13:10:49.938829+00:00", "symbol": "ETH-USD"}, {"trade_id": 666231218, "side": "buy", "size": "0.00100000", "price": "2983.64000000", "time": "2025-07-13T13:09:52.614504Z", "fetched_at": "2025-07-13T13:10:49.938829+00:00", "symbol": "ETH-USD"}, {"trade_id": 666231217, "side": "buy", "size": "0.00398510", "price": "2983.69000000", "time": "2025-07-13T13:09:52.614504Z", "fetched_at": "2025-07-13T13:10:49.938829+00:00", "symbol": "ETH-USD"}, {"trade_id": 666231216, "side": "buy", "size": "0.01780507", "price": "2983.98000000", "time": "2025-07-13T13:09:51.123524Z", "fetched_at": "2025-07-13T13:10:49.938829+00:00", "symbol": "ETH-USD"}, {"trade_id": 666231215, "side": "buy", "size": "0.00088233", "price": "2983.98000000", "time": "2025-07-13T13:09:51.123524Z", "fetched_at": "2025-07-13T13:10:49.938829+00:00", "symbol": "ETH-USD"}, {"trade_id": 666231214, "side": "buy", "size": "0.17450183", "price": "2983.98000000", "time": "2025-07-13T13:09:51.123524Z", "fetched_at": "2025-07-13T13:10:49.938829+00:00", "symbol": "ETH-USD"}, {"trade_id": 666231213, "side": "buy", "size": "0.00398462", "price": "2984.05000000", "time": "2025-07-13T13:09:51.123524Z", "fetched_at": "2025-07-13T13:10:49.938829+00:00", "symbol": "ETH-USD"}, {"trade_id": 666231212, "side": "sell", "size": "0.04580000", "price": "2984.06000000", "time": "2025-07-13T13:09:50.993478Z", "fetched_at": "2025-07-13T13:10:49.938829+00:00", "symbol": "ETH-USD"}, {"trade_id": 666231211, "side": "sell", "size": "0.00093829", "price": "2984.15000000", "time": "2025-07-13T13:09:50.715161Z", "fetched_at": "2025-07-13T13:10:49.938829+00:00", "symbol": "ETH-USD"}, {"trade_id": 666231210, "side": "sell", "size": "0.09989665", "price": "2984.15000000", "time": "2025-07-13T13:09:48.598157Z", "fetched_at": "2025-07-13T13:10:49.938829+00:00", "symbol": "ETH-USD"}, {"trade_id": 666231209, "side": "sell", "size": "0.00010335", "price": "2984.14000000", "time": "2025-07-13T13:09:48.598157Z", "fetched_at": "2025-07-13T13:10:49.938829+00:00", "symbol": "ETH-USD"}, {"trade_id": 666231208, "side": "sell", "size": "0.00829692", "price": "2984.14000000", "time": "2025-07-13T13:09:47.757573Z", "fetched_at": "2025-07-13T13:10:49.938829+00:00", "symbol": "ETH-USD"}, {"trade_id": 666231207, "side": "sell", "size": "0.03441599", "price": "2984.15000000", "time": "2025-07-13T13:09:47.314305Z", "fetched_at": "2025-07-13T13:10:49.938829+00:00", "symbol": "ETH-USD"}, {"trade_id": 666231206, "side": "sell", "size": "0.00043048", "price": "2984.14000000", "time": "2025-07-13T13:09:47.314305Z", "fetched_at": "2025-07-13T13:10:49.938829+00:00", "symbol": "ETH-USD"}, {"trade_id": 666231205, "side": "sell", "size": "0.19997796", "price": "2984.11000000", "time": "2025-07-13T13:09:45.971938Z", "fetched_at": "2025-07-13T13:10:49.938829+00:00", "symbol": "ETH-USD"}, {"trade_id": 666231204, "side": "sell", "size": "0.83777857", "price": "2984.09000000", "time": "2025-07-13T13:09:45.971938Z", "fetched_at": "2025-07-13T13:10:49.938829+00:00", "symbol": "ETH-USD"}, {"trade_id": 666231203, "side": "sell", "size": "0.19662012", "price": "2984.08000000", "time": "2025-07-13T13:09:45.968054Z", "fetched_at": "2025-07-13T13:10:49.938829+00:00", "symbol": "ETH-USD"}, {"trade_id": 666231202, "side": "sell", "size": "0.19988563", "price": "2984.08000000", "time": "2025-07-13T13:09:45.968Z", "fetched_at": "2025-07-13T13:10:49.938829+00:00", "symbol": "ETH-USD"}, {"trade_id": 666231201, "side": "sell", "size": "1.93667002", "price": "2984.08000000", "time": "2025-07-13T13:09:45.967929Z", "fetched_at": "2025-07-13T13:10:49.938829+00:00", "symbol": "ETH-USD"}, {"trade_id": 666231200, "side": "sell", "size": "1.63449539", "price": "2984.08000000", "time": "2025-07-13T13:09:45.967910Z", "fetched_at": "2025-07-13T13:10:49.938829+00:00", "symbol": "ETH-USD"}, {"trade_id": 666231199, "side": "sell", "size": "0.00100000", "price": "2984.08000000", "time": "2025-07-13T13:09:45.967910Z", "fetched_at": "2025-07-13T13:10:49.938829+00:00", "symbol": "ETH-USD"}, {"trade_id": 666231198, "side": "sell", "size": "0.09495447", "price": "2984.06000000", "time": "2025-07-13T13:09:45.967910Z", "fetched_at": "2025-07-13T13:10:49.938829+00:00", "symbol": "ETH-USD"}, {"trade_id": 666231197, "side": "sell", "size": "0.10071138", "price": "2984.05000000", "time": "2025-07-13T13:09:45.967910Z", "fetched_at": "2025-07-13T13:10:49.938829+00:00", "symbol": "ETH-USD"}, {"trade_id": 666231196, "side": "sell", "size": "0.09233523", "price": "2984.04000000", "time": "2025-07-13T13:09:45.967910Z", "fetched_at": "2025-07-13T13:10:49.938829+00:00", "symbol": "ETH-USD"}, {"trade_id": 666231195, "side": "sell", "size": "0.08669206", "price": "2984.03000000", "time": "2025-07-13T13:09:45.967910Z", "fetched_at": "2025-07-13T13:10:49.938829+00:00", "symbol": "ETH-USD"}, {"trade_id": 666231194, "side": "sell", "size": "0.00064556", "price": "2984.02000000", "time": "2025-07-13T13:09:45.967910Z", "fetched_at": "2025-07-13T13:10:49.938829+00:00", "symbol": "ETH-USD"}, {"trade_id": 666231193, "side": "sell", "size": "0.00010334", "price": "2983.85000000", "time": "2025-07-13T13:09:45.967910Z", "fetched_at": "2025-07-13T13:10:49.938829+00:00", "symbol": "ETH-USD"}, {"trade_id": 666231192, "side": "sell", "size": "0.00024002", "price": "2983.60000000", "time": "2025-07-13T13:09:45.967910Z", "fetched_at": "2025-07-13T13:10:49.938829+00:00", "symbol": "ETH-USD"}, {"trade_id": 666231191, "side": "sell", "size": "0.00030999", "price": "2983.60000000", "time": "2025-07-13T13:09:45.967910Z", "fetched_at": "2025-07-13T13:10:49.938829+00:00", "symbol": "ETH-USD"}, {"trade_id": 666231190, "side": "sell", "size": "0.00008514", "price": "2983.60000000", "time": "2025-07-13T13:09:45.967910Z", "fetched_at": "2025-07-13T13:10:49.938829+00:00", "symbol": "ETH-USD"}, {"trade_id": 666231189, "side": "sell", "size": "0.01729788", "price": "2983.80000000", "time": "2025-07-13T13:09:44.860459Z", "fetched_at": "2025-07-13T13:10:49.938829+00:00", "symbol": "ETH-USD"}, {"trade_id": 666231188, "side": "sell", "size": "0.10963452", "price": "2983.79000000", "time": "2025-07-13T13:09:44.860459Z", "fetched_at": "2025-07-13T13:10:49.938829+00:00", "symbol": "ETH-USD"}, {"trade_id": 666231187, "side": "sell", "size": "0.00062142", "price": "2983.60000000", "time": "2025-07-13T13:09:44.860459Z", "fetched_at": "2025-07-13T13:10:49.938829+00:00", "symbol": "ETH-USD"}, {"trade_id": 666231186, "side": "sell", "size": "0.00752216", "price": "2983.78000000", "time": "2025-07-13T13:09:44.770462Z", "fetched_at": "2025-07-13T13:10:49.938829+00:00", "symbol": "ETH-USD"}, {"trade_id": 666231185, "side": "sell", "size": "0.00062142", "price": "2983.60000000", "time": "2025-07-13T13:09:44.770462Z", "fetched_at": "2025-07-13T13:10:49.938829+00:00", "symbol": "ETH-USD"}, {"trade_id": 666231184, "side": "buy", "size": "1.85820055", "price": "2983.35000000", "time": "2025-07-13T13:09:43.040991Z", "fetched_at": "2025-07-13T13:10:49.938829+00:00", "symbol": "ETH-USD"}, {"trade_id": 666231183, "side": "buy", "size": "0.11706451", "price": "2983.36000000", "time": "2025-07-13T13:09:43.040991Z", "fetched_at": "2025-07-13T13:10:49.938829+00:00", "symbol": "ETH-USD"}, {"trade_id": 666231182, "side": "buy", "size": "0.30987706", "price": "2983.43000000", "time": "2025-07-13T13:09:43.040991Z", "fetched_at": "2025-07-13T13:10:49.938829+00:00", "symbol": "ETH-USD"}, {"trade_id": 666231181, "side": "buy", "size": "0.52364795", "price": "2983.45000000", "time": "2025-07-13T13:09:43.040991Z", "fetched_at": "2025-07-13T13:10:49.938829+00:00", "symbol": "ETH-USD"}, {"trade_id": 666231180, "side": "buy", "size": "0.50011501", "price": "2983.46000000", "time": "2025-07-13T13:09:43.040991Z", "fetched_at": "2025-07-13T13:10:49.938829+00:00", "symbol": "ETH-USD"}, {"trade_id": 666231179, "side": "buy", "size": "0.10983707", "price": "2983.51000000", "time": "2025-07-13T13:09:43.040991Z", "fetched_at": "2025-07-13T13:10:49.938829+00:00", "symbol": "ETH-USD"}, {"trade_id": 666231178, "side": "buy", "size": "0.16758615", "price": "2983.54000000", "time": "2025-07-13T13:09:43.040991Z", "fetched_at": "2025-07-13T13:10:49.938829+00:00", "symbol": "ETH-USD"}, {"trade_id": 666231177, "side": "buy", "size": "0.00398529", "price": "2983.55000000", "time": "2025-07-13T13:09:43.040991Z", "fetched_at": "2025-07-13T13:10:49.938829+00:00", "symbol": "ETH-USD"}, {"trade_id": 666231176, "side": "sell", "size": "0.78716604", "price": "2984.05000000", "time": "2025-07-13T13:09:42.197987Z", "fetched_at": "2025-07-13T13:10:49.938829+00:00", "symbol": "ETH-USD"}, {"trade_id": 666231175, "side": "sell", "size": "0.18867243", "price": "2984.04000000", "time": "2025-07-13T13:09:42.197987Z", "fetched_at": "2025-07-13T13:10:49.938829+00:00", "symbol": "ETH-USD"}, {"trade_id": 666231174, "side": "sell", "size": "0.00105298", "price": "2984.03000000", "time": "2025-07-13T13:09:42.197987Z", "fetched_at": "2025-07-13T13:10:49.938829+00:00", "symbol": "ETH-USD"}, {"trade_id": 666231173, "side": "sell", "size": "0.00100000", "price": "2983.86000000", "time": "2025-07-13T13:09:42.197987Z", "fetched_at": "2025-07-13T13:10:49.938829+00:00", "symbol": "ETH-USD"}, {"trade_id": 666231172, "side": "sell", "size": "0.02207840", "price": "2983.69000000", "time": "2025-07-13T13:09:42.197987Z", "fetched_at": "2025-07-13T13:10:49.938829+00:00", "symbol": "ETH-USD"}, {"trade_id": 666231171, "side": "buy", "size": "0.00007110", "price": "2983.52000000", "time": "2025-07-13T13:09:42.145657Z", "fetched_at": "2025-07-13T13:10:49.938829+00:00", "symbol": "ETH-USD"}, {"trade_id": 666231170, "side": "sell", "size": "0.02064159", "price": "2983.69000000", "time": "2025-07-13T13:09:41.984090Z", "fetched_at": "2025-07-13T13:10:49.938829+00:00", "symbol": "ETH-USD"}, {"trade_id": 666231169, "side": "sell", "size": "0.07308428", "price": "2983.69000000", "time": "2025-07-13T13:09:41.984090Z", "fetched_at": "2025-07-13T13:10:49.938829+00:00", "symbol": "ETH-USD"}, {"trade_id": 666231168, "side": "sell", "size": "0.00026929", "price": "2983.59000000", "time": "2025-07-13T13:09:41.984090Z", "fetched_at": "2025-07-13T13:10:49.938829+00:00", "symbol": "ETH-USD"}, {"trade_id": 666231167, "side": "sell", "size": "0.00034102", "price": "2983.59000000", "time": "2025-07-13T13:09:41.984090Z", "fetched_at": "2025-07-13T13:10:49.938829+00:00", "symbol": "ETH-USD"}, {"trade_id": 666231166, "side": "buy", "size": "0.02799321", "price": "2983.35000000", "time": "2025-07-13T13:09:41.470186Z", "fetched_at": "2025-07-13T13:10:49.938829+00:00", "symbol": "ETH-USD"}, {"trade_id": 666231165, "side": "buy", "size": "0.53963720", "price": "2983.38000000", "time": "2025-07-13T13:09:41.470186Z", "fetched_at": "2025-07-13T13:10:49.938829+00:00", "symbol": "ETH-USD"}, {"trade_id": 666231164, "side": "buy", "size": "0.43311635", "price": "2983.38000000", "time": "2025-07-13T13:09:41.470186Z", "fetched_at": "2025-07-13T13:10:49.938829+00:00", "symbol": "ETH-USD"}, {"trade_id": 666231163, "side": "buy", "size": "0.45900000", "price": "2983.41000000", "time": "2025-07-13T13:09:41.470186Z", "fetched_at": "2025-07-13T13:10:49.938829+00:00", "symbol": "ETH-USD"}, {"trade_id": 666231162, "side": "buy", "size": "0.65262181", "price": "2983.42000000", "time": "2025-07-13T13:09:41.470186Z", "fetched_at": "2025-07-13T13:10:49.938829+00:00", "symbol": "ETH-USD"}, {"trade_id": 666231161, "side": "buy", "size": "0.01612541", "price": "2983.49000000", "time": "2025-07-13T13:09:41.470186Z", "fetched_at": "2025-07-13T13:10:49.938829+00:00", "symbol": "ETH-USD"}, {"trade_id": 666231160, "side": "buy", "size": "0.16758472", "price": "2983.56000000", "time": "2025-07-13T13:09:41.470186Z", "fetched_at": "2025-07-13T13:10:49.938829+00:00", "symbol": "ETH-USD"}, {"trade_id": 666231159, "side": "buy", "size": "0.04300538", "price": "2983.58000000", "time": "2025-07-13T13:09:41.470186Z", "fetched_at": "2025-07-13T13:10:49.938829+00:00", "symbol": "ETH-USD"}, {"trade_id": 666231158, "side": "buy", "size": "0.38606447", "price": "2983.58000000", "time": "2025-07-13T13:09:41.470186Z", "fetched_at": "2025-07-13T13:10:49.938829+00:00", "symbol": "ETH-USD"}, {"trade_id": 666231157, "side": "buy", "size": "0.15000000", "price": "2983.58000000", "time": "2025-07-13T13:09:41.470186Z", "fetched_at": "2025-07-13T13:10:49.938829+00:00", "symbol": "ETH-USD"}, {"trade_id": 666231156, "side": "buy", "size": "0.00398525", "price": "2983.58000000", "time": "2025-07-13T13:09:41.470186Z", "fetched_at": "2025-07-13T13:10:49.938829+00:00", "symbol": "ETH-USD"}, {"trade_id": 666231155, "side": "sell", "size": "0.03116230", "price": "2983.69000000", "time": "2025-07-13T13:09:39.206857Z", "fetched_at": "2025-07-13T13:10:49.938829+00:00", "symbol": "ETH-USD"}, {"trade_id": 666231154, "side": "sell", "size": "0.00124433", "price": "2983.68000000", "time": "2025-07-13T13:09:39.206857Z", "fetched_at": "2025-07-13T13:10:49.938829+00:00", "symbol": "ETH-USD"}, {"trade_id": 666231153, "side": "sell", "size": "0.00002420", "price": "2983.63000000", "time": "2025-07-13T13:09:39.206857Z", "fetched_at": "2025-07-13T13:10:49.938829+00:00", "symbol": "ETH-USD"}, {"trade_id": 666231152, "side": "buy", "size": "0.97992096", "price": "2982.89000000", "time": "2025-07-13T13:09:38.270290Z", "fetched_at": "2025-07-13T13:10:49.938829+00:00", "symbol": "ETH-USD"}, {"trade_id": 666231151, "side": "buy", "size": "0.45900000", "price": "2982.91000000", "time": "2025-07-13T13:09:38.270290Z", "fetched_at": "2025-07-13T13:10:49.938829+00:00", "symbol": "ETH-USD"}, {"trade_id": 666231150, "side": "buy", "size": "0.83810494", "price": "2982.92000000", "time": "2025-07-13T13:09:38.270290Z", "fetched_at": "2025-07-13T13:10:49.938829+00:00", "symbol": "ETH-USD"}, {"trade_id": 666231149, "side": "buy", "size": "0.15493131", "price": "2982.93000000", "time": "2025-07-13T13:09:38.270290Z", "fetched_at": "2025-07-13T13:10:49.938829+00:00", "symbol": "ETH-USD"}, {"trade_id": 666231148, "side": "buy", "size": "0.42949837", "price": "2982.95000000", "time": "2025-07-13T13:09:38.270290Z", "fetched_at": "2025-07-13T13:10:49.938829+00:00", "symbol": "ETH-USD"}, {"trade_id": 666231147, "side": "buy", "size": "0.35582612", "price": "2982.95000000", "time": "2025-07-13T13:09:38.270290Z", "fetched_at": "2025-07-13T13:10:49.938829+00:00", "symbol": "ETH-USD"}, {"trade_id": 666231146, "side": "buy", "size": "0.00360688", "price": "2982.96000000", "time": "2025-07-13T13:09:38.270290Z", "fetched_at": "2025-07-13T13:10:49.938829+00:00", "symbol": "ETH-USD"}, {"trade_id": 666231145, "side": "buy", "size": "0.54695437", "price": "2983.05000000", "time": "2025-07-13T13:09:38.270290Z", "fetched_at": "2025-07-13T13:10:49.938829+00:00", "symbol": "ETH-USD"}, {"trade_id": 666231144, "side": "buy", "size": "0.44006201", "price": "2983.13000000", "time": "2025-07-13T13:09:38.270290Z", "fetched_at": "2025-07-13T13:10:49.938829+00:00", "symbol": "ETH-USD"}, {"trade_id": 666231143, "side": "buy", "size": "0.01652917", "price": "2983.21000000", "time": "2025-07-13T13:09:38.270290Z", "fetched_at": "2025-07-13T13:10:49.938829+00:00", "symbol": "ETH-USD"}, {"trade_id": 666231142, "side": "buy", "size": "0.03614227", "price": "2983.21000000", "time": "2025-07-13T13:09:38.270290Z", "fetched_at": "2025-07-13T13:10:49.938829+00:00", "symbol": "ETH-USD"}, {"trade_id": 666231141, "side": "buy", "size": "0.16760357", "price": "2983.23000000", "time": "2025-07-13T13:09:38.270290Z", "fetched_at": "2025-07-13T13:10:49.938829+00:00", "symbol": "ETH-USD"}, {"trade_id": 666231140, "side": "buy", "size": "0.00000335", "price": "2983.24000000", "time": "2025-07-13T13:09:38.270290Z", "fetched_at": "2025-07-13T13:10:49.938829+00:00", "symbol": "ETH-USD"}, {"trade_id": 666231139, "side": "buy", "size": "0.93368968", "price": "2983.25000000", "time": "2025-07-13T13:09:38.270290Z", "fetched_at": "2025-07-13T13:10:49.938829+00:00", "symbol": "ETH-USD"}, {"trade_id": 666231138, "side": "buy", "size": "0.85299000", "price": "2983.28000000", "time": "2025-07-13T13:09:38.270290Z", "fetched_at": "2025-07-13T13:10:49.938829+00:00", "symbol": "ETH-USD"}, {"trade_id": 666231137, "side": "buy", "size": "0.45900000", "price": "2983.28000000", "time": "2025-07-13T13:09:38.270290Z", "fetched_at": "2025-07-13T13:10:49.938829+00:00", "symbol": "ETH-USD"}, {"trade_id": 666231136, "side": "buy", "size": "0.15000000", "price": "2983.28000000", "time": "2025-07-13T13:09:38.270290Z", "fetched_at": "2025-07-13T13:10:49.938829+00:00", "symbol": "ETH-USD"}, {"trade_id": 666231135, "side": "sell", "size": "0.01501546", "price": "2983.56000000", "time": "2025-07-13T13:09:38.187914Z", "fetched_at": "2025-07-13T13:10:49.938829+00:00", "symbol": "ETH-USD"}, {"trade_id": 666231134, "side": "sell", "size": "0.00010336", "price": "2983.55000000", "time": "2025-07-13T13:09:38.187914Z", "fetched_at": "2025-07-13T13:10:49.938829+00:00", "symbol": "ETH-USD"}, {"trade_id": 666231133, "side": "sell", "size": "0.00116885", "price": "2983.31000000", "time": "2025-07-13T13:09:38.187914Z", "fetched_at": "2025-07-13T13:10:49.938829+00:00", "symbol": "ETH-USD"}, {"trade_id": 666231132, "side": "sell", "size": "0.00347073", "price": "2983.57000000", "time": "2025-07-13T13:09:37.333494Z", "fetched_at": "2025-07-13T13:10:49.938829+00:00", "symbol": "ETH-USD"}, {"trade_id": 666231131, "side": "sell", "size": "0.00130235", "price": "2983.56000000", "time": "2025-07-13T13:09:37.333494Z", "fetched_at": "2025-07-13T13:10:49.938829+00:00", "symbol": "ETH-USD"}, {"trade_id": 666231130, "side": "sell", "size": "0.00011177", "price": "2983.22000000", "time": "2025-07-13T13:09:37.333494Z", "fetched_at": "2025-07-13T13:10:49.938829+00:00", "symbol": "ETH-USD"}, {"trade_id": 666231129, "side": "buy", "size": "0.16746374", "price": "2982.89000000", "time": "2025-07-13T13:09:36.750776Z", "fetched_at": "2025-07-13T13:10:49.938829+00:00", "symbol": "ETH-USD"}, {"trade_id": 666231128, "side": "buy", "size": "1.17760867", "price": "2982.89000000", "time": "2025-07-13T13:09:36.750776Z", "fetched_at": "2025-07-13T13:10:49.938829+00:00", "symbol": "ETH-USD"}, {"trade_id": 666231127, "side": "buy", "size": "0.33292620", "price": "2982.92000000", "time": "2025-07-13T13:09:36.750776Z", "fetched_at": "2025-07-13T13:10:49.938829+00:00", "symbol": "ETH-USD"}, {"trade_id": 666231126, "side": "buy", "size": "0.66556501", "price": "2983.00000000", "time": "2025-07-13T13:09:36.750776Z", "fetched_at": "2025-07-13T13:10:49.938829+00:00", "symbol": "ETH-USD"}, {"trade_id": 666231125, "side": "buy", "size": "0.56471572", "price": "2983.02000000", "time": "2025-07-13T13:09:36.750776Z", "fetched_at": "2025-07-13T13:10:49.938829+00:00", "symbol": "ETH-USD"}, {"trade_id": 666231124, "side": "buy", "size": "1.14271724", "price": "2983.03000000", "time": "2025-07-13T13:09:36.750776Z", "fetched_at": "2025-07-13T13:10:49.938829+00:00", "symbol": "ETH-USD"}, {"trade_id": 666231123, "side": "buy", "size": "0.16761217", "price": "2983.07000000", "time": "2025-07-13T13:09:36.749434Z", "fetched_at": "2025-07-13T13:10:49.938829+00:00", "symbol": "ETH-USD"}, {"trade_id": 666231122, "side": "buy", "size": "0.09498268", "price": "2983.07000000", "time": "2025-07-13T13:09:36.749434Z", "fetched_at": "2025-07-13T13:10:49.938829+00:00", "symbol": "ETH-USD"}, {"trade_id": 666231121, "side": "buy", "size": "0.16915794", "price": "2983.07000000", "time": "2025-07-13T13:09:36.749434Z", "fetched_at": "2025-07-13T13:10:49.938829+00:00", "symbol": "ETH-USD"}, {"trade_id": 666231120, "side": "buy", "size": "0.40423775", "price": "2983.09000000", "time": "2025-07-13T13:09:36.749434Z", "fetched_at": "2025-07-13T13:10:49.938829+00:00", "symbol": "ETH-USD"}, {"trade_id": 666231119, "side": "buy", "size": "0.08023399", "price": "2983.11000000", "time": "2025-07-13T13:09:36.749434Z", "fetched_at": "2025-07-13T13:10:49.938829+00:00", "symbol": "ETH-USD"}, {"trade_id": 666231118, "side": "buy", "size": "0.10406767", "price": "2983.12000000", "time": "2025-07-13T13:09:36.749434Z", "fetched_at": "2025-07-13T13:10:49.938829+00:00", "symbol": "ETH-USD"}, {"trade_id": 666231117, "side": "buy", "size": "0.60376426", "price": "2983.13000000", "time": "2025-07-13T13:09:36.749434Z", "fetched_at": "2025-07-13T13:10:49.938829+00:00", "symbol": "ETH-USD"}, {"trade_id": 666231116, "side": "buy", "size": "0.00359399", "price": "2983.14000000", "time": "2025-07-13T13:09:36.749434Z", "fetched_at": "2025-07-13T13:10:49.938829+00:00", "symbol": "ETH-USD"}, {"trade_id": 666231115, "side": "buy", "size": "0.01612692", "price": "2983.21000000", "time": "2025-07-13T13:09:36.749434Z", "fetched_at": "2025-07-13T13:10:49.938829+00:00", "symbol": "ETH-USD"}, {"trade_id": 666231114, "side": "buy", "size": "0.05344913", "price": "2983.21000000", "time": "2025-07-13T13:09:36.749434Z", "fetched_at": "2025-07-13T13:10:49.938829+00:00", "symbol": "ETH-USD"}, {"trade_id": 666231113, "side": "buy", "size": "0.85299000", "price": "2983.21000000", "time": "2025-07-13T13:09:36.749434Z", "fetched_at": "2025-07-13T13:10:49.938829+00:00", "symbol": "ETH-USD"}, {"trade_id": 666231112, "side": "buy", "size": "0.15000000", "price": "2983.21000000", "time": "2025-07-13T13:09:36.749434Z", "fetched_at": "2025-07-13T13:10:49.938829+00:00", "symbol": "ETH-USD"}, {"trade_id": 666231111, "side": "buy", "size": "0.40815295", "price": "2983.21000000", "time": "2025-07-13T13:09:36.749434Z", "fetched_at": "2025-07-13T13:10:49.938829+00:00", "symbol": "ETH-USD"}, {"trade_id": 666231110, "side": "sell", "size": "0.14163047", "price": "2983.65000000", "time": "2025-07-13T13:09:35.739363Z", "fetched_at": "2025-07-13T13:10:49.938829+00:00", "symbol": "ETH-USD"}, {"trade_id": 666231109, "side": "sell", "size": "0.00050295", "price": "2983.65000000", "time": "2025-07-13T13:09:35.739363Z", "fetched_at": "2025-07-13T13:10:49.938829+00:00", "symbol": "ETH-USD"}, {"trade_id": 666231108, "side": "sell", "size": "0.00100000", "price": "2983.64000000", "time": "2025-07-13T13:09:35.739363Z", "fetched_at": "2025-07-13T13:10:49.938829+00:00", "symbol": "ETH-USD"}, {"trade_id": 666231107, "side": "sell", "size": "0.82815648", "price": "2983.58000000", "time": "2025-07-13T13:09:35.739363Z", "fetched_at": "2025-07-13T13:10:49.938829+00:00", "symbol": "ETH-USD"}, {"trade_id": 666231106, "side": "sell", "size": "0.08526309", "price": "2983.41000000", "time": "2025-07-13T13:09:35.739363Z", "fetched_at": "2025-07-13T13:10:49.938829+00:00", "symbol": "ETH-USD"}, {"trade_id": 666231105, "side": "sell", "size": "0.10634044", "price": "2983.40000000", "time": "2025-07-13T13:09:35.739363Z", "fetched_at": "2025-07-13T13:10:49.938829+00:00", "symbol": "ETH-USD"}, {"trade_id": 666231104, "side": "sell", "size": "0.00133573", "price": "2983.39000000", "time": "2025-07-13T13:09:35.739363Z", "fetched_at": "2025-07-13T13:10:49.938829+00:00", "symbol": "ETH-USD"}, {"trade_id": 666231103, "side": "sell", "size": "0.00027903", "price": "2983.20000000", "time": "2025-07-13T13:09:35.739363Z", "fetched_at": "2025-07-13T13:10:49.938829+00:00", "symbol": "ETH-USD"}, {"trade_id": 666231102, "side": "sell", "size": "0.00021081", "price": "2983.20000000", "time": "2025-07-13T13:09:35.739363Z", "fetched_at": "2025-07-13T13:10:49.938829+00:00", "symbol": "ETH-USD"}, {"trade_id": 666231101, "side": "sell", "size": "0.68665226", "price": "2983.42000000", "time": "2025-07-13T13:09:35.192681Z", "fetched_at": "2025-07-13T13:10:49.938829+00:00", "symbol": "ETH-USD"}, {"trade_id": 666231100, "side": "sell", "size": "0.00100000", "price": "2983.42000000", "time": "2025-07-13T13:09:35.192681Z", "fetched_at": "2025-07-13T13:10:49.938829+00:00", "symbol": "ETH-USD"}, {"trade_id": 666231099, "side": "sell", "size": "0.34515571", "price": "2983.28000000", "time": "2025-07-13T13:09:35.192681Z", "fetched_at": "2025-07-13T13:10:49.938829+00:00", "symbol": "ETH-USD"}, {"trade_id": 666231098, "side": "sell", "size": "0.52857937", "price": "2983.20000000", "time": "2025-07-13T13:09:35.192681Z", "fetched_at": "2025-07-13T13:10:49.938829+00:00", "symbol": "ETH-USD"}, {"trade_id": 666231097, "side": "sell", "size": "0.00100000", "price": "2983.20000000", "time": "2025-07-13T13:09:35.192681Z", "fetched_at": "2025-07-13T13:10:49.938829+00:00", "symbol": "ETH-USD"}, {"trade_id": 666231096, "side": "sell", "size": "0.15000000", "price": "2983.19000000", "time": "2025-07-13T13:09:35.192681Z", "fetched_at": "2025-07-13T13:10:49.938829+00:00", "symbol": "ETH-USD"}, {"trade_id": 666231095, "side": "sell", "size": "0.00131280", "price": "2983.08000000", "time": "2025-07-13T13:09:35.192681Z", "fetched_at": "2025-07-13T13:10:49.938829+00:00", "symbol": "ETH-USD"}, {"trade_id": 666231094, "side": "buy", "size": "0.40709832", "price": "2982.57000000", "time": "2025-07-13T13:09:35.183200Z", "fetched_at": "2025-07-13T13:10:49.938829+00:00", "symbol": "ETH-USD"}, {"trade_id": 666231093, "side": "buy", "size": "0.00340209", "price": "2982.58000000", "time": "2025-07-13T13:09:35.183200Z", "fetched_at": "2025-07-13T13:10:49.938829+00:00", "symbol": "ETH-USD"}, {"trade_id": 666231092, "side": "buy", "size": "0.00832405", "price": "2982.62000000", "time": "2025-07-13T13:09:35.183200Z", "fetched_at": "2025-07-13T13:10:49.938829+00:00", "symbol": "ETH-USD"}, {"trade_id": 666231091, "side": "buy", "size": "0.45900000", "price": "2982.77000000", "time": "2025-07-13T13:09:35.183200Z", "fetched_at": "2025-07-13T13:10:49.938829+00:00", "symbol": "ETH-USD"}, {"trade_id": 666231090, "side": "buy", "size": "0.43386785", "price": "2982.77000000", "time": "2025-07-13T13:09:35.183200Z", "fetched_at": "2025-07-13T13:10:49.938829+00:00", "symbol": "ETH-USD"}, {"trade_id": 666231089, "side": "buy", "size": "0.04360308", "price": "2982.82000000", "time": "2025-07-13T13:09:35.183200Z", "fetched_at": "2025-07-13T13:10:49.938829+00:00", "symbol": "ETH-USD"}, {"trade_id": 666231088, "side": "buy", "size": "0.35661219", "price": "2982.84000000", "time": "2025-07-13T13:09:35.183200Z", "fetched_at": "2025-07-13T13:10:49.938829+00:00", "symbol": "ETH-USD"}, {"trade_id": 666231087, "side": "buy", "size": "0.50044987", "price": "2982.85000000", "time": "2025-07-13T13:09:35.183200Z", "fetched_at": "2025-07-13T13:10:49.938829+00:00", "symbol": "ETH-USD"}, {"trade_id": 666231086, "side": "buy", "size": "0.43936820", "price": "2982.92000000", "time": "2025-07-13T13:09:35.183200Z", "fetched_at": "2025-07-13T13:10:49.938829+00:00", "symbol": "ETH-USD"}, {"trade_id": 666231085, "side": "buy", "size": "0.01199679", "price": "2982.92000000", "time": "2025-07-13T13:09:35.183200Z", "fetched_at": "2025-07-13T13:10:49.938829+00:00", "symbol": "ETH-USD"}, {"trade_id": 666231084, "side": "buy", "size": "0.33999872", "price": "2982.95000000", "time": "2025-07-13T13:09:35.183200Z", "fetched_at": "2025-07-13T13:10:49.938829+00:00", "symbol": "ETH-USD"}, {"trade_id": 666231083, "side": "buy", "size": "0.07917115", "price": "2982.96000000", "time": "2025-07-13T13:09:35.183200Z", "fetched_at": "2025-07-13T13:10:49.938829+00:00", "symbol": "ETH-USD"}, {"trade_id": 666231082, "side": "buy", "size": "0.37036864", "price": "2983.01000000", "time": "2025-07-13T13:09:35.183200Z", "fetched_at": "2025-07-13T13:10:49.938829+00:00", "symbol": "ETH-USD"}, {"trade_id": 666231081, "side": "buy", "size": "1.57243410", "price": "2983.02000000", "time": "2025-07-13T13:09:35.183200Z", "fetched_at": "2025-07-13T13:10:49.938829+00:00", "symbol": "ETH-USD"}, {"trade_id": 666231080, "side": "buy", "size": "0.61933852", "price": "2983.03000000", "time": "2025-07-13T13:09:35.183200Z", "fetched_at": "2025-07-13T13:10:49.938829+00:00", "symbol": "ETH-USD"}, {"trade_id": 666231079, "side": "buy", "size": "0.15000000", "price": "2983.07000000", "time": "2025-07-13T13:09:35.183200Z", "fetched_at": "2025-07-13T13:10:49.938829+00:00", "symbol": "ETH-USD"}, {"trade_id": 666231078, "side": "buy", "size": "0.40799024", "price": "2983.07000000", "time": "2025-07-13T13:09:35.183200Z", "fetched_at": "2025-07-13T13:10:49.938829+00:00", "symbol": "ETH-USD"}, {"trade_id": 666231077, "side": "sell", "size": "0.66104821", "price": "2983.10000000", "time": "2025-07-13T13:09:35.140637Z", "fetched_at": "2025-07-13T13:10:49.938829+00:00", "symbol": "ETH-USD"}, {"trade_id": 666231076, "side": "sell", "size": "0.82013374", "price": "2983.09000000", "time": "2025-07-13T13:09:35.140637Z", "fetched_at": "2025-07-13T13:10:49.938829+00:00", "symbol": "ETH-USD"}, {"trade_id": 666231075, "side": "sell", "size": "0.56100257", "price": "2983.07000000", "time": "2025-07-13T13:09:35.140603Z", "fetched_at": "2025-07-13T13:10:49.938829+00:00", "symbol": "ETH-USD"}, {"trade_id": 666231074, "side": "sell", "size": "0.00005589", "price": "2983.00000000", "time": "2025-07-13T13:09:35.140603Z", "fetched_at": "2025-07-13T13:10:49.938829+00:00", "symbol": "ETH-USD"}, {"trade_id": 666231073, "side": "sell", "size": "0.83809992", "price": "2982.94000000", "time": "2025-07-13T13:09:35.139331Z", "fetched_at": "2025-07-13T13:10:49.938829+00:00", "symbol": "ETH-USD"}, {"trade_id": 666231072, "side": "sell", "size": "0.15000000", "price": "2982.93000000", "time": "2025-07-13T13:09:35.139331Z", "fetched_at": "2025-07-13T13:10:49.938829+00:00", "symbol": "ETH-USD"}, {"trade_id": 666231071, "side": "sell", "size": "0.16762211", "price": "2982.90000000", "time": "2025-07-13T13:09:35.139331Z", "fetched_at": "2025-07-13T13:10:49.938829+00:00", "symbol": "ETH-USD"}, {"trade_id": 666231070, "side": "sell", "size": "0.00133119", "price": "2982.82000000", "time": "2025-07-13T13:09:35.139331Z", "fetched_at": "2025-07-13T13:10:49.938829+00:00", "symbol": "ETH-USD"}, {"trade_id": 666231069, "side": "sell", "size": "0.00024005", "price": "2982.82000000", "time": "2025-07-13T13:09:35.139331Z", "fetched_at": "2025-07-13T13:10:49.938829+00:00", "symbol": "ETH-USD"}, {"trade_id": 666231068, "side": "sell", "size": "0.00030999", "price": "2982.82000000", "time": "2025-07-13T13:09:35.139331Z", "fetched_at": "2025-07-13T13:10:49.938829+00:00", "symbol": "ETH-USD"}, {"trade_id": 666231067, "side": "sell", "size": "0.00010336", "price": "2982.82000000", "time": "2025-07-13T13:09:35.139331Z", "fetched_at": "2025-07-13T13:10:49.938829+00:00", "symbol": "ETH-USD"}, {"trade_id": 666231066, "side": "buy", "size": "0.00100000", "price": "2982.81000000", "time": "2025-07-13T13:09:34.713339Z", "fetched_at": "2025-07-13T13:10:49.938829+00:00", "symbol": "ETH-USD"}, {"trade_id": 666231065, "side": "sell", "size": "0.80709284", "price": "2982.93000000", "time": "2025-07-13T13:09:32.849609Z", "fetched_at": "2025-07-13T13:10:49.938829+00:00", "symbol": "ETH-USD"}, {"trade_id": 666231064, "side": "sell", "size": "0.00010335", "price": "2982.83000000", "time": "2025-07-13T13:09:32.849582Z", "fetched_at": "2025-07-13T13:10:49.938829+00:00", "symbol": "ETH-USD"}, {"trade_id": 666231063, "side": "sell", "size": "0.00024002", "price": "2982.83000000", "time": "2025-07-13T13:09:32.849582Z", "fetched_at": "2025-07-13T13:10:49.938829+00:00", "symbol": "ETH-USD"}, {"trade_id": 666231062, "side": "sell", "size": "0.00031001", "price": "2982.83000000", "time": "2025-07-13T13:09:32.849582Z", "fetched_at": "2025-07-13T13:10:49.938829+00:00", "symbol": "ETH-USD"}, {"trade_id": 666231061, "side": "sell", "size": "0.51786566", "price": "2982.82000000", "time": "2025-07-13T13:09:32.849582Z", "fetched_at": "2025-07-13T13:10:49.938829+00:00", "symbol": "ETH-USD"}, {"trade_id": 666231060, "side": "sell", "size": "0.83813304", "price": "2982.82000000", "time": "2025-07-13T13:09:32.849582Z", "fetched_at": "2025-07-13T13:10:49.938829+00:00", "symbol": "ETH-USD"}, {"trade_id": 666231059, "side": "sell", "size": "0.83813585", "price": "2982.81000000", "time": "2025-07-13T13:09:32.849582Z", "fetched_at": "2025-07-13T13:10:49.938829+00:00", "symbol": "ETH-USD"}, {"trade_id": 666231058, "side": "sell", "size": "0.15000000", "price": "2982.80000000", "time": "2025-07-13T13:09:32.849582Z", "fetched_at": "2025-07-13T13:10:49.938829+00:00", "symbol": "ETH-USD"}, {"trade_id": 666231057, "side": "sell", "size": "0.07545234", "price": "2982.80000000", "time": "2025-07-13T13:09:32.849582Z", "fetched_at": "2025-07-13T13:10:49.938829+00:00", "symbol": "ETH-USD"}, {"trade_id": 666231056, "side": "sell", "size": "0.16763110", "price": "2982.74000000", "time": "2025-07-13T13:09:32.849582Z", "fetched_at": "2025-07-13T13:10:49.938829+00:00", "symbol": "ETH-USD"}, {"trade_id": 666231055, "side": "sell", "size": "0.00134326", "price": "2982.73000000", "time": "2025-07-13T13:09:32.849582Z", "fetched_at": "2025-07-13T13:10:49.938829+00:00", "symbol": "ETH-USD"}, {"trade_id": 666231054, "side": "buy", "size": "0.00463001", "price": "2982.63000000", "time": "2025-07-13T13:09:32.572671Z", "fetched_at": "2025-07-13T13:10:49.938829+00:00", "symbol": "ETH-USD"}, {"trade_id": 666231053, "side": "buy", "size": "0.04007970", "price": "2982.62000000", "time": "2025-07-13T13:09:32.111685Z", "fetched_at": "2025-07-13T13:10:49.938829+00:00", "symbol": "ETH-USD"}, {"trade_id": 666231052, "side": "buy", "size": "0.00351118", "price": "2982.62000000", "time": "2025-07-13T13:09:32.111685Z", "fetched_at": "2025-07-13T13:10:49.938829+00:00", "symbol": "ETH-USD"}, {"trade_id": 666231051, "side": "sell", "size": "0.01628843", "price": "2982.63000000", "time": "2025-07-13T13:09:30.274846Z", "fetched_at": "2025-07-13T13:10:49.938829+00:00", "symbol": "ETH-USD"}, {"trade_id": 666231050, "side": "buy", "size": "0.50993785", "price": "2982.28000000", "time": "2025-07-13T13:09:29.987222Z", "fetched_at": "2025-07-13T13:10:49.938829+00:00", "symbol": "ETH-USD"}, {"trade_id": 666231049, "side": "buy", "size": "0.71289364", "price": "2982.28000000", "time": "2025-07-13T13:09:29.987222Z", "fetched_at": "2025-07-13T13:10:49.938829+00:00", "symbol": "ETH-USD"}, {"trade_id": 666231048, "side": "buy", "size": "0.12070435", "price": "2982.29000000", "time": "2025-07-13T13:09:29.987222Z", "fetched_at": "2025-07-13T13:10:49.938829+00:00", "symbol": "ETH-USD"}, {"trade_id": 666231047, "side": "buy", "size": "0.14250222", "price": "2982.62000000", "time": "2025-07-13T13:09:29.987222Z", "fetched_at": "2025-07-13T13:10:49.938829+00:00", "symbol": "ETH-USD"}, {"trade_id": 666231046, "side": "buy", "size": "0.00364916", "price": "2982.62000000", "time": "2025-07-13T13:09:29.987222Z", "fetched_at": "2025-07-13T13:10:49.938829+00:00", "symbol": "ETH-USD"}, {"trade_id": 666231045, "side": "buy", "size": "1.21774720", "price": "2982.28000000", "time": "2025-07-13T13:09:28.977773Z", "fetched_at": "2025-07-13T13:10:49.938829+00:00", "symbol": "ETH-USD"}, {"trade_id": 666231044, "side": "buy", "size": "0.05517347", "price": "2982.32000000", "time": "2025-07-13T13:09:28.977773Z", "fetched_at": "2025-07-13T13:10:49.938829+00:00", "symbol": "ETH-USD"}, {"trade_id": 666231043, "side": "buy", "size": "0.00100000", "price": "2982.32000000", "time": "2025-07-13T13:09:28.977773Z", "fetched_at": "2025-07-13T13:10:49.938829+00:00", "symbol": "ETH-USD"}, {"trade_id": 666231042, "side": "buy", "size": "0.06836158", "price": "2982.33000000", "time": "2025-07-13T13:09:28.977773Z", "fetched_at": "2025-07-13T13:10:49.938829+00:00", "symbol": "ETH-USD"}, {"trade_id": 666231041, "side": "buy", "size": "0.00100000", "price": "2982.40000000", "time": "2025-07-13T13:09:28.977773Z", "fetched_at": "2025-07-13T13:10:49.938829+00:00", "symbol": "ETH-USD"}, {"trade_id": 666231040, "side": "buy", "size": "0.38806415", "price": "2982.44000000", "time": "2025-07-13T13:09:28.977773Z", "fetched_at": "2025-07-13T13:10:49.938829+00:00", "symbol": "ETH-USD"}, {"trade_id": 666231039, "side": "buy", "size": "0.00327739", "price": "2982.62000000", "time": "2025-07-13T13:09:28.977773Z", "fetched_at": "2025-07-13T13:10:49.938829+00:00", "symbol": "ETH-USD"}, {"trade_id": 666231038, "side": "buy", "size": "0.00100000", "price": "2982.44000000", "time": "2025-07-13T13:09:28.964754Z", "fetched_at": "2025-07-13T13:10:49.938829+00:00", "symbol": "ETH-USD"}, {"trade_id": 666231037, "side": "buy", "size": "0.13297423", "price": "2982.40000000", "time": "2025-07-13T13:09:28.951142Z", "fetched_at": "2025-07-13T13:10:49.938829+00:00", "symbol": "ETH-USD"}, {"trade_id": 666231036, "side": "buy", "size": "0.00556277", "price": "2982.42000000", "time": "2025-07-13T13:09:28.951142Z", "fetched_at": "2025-07-13T13:10:49.938829+00:00", "symbol": "ETH-USD"}, {"trade_id": 666231035, "side": "buy", "size": "0.33907210", "price": "2982.46000000", "time": "2025-07-13T13:09:28.951142Z", "fetched_at": "2025-07-13T13:10:49.938829+00:00", "symbol": "ETH-USD"}, {"trade_id": 666231034, "side": "buy", "size": "0.00100000", "price": "2982.54000000", "time": "2025-07-13T13:09:28.951142Z", "fetched_at": "2025-07-13T13:10:49.938829+00:00", "symbol": "ETH-USD"}, {"trade_id": 666231033, "side": "buy", "size": "0.11827773", "price": "2982.81000000", "time": "2025-07-13T13:09:28.950635Z", "fetched_at": "2025-07-13T13:10:49.938829+00:00", "symbol": "ETH-USD"}, {"trade_id": 666231032, "side": "buy", "size": "0.17592471", "price": "2982.81000000", "time": "2025-07-13T13:09:28.950635Z", "fetched_at": "2025-07-13T13:10:49.938829+00:00", "symbol": "ETH-USD"}, {"trade_id": 666231031, "side": "buy", "size": "0.00327717", "price": "2982.82000000", "time": "2025-07-13T13:09:28.950635Z", "fetched_at": "2025-07-13T13:10:49.938829+00:00", "symbol": "ETH-USD"}, {"trade_id": 666231030, "side": "buy", "size": "1.00000000", "price": "2982.82000000", "time": "2025-07-13T13:09:28.950635Z", "fetched_at": "2025-07-13T13:10:49.938829+00:00", "symbol": "ETH-USD"}, {"trade_id": 666231029, "side": "buy", "size": "0.06593760", "price": "2982.82000000", "time": "2025-07-13T13:09:28.950635Z", "fetched_at": "2025-07-13T13:10:49.938829+00:00", "symbol": "ETH-USD"}, {"trade_id": 666231028, "side": "buy", "size": "0.74058724", "price": "2982.83000000", "time": "2025-07-13T13:09:24.438917Z", "fetched_at": "2025-07-13T13:10:49.938829+00:00", "symbol": "ETH-USD"}, {"trade_id": 666231027, "side": "buy", "size": "0.15000000", "price": "2982.84000000", "time": "2025-07-13T13:09:24.438917Z", "fetched_at": "2025-07-13T13:10:49.938829+00:00", "symbol": "ETH-USD"}, {"trade_id": 666231026, "side": "buy", "size": "0.01914556", "price": "2982.85000000", "time": "2025-07-13T13:09:24.438917Z", "fetched_at": "2025-07-13T13:10:49.938829+00:00", "symbol": "ETH-USD"}, {"trade_id": 666231025, "side": "buy", "size": "0.00398622", "price": "2982.85000000", "time": "2025-07-13T13:09:24.438917Z", "fetched_at": "2025-07-13T13:10:49.938829+00:00", "symbol": "ETH-USD"}, {"trade_id": 666231024, "side": "buy", "size": "0.00034491", "price": "2982.86000000", "time": "2025-07-13T13:09:24.438917Z", "fetched_at": "2025-07-13T13:10:49.938829+00:00", "symbol": "ETH-USD"}, {"trade_id": 666231023, "side": "buy", "size": "0.08888430", "price": "2983.04000000", "time": "2025-07-13T13:09:24.438917Z", "fetched_at": "2025-07-13T13:10:49.938829+00:00", "symbol": "ETH-USD"}, {"trade_id": 666231022, "side": "sell", "size": "0.24262817", "price": "2983.05000000", "time": "2025-07-13T13:09:23.635075Z", "fetched_at": "2025-07-13T13:10:49.938829+00:00", "symbol": "ETH-USD"}, {"trade_id": 666231021, "side": "sell", "size": "0.00010334", "price": "2983.05000000", "time": "2025-07-13T13:09:23.635075Z", "fetched_at": "2025-07-13T13:10:49.938829+00:00", "symbol": "ETH-USD"}, {"trade_id": 666231020, "side": "sell", "size": "0.18093670", "price": "2983.05000000", "time": "2025-07-13T13:09:23.635075Z", "fetched_at": "2025-07-13T13:10:49.938829+00:00", "symbol": "ETH-USD"}, {"trade_id": 666231019, "side": "sell", "size": "0.00112503", "price": "2983.05000000", "time": "2025-07-13T13:09:23.635075Z", "fetched_at": "2025-07-13T13:10:49.938829+00:00", "symbol": "ETH-USD"}, {"trade_id": 666231018, "side": "sell", "size": "0.09460080", "price": "2983.05000000", "time": "2025-07-13T13:09:23.635075Z", "fetched_at": "2025-07-13T13:10:49.938829+00:00", "symbol": "ETH-USD"}, {"trade_id": 666231017, "side": "sell", "size": "0.00024005", "price": "2983.05000000", "time": "2025-07-13T13:09:23.635075Z", "fetched_at": "2025-07-13T13:10:49.938829+00:00", "symbol": "ETH-USD"}, {"trade_id": 666231016, "side": "sell", "size": "0.00031002", "price": "2983.05000000", "time": "2025-07-13T13:09:23.635075Z", "fetched_at": "2025-07-13T13:10:49.938829+00:00", "symbol": "ETH-USD"}, {"trade_id": 666231015, "side": "sell", "size": "0.00005589", "price": "2983.05000000", "time": "2025-07-13T13:09:23.635075Z", "fetched_at": "2025-07-13T13:10:49.938829+00:00", "symbol": "ETH-USD"}, {"trade_id": 666231014, "side": "sell", "size": "0.00025904", "price": "2983.05000000", "time": "2025-07-13T13:09:21.582710Z", "fetched_at": "2025-07-13T13:10:49.938829+00:00", "symbol": "ETH-USD"}, {"trade_id": 666231013, "side": "buy", "size": "0.00960247", "price": "2983.04000000", "time": "2025-07-13T13:09:20.901496Z", "fetched_at": "2025-07-13T13:10:49.938829+00:00", "symbol": "ETH-USD"}, {"trade_id": 666231012, "side": "buy", "size": "0.04838017", "price": "2983.04000000", "time": "2025-07-13T13:09:20.901496Z", "fetched_at": "2025-07-13T13:10:49.938829+00:00", "symbol": "ETH-USD"}, {"trade_id": 666231011, "side": "sell", "size": "0.00486791", "price": "2983.16000000", "time": "2025-07-13T13:09:19.184721Z", "fetched_at": "2025-07-13T13:10:49.938829+00:00", "symbol": "ETH-USD"}, {"trade_id": 666231010, "side": "sell", "size": "0.00017220", "price": "2983.05000000", "time": "2025-07-13T13:09:19.184721Z", "fetched_at": "2025-07-13T13:10:49.938829+00:00", "symbol": "ETH-USD"}, {"trade_id": 666231009, "side": "sell", "size": "0.00147449", "price": "2983.05000000", "time": "2025-07-13T13:09:19.184721Z", "fetched_at": "2025-07-13T13:10:49.938829+00:00", "symbol": "ETH-USD"}, {"trade_id": 666231008, "side": "sell", "size": "0.00847036", "price": "2983.18000000", "time": "2025-07-13T13:09:16.636411Z", "fetched_at": "2025-07-13T13:10:49.938829+00:00", "symbol": "ETH-USD"}, {"trade_id": 666231007, "side": "sell", "size": "0.00029424", "price": "2982.90000000", "time": "2025-07-13T13:09:16.636411Z", "fetched_at": "2025-07-13T13:10:49.938829+00:00", "symbol": "ETH-USD"}, {"trade_id": 666231006, "side": "sell", "size": "0.00037335", "price": "2982.90000000", "time": "2025-07-13T13:09:16.636411Z", "fetched_at": "2025-07-13T13:10:49.938829+00:00", "symbol": "ETH-USD"}, {"trade_id": 666231005, "side": "sell", "size": "0.00006205", "price": "2982.90000000", "time": "2025-07-13T13:09:16.636411Z", "fetched_at": "2025-07-13T13:10:49.938829+00:00", "symbol": "ETH-USD"}, {"trade_id": 666231004, "side": "sell", "size": "0.00378640", "price": "2983.19000000", "time": "2025-07-13T13:09:14.930315Z", "fetched_at": "2025-07-13T13:10:49.938829+00:00", "symbol": "ETH-USD"}, {"trade_id": 666231003, "side": "sell", "size": "0.00069828", "price": "2982.90000000", "time": "2025-07-13T13:09:14.930315Z", "fetched_at": "2025-07-13T13:10:49.938829+00:00", "symbol": "ETH-USD"}, {"trade_id": 666231002, "side": "sell", "size": "0.09539938", "price": "2983.20000000", "time": "2025-07-13T13:09:14.029735Z", "fetched_at": "2025-07-13T13:10:49.938829+00:00", "symbol": "ETH-USD"}, {"trade_id": 666231001, "side": "sell", "size": "0.03385807", "price": "2983.19000000", "time": "2025-07-13T13:09:14.029735Z", "fetched_at": "2025-07-13T13:10:49.938829+00:00", "symbol": "ETH-USD"}, {"trade_id": 666231000, "side": "sell", "size": "0.00074255", "price": "2982.88000000", "time": "2025-07-13T13:09:14.029735Z", "fetched_at": "2025-07-13T13:10:49.938829+00:00", "symbol": "ETH-USD"}, {"trade_id": 666230999, "side": "sell", "size": "0.06346793", "price": "2983.20000000", "time": "2025-07-13T13:09:13.782771Z", "fetched_at": "2025-07-13T13:10:49.938829+00:00", "symbol": "ETH-USD"}, {"trade_id": 666230998, "side": "sell", "size": "0.00100000", "price": "2983.20000000", "time": "2025-07-13T13:09:13.782771Z", "fetched_at": "2025-07-13T13:10:49.938829+00:00", "symbol": "ETH-USD"}, {"trade_id": 666230997, "side": "sell", "size": "0.00074255", "price": "2983.19000000", "time": "2025-07-13T13:09:13.782771Z", "fetched_at": "2025-07-13T13:10:49.938829+00:00", "symbol": "ETH-USD"}, {"trade_id": 666230996, "side": "sell", "size": "0.00003450", "price": "2983.14000000", "time": "2025-07-13T13:09:13.782771Z", "fetched_at": "2025-07-13T13:10:49.938829+00:00", "symbol": "ETH-USD"}, {"trade_id": 666230995, "side": "sell", "size": "0.01228162", "price": "2983.11000000", "time": "2025-07-13T13:09:13.128281Z", "fetched_at": "2025-07-13T13:10:49.938829+00:00", "symbol": "ETH-USD"}, {"trade_id": 666230994, "side": "sell", "size": "0.00074898", "price": "2983.08000000", "time": "2025-07-13T13:09:13.128281Z", "fetched_at": "2025-07-13T13:10:49.938829+00:00", "symbol": "ETH-USD"}, {"trade_id": 666230993, "side": "sell", "size": "0.01496064", "price": "2983.13000000", "time": "2025-07-13T13:09:09.705399Z", "fetched_at": "2025-07-13T13:10:49.938829+00:00", "symbol": "ETH-USD"}, {"trade_id": 666230992, "side": "sell", "size": "0.00070035", "price": "2983.12000000", "time": "2025-07-13T13:09:09.705399Z", "fetched_at": "2025-07-13T13:10:49.938829+00:00", "symbol": "ETH-USD"}, {"trade_id": 666230991, "side": "sell", "size": "0.00007612", "price": "2982.83000000", "time": "2025-07-13T13:09:09.705399Z", "fetched_at": "2025-07-13T13:10:49.938829+00:00", "symbol": "ETH-USD"}, {"trade_id": 666230990, "side": "sell", "size": "0.00042226", "price": "2982.83000000", "time": "2025-07-13T13:09:09.705399Z", "fetched_at": "2025-07-13T13:10:49.938829+00:00", "symbol": "ETH-USD"}, {"trade_id": 666230989, "side": "sell", "size": "0.00032693", "price": "2982.83000000", "time": "2025-07-13T13:09:09.705399Z", "fetched_at": "2025-07-13T13:10:49.938829+00:00", "symbol": "ETH-USD"}, {"trade_id": 666230988, "side": "sell", "size": "0.00010804", "price": "2982.83000000", "time": "2025-07-13T13:09:09.705399Z", "fetched_at": "2025-07-13T13:10:49.938829+00:00", "symbol": "ETH-USD"}, {"trade_id": 666230987, "side": "sell", "size": "0.01540729", "price": "2983.03000000", "time": "2025-07-13T13:09:09.616238Z", "fetched_at": "2025-07-13T13:10:49.938829+00:00", "symbol": "ETH-USD"}, {"trade_id": 666230986, "side": "sell", "size": "0.00009891", "price": "2982.98000000", "time": "2025-07-13T13:09:09.616238Z", "fetched_at": "2025-07-13T13:10:49.938829+00:00", "symbol": "ETH-USD"}, {"trade_id": 666230985, "side": "sell", "size": "0.00002950", "price": "2982.98000000", "time": "2025-07-13T13:09:09.616238Z", "fetched_at": "2025-07-13T13:10:49.938829+00:00", "symbol": "ETH-USD"}, {"trade_id": 666230984, "side": "sell", "size": "0.00013438", "price": "2982.98000000", "time": "2025-07-13T13:09:09.616238Z", "fetched_at": "2025-07-13T13:10:49.938829+00:00", "symbol": "ETH-USD"}, {"trade_id": 666230983, "side": "sell", "size": "0.00009866", "price": "2982.98000000", "time": "2025-07-13T13:09:09.616238Z", "fetched_at": "2025-07-13T13:10:49.938829+00:00", "symbol": "ETH-USD"}, {"trade_id": 666230982, "side": "sell", "size": "0.00052808", "price": "2982.83000000", "time": "2025-07-13T13:09:09.616238Z", "fetched_at": "2025-07-13T13:10:49.938829+00:00", "symbol": "ETH-USD"}, {"trade_id": 666230981, "side": "sell", "size": "0.00000887", "price": "2983.15000000", "time": "2025-07-13T13:09:02.808392Z", "fetched_at": "2025-07-13T13:10:49.938829+00:00", "symbol": "ETH-USD"}, {"trade_id": 666230980, "side": "sell", "size": "0.00070742", "price": "2983.14000000", "time": "2025-07-13T13:09:02.808392Z", "fetched_at": "2025-07-13T13:10:49.938829+00:00", "symbol": "ETH-USD"}, {"trade_id": 666230979, "side": "sell", "size": "0.00017632", "price": "2982.82000000", "time": "2025-07-13T13:09:02.808392Z", "fetched_at": "2025-07-13T13:10:49.938829+00:00", "symbol": "ETH-USD"}, {"trade_id": 666230978, "side": "sell", "size": "0.00031005", "price": "2982.82000000", "time": "2025-07-13T13:09:02.808392Z", "fetched_at": "2025-07-13T13:10:49.938829+00:00", "symbol": "ETH-USD"}, {"trade_id": 666230977, "side": "sell", "size": "0.00100724", "price": "2982.82000000", "time": "2025-07-13T13:09:02.808392Z", "fetched_at": "2025-07-13T13:10:49.938829+00:00", "symbol": "ETH-USD"}, {"trade_id": 666230976, "side": "sell", "size": "0.00072009", "price": "2982.82000000", "time": "2025-07-13T13:09:02.808392Z", "fetched_at": "2025-07-13T13:10:49.938829+00:00", "symbol": "ETH-USD"}, {"trade_id": 666230975, "side": "sell", "size": "0.01364220", "price": "2983.16000000", "time": "2025-07-13T13:09:02.546947Z", "fetched_at": "2025-07-13T13:10:49.938829+00:00", "symbol": "ETH-USD"}, {"trade_id": 666230974, "side": "sell", "size": "0.00100000", "price": "2982.98000000", "time": "2025-07-13T13:09:02.546947Z", "fetched_at": "2025-07-13T13:10:49.938829+00:00", "symbol": "ETH-USD"}, {"trade_id": 666230973, "side": "sell", "size": "0.00071629", "price": "2982.82000000", "time": "2025-07-13T13:09:02.546947Z", "fetched_at": "2025-07-13T13:10:49.938829+00:00", "symbol": "ETH-USD"}, {"trade_id": 666230972, "side": "sell", "size": "0.00024004", "price": "2982.82000000", "time": "2025-07-13T13:09:02.546947Z", "fetched_at": "2025-07-13T13:10:49.938829+00:00", "symbol": "ETH-USD"}, {"trade_id": 666230971, "side": "sell", "size": "0.00049814", "price": "2982.82000000", "time": "2025-07-13T13:09:02.546947Z", "fetched_at": "2025-07-13T13:10:49.938829+00:00", "symbol": "ETH-USD"}, {"trade_id": 666230970, "side": "sell", "size": "0.00008981", "price": "2982.82000000", "time": "2025-07-13T13:09:02.546947Z", "fetched_at": "2025-07-13T13:10:49.938829+00:00", "symbol": "ETH-USD"}, {"trade_id": 666230969, "side": "sell", "size": "0.00010337", "price": "2982.82000000", "time": "2025-07-13T13:09:02.546947Z", "fetched_at": "2025-07-13T13:10:49.938829+00:00", "symbol": "ETH-USD"}, {"trade_id": 666230968, "side": "sell", "size": "0.00073495", "price": "2982.42000000", "time": "2025-07-13T13:09:01.813437Z", "fetched_at": "2025-07-13T13:10:49.938829+00:00", "symbol": "ETH-USD"}, {"trade_id": 666230967, "side": "sell", "size": "0.01628908", "price": "2982.35000000", "time": "2025-07-13T13:08:57.071055Z", "fetched_at": "2025-07-13T13:10:49.938829+00:00", "symbol": "ETH-USD"}, {"trade_id": 666230966, "side": "buy", "size": "0.00092179", "price": "2982.61000000", "time": "2025-07-13T13:08:57.040633Z", "fetched_at": "2025-07-13T13:10:49.938829+00:00", "symbol": "ETH-USD"}, {"trade_id": 666230965, "side": "buy", "size": "0.04198507", "price": "2982.61000000", "time": "2025-07-13T13:08:57.040633Z", "fetched_at": "2025-07-13T13:10:49.938829+00:00", "symbol": "ETH-USD"}, {"trade_id": 666230964, "side": "sell", "size": "0.04822481", "price": "2982.62000000", "time": "2025-07-13T13:08:57.033509Z", "fetched_at": "2025-07-13T13:10:49.938829+00:00", "symbol": "ETH-USD"}, {"trade_id": 666230963, "side": "sell", "size": "0.11467000", "price": "2982.62000000", "time": "2025-07-13T13:08:57.033509Z", "fetched_at": "2025-07-13T13:10:49.938829+00:00", "symbol": "ETH-USD"}, {"trade_id": 666230962, "side": "buy", "size": "0.00760566", "price": "2982.61000000", "time": "2025-07-13T13:08:56.949921Z", "fetched_at": "2025-07-13T13:10:49.938829+00:00", "symbol": "ETH-USD"}, {"trade_id": 666230961, "side": "sell", "size": "0.00323592", "price": "2982.62000000", "time": "2025-07-13T13:08:53.141914Z", "fetched_at": "2025-07-13T13:10:49.938829+00:00", "symbol": "ETH-USD"}, {"trade_id": 666230960, "side": "sell", "size": "0.08144897", "price": "2982.62000000", "time": "2025-07-13T13:08:52.908145Z", "fetched_at": "2025-07-13T13:10:49.938829+00:00", "symbol": "ETH-USD"}, {"trade_id": 666230959, "side": "sell", "size": "0.00636003", "price": "2982.71000000", "time": "2025-07-13T13:08:52.317784Z", "fetched_at": "2025-07-13T13:10:49.938829+00:00", "symbol": "ETH-USD"}, {"trade_id": 666230958, "side": "sell", "size": "0.00651496", "price": "2982.71000000", "time": "2025-07-13T13:08:52.184938Z", "fetched_at": "2025-07-13T13:10:49.938829+00:00", "symbol": "ETH-USD"}, {"trade_id": 666230957, "side": "sell", "size": "0.00017879", "price": "2982.71000000", "time": "2025-07-13T13:08:51.724796Z", "fetched_at": "2025-07-13T13:10:49.938829+00:00", "symbol": "ETH-USD"}, {"trade_id": 666230956, "side": "buy", "size": "0.00000677", "price": "2982.61000000", "time": "2025-07-13T13:08:49.308814Z", "fetched_at": "2025-07-13T13:10:49.938829+00:00", "symbol": "ETH-USD"}, {"trade_id": 666230955, "side": "buy", "size": "0.00362254", "price": "2982.65000000", "time": "2025-07-13T13:08:45.489275Z", "fetched_at": "2025-07-13T13:10:49.938829+00:00", "symbol": "ETH-USD"}, {"trade_id": 666230954, "side": "buy", "size": "0.00398646", "price": "2982.67000000", "time": "2025-07-13T13:08:45.489275Z", "fetched_at": "2025-07-13T13:10:49.938829+00:00", "symbol": "ETH-USD"}, {"trade_id": 666230953, "side": "sell", "size": "0.00090246", "price": "2982.94000000", "time": "2025-07-13T13:08:43.992631Z", "fetched_at": "2025-07-13T13:10:49.938829+00:00", "symbol": "ETH-USD"}, {"trade_id": 666230952, "side": "sell", "size": "0.00161299", "price": "2982.93000000", "time": "2025-07-13T13:08:43.992631Z", "fetched_at": "2025-07-13T13:10:49.938829+00:00", "symbol": "ETH-USD"}, {"trade_id": 666230951, "side": "sell", "size": "0.00010334", "price": "2982.82000000", "time": "2025-07-13T13:08:43.992631Z", "fetched_at": "2025-07-13T13:10:49.938829+00:00", "symbol": "ETH-USD"}, {"trade_id": 666230950, "side": "sell", "size": "0.16425540", "price": "2982.76000000", "time": "2025-07-13T13:08:41.996437Z", "fetched_at": "2025-07-13T13:10:49.938829+00:00", "symbol": "ETH-USD"}, {"trade_id": 666230949, "side": "sell", "size": "0.00100000", "price": "2982.76000000", "time": "2025-07-13T13:08:41.996437Z", "fetched_at": "2025-07-13T13:10:49.938829+00:00", "symbol": "ETH-USD"}, {"trade_id": 666230948, "side": "sell", "size": "0.00024002", "price": "2982.69000000", "time": "2025-07-13T13:08:41.996437Z", "fetched_at": "2025-07-13T13:10:49.938829+00:00", "symbol": "ETH-USD"}, {"trade_id": 666230947, "side": "sell", "size": "0.00045185", "price": "2982.63000000", "time": "2025-07-13T13:08:41.996437Z", "fetched_at": "2025-07-13T13:10:49.938829+00:00", "symbol": "ETH-USD"}, {"trade_id": 666230946, "side": "sell", "size": "0.06865421", "price": "2982.67000000", "time": "2025-07-13T13:08:41.034094Z", "fetched_at": "2025-07-13T13:10:49.938829+00:00", "symbol": "ETH-USD"}, {"trade_id": 666230945, "side": "sell", "size": "0.00115044", "price": "2982.66000000", "time": "2025-07-13T13:08:41.034094Z", "fetched_at": "2025-07-13T13:10:49.938829+00:00", "symbol": "ETH-USD"}, {"trade_id": 666230944, "side": "sell", "size": "0.01017634", "price": "2982.66000000", "time": "2025-07-13T13:08:40.162086Z", "fetched_at": "2025-07-13T13:10:49.938829+00:00", "symbol": "ETH-USD"}, {"trade_id": 666230943, "side": "buy", "size": "0.00836445", "price": "2982.17000000", "time": "2025-07-13T13:08:38.560179Z", "fetched_at": "2025-07-13T13:10:49.938829+00:00", "symbol": "ETH-USD"}, {"trade_id": 666230942, "side": "buy", "size": "0.00398693", "price": "2982.32000000", "time": "2025-07-13T13:08:38.560179Z", "fetched_at": "2025-07-13T13:10:49.938829+00:00", "symbol": "ETH-USD"}, {"trade_id": 666230941, "side": "buy", "size": "0.12719786", "price": "2982.30000000", "time": "2025-07-13T13:08:37.874679Z", "fetched_at": "2025-07-13T13:10:49.938829+00:00", "symbol": "ETH-USD"}, {"trade_id": 666230940, "side": "buy", "size": "0.25601056", "price": "2982.32000000", "time": "2025-07-13T13:08:37.874679Z", "fetched_at": "2025-07-13T13:10:49.938829+00:00", "symbol": "ETH-USD"}, {"trade_id": 666230939, "side": "buy", "size": "0.51963204", "price": "2982.41000000", "time": "2025-07-13T13:08:37.874679Z", "fetched_at": "2025-07-13T13:10:49.938829+00:00", "symbol": "ETH-USD"}, {"trade_id": 666230938, "side": "buy", "size": "0.16764882", "price": "2982.42000000", "time": "2025-07-13T13:08:37.874679Z", "fetched_at": "2025-07-13T13:10:49.938829+00:00", "symbol": "ETH-USD"}, {"trade_id": 666230937, "side": "buy", "size": "0.41237209", "price": "2982.42000000", "time": "2025-07-13T13:08:37.874679Z", "fetched_at": "2025-07-13T13:10:49.938829+00:00", "symbol": "ETH-USD"}, {"trade_id": 666230936, "side": "buy", "size": "0.01613108", "price": "2982.44000000", "time": "2025-07-13T13:08:37.874679Z", "fetched_at": "2025-07-13T13:10:49.938829+00:00", "symbol": "ETH-USD"}, {"trade_id": 666230935, "side": "buy", "size": "0.04958356", "price": "2982.44000000", "time": "2025-07-13T13:08:37.874679Z", "fetched_at": "2025-07-13T13:10:49.938829+00:00", "symbol": "ETH-USD"}, {"trade_id": 666230934, "side": "buy", "size": "0.10976025", "price": "2982.45000000", "time": "2025-07-13T13:08:37.874679Z", "fetched_at": "2025-07-13T13:10:49.938829+00:00", "symbol": "ETH-USD"}, {"trade_id": 666230933, "side": "buy", "size": "0.00398674", "price": "2982.46000000", "time": "2025-07-13T13:08:37.874679Z", "fetched_at": "2025-07-13T13:10:49.938829+00:00", "symbol": "ETH-USD"}, {"trade_id": 666230932, "side": "buy", "size": "0.04861095", "price": "2982.46000000", "time": "2025-07-13T13:08:37.353622Z", "fetched_at": "2025-07-13T13:10:49.938829+00:00", "symbol": "ETH-USD"}, {"trade_id": 666230931, "side": "buy", "size": "0.01613070", "price": "2982.51000000", "time": "2025-07-13T13:08:37.353622Z", "fetched_at": "2025-07-13T13:10:49.938829+00:00", "symbol": "ETH-USD"}, {"trade_id": 666230930, "side": "buy", "size": "0.04690344", "price": "2982.51000000", "time": "2025-07-13T13:08:37.353622Z", "fetched_at": "2025-07-13T13:10:49.938829+00:00", "symbol": "ETH-USD"}, {"trade_id": 666230929, "side": "buy", "size": "0.06392245", "price": "2982.52000000", "time": "2025-07-13T13:08:37.353622Z", "fetched_at": "2025-07-13T13:10:49.938829+00:00", "symbol": "ETH-USD"}, {"trade_id": 666230928, "side": "buy", "size": "0.00049281", "price": "2982.53000000", "time": "2025-07-13T13:08:37.353622Z", "fetched_at": "2025-07-13T13:10:49.938829+00:00", "symbol": "ETH-USD"}, {"trade_id": 666230927, "side": "buy", "size": "0.00398665", "price": "2982.53000000", "time": "2025-07-13T13:08:37.353622Z", "fetched_at": "2025-07-13T13:10:49.938829+00:00", "symbol": "ETH-USD"}, {"trade_id": 666230926, "side": "sell", "size": "0.01575829", "price": "2982.85000000", "time": "2025-07-13T13:08:36.708719Z", "fetched_at": "2025-07-13T13:10:49.938829+00:00", "symbol": "ETH-USD"}, {"trade_id": 666230925, "side": "sell", "size": "0.00001330", "price": "2982.82000000", "time": "2025-07-13T13:08:36.708719Z", "fetched_at": "2025-07-13T13:10:49.938829+00:00", "symbol": "ETH-USD"}, {"trade_id": 666230924, "side": "sell", "size": "0.00004464", "price": "2982.54000000", "time": "2025-07-13T13:08:36.708719Z", "fetched_at": "2025-07-13T13:10:49.938829+00:00", "symbol": "ETH-USD"}, {"trade_id": 666230923, "side": "sell", "size": "0.00047896", "price": "2982.53000000", "time": "2025-07-13T13:08:36.708719Z", "fetched_at": "2025-07-13T13:10:49.938829+00:00", "symbol": "ETH-USD"}, {"trade_id": 666230922, "side": "sell", "size": "0.00901728", "price": "2982.86000000", "time": "2025-07-13T13:08:36.359574Z", "fetched_at": "2025-07-13T13:10:49.938829+00:00", "symbol": "ETH-USD"}, {"trade_id": 666230921, "side": "sell", "size": "0.00048301", "price": "2982.85000000", "time": "2025-07-13T13:08:36.359574Z", "fetched_at": "2025-07-13T13:10:49.938829+00:00", "symbol": "ETH-USD"}, {"trade_id": 666230920, "side": "sell", "size": "0.00006550", "price": "2982.75000000", "time": "2025-07-13T13:08:36.359574Z", "fetched_at": "2025-07-13T13:10:49.938829+00:00", "symbol": "ETH-USD"}, {"trade_id": 666230919, "side": "sell", "size": "0.00039241", "price": "2982.75000000", "time": "2025-07-13T13:08:36.359574Z", "fetched_at": "2025-07-13T13:10:49.938829+00:00", "symbol": "ETH-USD"}, {"trade_id": 666230918, "side": "sell", "size": "0.01464664", "price": "2982.86000000", "time": "2025-07-13T13:08:36.236047Z", "fetched_at": "2025-07-13T13:10:49.938829+00:00", "symbol": "ETH-USD"}, {"trade_id": 666230917, "side": "sell", "size": "0.00048922", "price": "2982.85000000", "time": "2025-07-13T13:08:36.236047Z", "fetched_at": "2025-07-13T13:10:49.938829+00:00", "symbol": "ETH-USD"}, {"trade_id": 666230916, "side": "sell", "size": "0.00035780", "price": "2982.78000000", "time": "2025-07-13T13:08:36.236047Z", "fetched_at": "2025-07-13T13:10:49.938829+00:00", "symbol": "ETH-USD"}, {"trade_id": 666230915, "side": "sell", "size": "0.00006449", "price": "2982.78000000", "time": "2025-07-13T13:08:36.236047Z", "fetched_at": "2025-07-13T13:10:49.938829+00:00", "symbol": "ETH-USD"}, {"trade_id": 666230914, "side": "sell", "size": "0.00024001", "price": "2982.75000000", "time": "2025-07-13T13:08:36.236047Z", "fetched_at": "2025-07-13T13:10:49.938829+00:00", "symbol": "ETH-USD"}, {"trade_id": 666230913, "side": "sell", "size": "0.00010335", "price": "2982.75000000", "time": "2025-07-13T13:08:36.236047Z", "fetched_at": "2025-07-13T13:10:49.938829+00:00", "symbol": "ETH-USD"}, {"trade_id": 666230912, "side": "buy", "size": "0.00400000", "price": "2982.51000000", "time": "2025-07-13T13:08:34.652760Z", "fetched_at": "2025-07-13T13:10:49.938829+00:00", "symbol": "ETH-USD"}, {"trade_id": 666230911, "side": "sell", "size": "0.00030000", "price": "2982.72000000", "time": "2025-07-13T13:08:33.651093Z", "fetched_at": "2025-07-13T13:10:49.938829+00:00", "symbol": "ETH-USD"}, {"trade_id": 666230910, "side": "buy", "size": "0.15353726", "price": "2982.44000000", "time": "2025-07-13T13:08:33.146504Z", "fetched_at": "2025-07-13T13:10:49.938829+00:00", "symbol": "ETH-USD"}, {"trade_id": 666230909, "side": "buy", "size": "0.14646274", "price": "2982.45000000", "time": "2025-07-13T13:08:33.146504Z", "fetched_at": "2025-07-13T13:10:49.938829+00:00", "symbol": "ETH-USD"}, {"trade_id": 666230908, "side": "buy", "size": "0.03947116", "price": "2982.44000000", "time": "2025-07-13T13:08:33.119778Z", "fetched_at": "2025-07-13T13:10:49.938829+00:00", "symbol": "ETH-USD"}, {"trade_id": 666230907, "side": "buy", "size": "0.00398674", "price": "2982.46000000", "time": "2025-07-13T13:08:33.119778Z", "fetched_at": "2025-07-13T13:10:49.938829+00:00", "symbol": "ETH-USD"}, {"trade_id": 666230906, "side": "sell", "size": "0.00008272", "price": "2982.75000000", "time": "2025-07-13T13:08:33.037581Z", "fetched_at": "2025-07-13T13:10:49.938829+00:00", "symbol": "ETH-USD"}, {"trade_id": 666230905, "side": "sell", "size": "0.03135274", "price": "2982.74000000", "time": "2025-07-13T13:08:32.854645Z", "fetched_at": "2025-07-13T13:10:49.938829+00:00", "symbol": "ETH-USD"}, {"trade_id": 666230904, "side": "sell", "size": "0.00099754", "price": "2982.73000000", "time": "2025-07-13T13:08:32.854645Z", "fetched_at": "2025-07-13T13:10:49.938829+00:00", "symbol": "ETH-USD"}, {"trade_id": 666230903, "side": "sell", "size": "0.00024002", "price": "2982.46000000", "time": "2025-07-13T13:08:32.854645Z", "fetched_at": "2025-07-13T13:10:49.938829+00:00", "symbol": "ETH-USD"}, {"trade_id": 666230902, "side": "sell", "size": "0.00049268", "price": "2982.76000000", "time": "2025-07-13T13:08:30.084855Z", "fetched_at": "2025-07-13T13:10:49.938829+00:00", "symbol": "ETH-USD"}, {"trade_id": 666230901, "side": "sell", "size": "0.02358984", "price": "2982.87000000", "time": "2025-07-13T13:08:29.308595Z", "fetched_at": "2025-07-13T13:10:49.938829+00:00", "symbol": "ETH-USD"}, {"trade_id": 666230900, "side": "sell", "size": "0.00100000", "price": "2982.76000000", "time": "2025-07-13T13:08:29.308595Z", "fetched_at": "2025-07-13T13:10:49.938829+00:00", "symbol": "ETH-USD"}, {"trade_id": 666230899, "side": "sell", "size": "0.00100000", "price": "2982.54000000", "time": "2025-07-13T13:08:29.308595Z", "fetched_at": "2025-07-13T13:10:49.938829+00:00", "symbol": "ETH-USD"}, {"trade_id": 666230898, "side": "sell", "size": "0.00115376", "price": "2982.51000000", "time": "2025-07-13T13:08:29.308595Z", "fetched_at": "2025-07-13T13:10:49.938829+00:00", "symbol": "ETH-USD"}, {"trade_id": 666230897, "side": "sell", "size": "0.00015357", "price": "2982.51000000", "time": "2025-07-13T13:08:29.308595Z", "fetched_at": "2025-07-13T13:10:49.938829+00:00", "symbol": "ETH-USD"}, {"trade_id": 666230896, "side": "sell", "size": "0.00037609", "price": "2982.51000000", "time": "2025-07-13T13:08:29.308595Z", "fetched_at": "2025-07-13T13:10:49.938829+00:00", "symbol": "ETH-USD"}, {"trade_id": 666230895, "side": "sell", "size": "0.00006780", "price": "2982.51000000", "time": "2025-07-13T13:08:29.308595Z", "fetched_at": "2025-07-13T13:10:49.938829+00:00", "symbol": "ETH-USD"}, {"trade_id": 666230894, "side": "sell", "size": "0.00446974", "price": "2982.51000000", "time": "2025-07-13T13:08:29.308595Z", "fetched_at": "2025-07-13T13:10:49.938829+00:00", "symbol": "ETH-USD"}, {"trade_id": 666230893, "side": "sell", "size": "0.00814858", "price": "2982.51000000", "time": "2025-07-13T13:08:28.437141Z", "fetched_at": "2025-07-13T13:10:49.938829+00:00", "symbol": "ETH-USD"}, {"trade_id": 666230892, "side": "sell", "size": "0.00133551", "price": "2982.51000000", "time": "2025-07-13T13:08:26.136911Z", "fetched_at": "2025-07-13T13:10:49.938829+00:00", "symbol": "ETH-USD"}, {"trade_id": 666230891, "side": "sell", "size": "0.00130607", "price": "2982.50000000", "time": "2025-07-13T13:08:26.136911Z", "fetched_at": "2025-07-13T13:10:49.938829+00:00", "symbol": "ETH-USD"}