[{"trade_id": 666212255, "side": "sell", "size": "0.00056465", "price": "2962.92000000", "time": "2025-07-13T11:46:12.848745Z", "fetched_at": "2025-07-13T11:46:16.068698+00:00", "symbol": "ETH-USD"}, {"trade_id": 666212254, "side": "sell", "size": "0.00337469", "price": "2962.92000000", "time": "2025-07-13T11:46:12.848745Z", "fetched_at": "2025-07-13T11:46:16.068698+00:00", "symbol": "ETH-USD"}, {"trade_id": 666212253, "side": "sell", "size": "0.00098024", "price": "2962.92000000", "time": "2025-07-13T11:46:12.848745Z", "fetched_at": "2025-07-13T11:46:16.068698+00:00", "symbol": "ETH-USD"}, {"trade_id": 666212252, "side": "buy", "size": "0.43132652", "price": "2962.82000000", "time": "2025-07-13T11:46:10.759368Z", "fetched_at": "2025-07-13T11:46:16.068698+00:00", "symbol": "ETH-USD"}, {"trade_id": 666212251, "side": "buy", "size": "0.00100000", "price": "2962.96000000", "time": "2025-07-13T11:46:10.759368Z", "fetched_at": "2025-07-13T11:46:16.068698+00:00", "symbol": "ETH-USD"}, {"trade_id": 666212250, "side": "buy", "size": "0.00000337", "price": "2963.04000000", "time": "2025-07-13T11:46:10.759368Z", "fetched_at": "2025-07-13T11:46:16.068698+00:00", "symbol": "ETH-USD"}, {"trade_id": 666212249, "side": "buy", "size": "0.00000337", "price": "2963.04000000", "time": "2025-07-13T11:46:10.759368Z", "fetched_at": "2025-07-13T11:46:16.068698+00:00", "symbol": "ETH-USD"}, {"trade_id": 666212248, "side": "buy", "size": "0.00267239", "price": "2963.05000000", "time": "2025-07-13T11:46:10.759368Z", "fetched_at": "2025-07-13T11:46:16.068698+00:00", "symbol": "ETH-USD"}, {"trade_id": 666212247, "side": "buy", "size": "0.00000337", "price": "2963.05000000", "time": "2025-07-13T11:46:10.759368Z", "fetched_at": "2025-07-13T11:46:16.068698+00:00", "symbol": "ETH-USD"}, {"trade_id": 666212246, "side": "buy", "size": "0.00267232", "price": "2963.13000000", "time": "2025-07-13T11:46:10.738243Z", "fetched_at": "2025-07-13T11:46:16.068698+00:00", "symbol": "ETH-USD"}, {"trade_id": 666212245, "side": "buy", "size": "0.00000620", "price": "2963.13000000", "time": "2025-07-13T11:46:10.738243Z", "fetched_at": "2025-07-13T11:46:16.068698+00:00", "symbol": "ETH-USD"}, {"trade_id": 666212244, "side": "buy", "size": "0.01623000", "price": "2963.13000000", "time": "2025-07-13T11:46:10.734344Z", "fetched_at": "2025-07-13T11:46:16.068698+00:00", "symbol": "ETH-USD"}, {"trade_id": 666212243, "side": "buy", "size": "0.00267231", "price": "2963.14000000", "time": "2025-07-13T11:46:10.730607Z", "fetched_at": "2025-07-13T11:46:16.068698+00:00", "symbol": "ETH-USD"}, {"trade_id": 666212242, "side": "buy", "size": "0.01623615", "price": "2963.14000000", "time": "2025-07-13T11:46:10.730607Z", "fetched_at": "2025-07-13T11:46:16.068698+00:00", "symbol": "ETH-USD"}, {"trade_id": 666212241, "side": "buy", "size": "0.02424550", "price": "2963.14000000", "time": "2025-07-13T11:46:10.730607Z", "fetched_at": "2025-07-13T11:46:16.068698+00:00", "symbol": "ETH-USD"}, {"trade_id": 666212240, "side": "buy", "size": "0.01623000", "price": "2963.14000000", "time": "2025-07-13T11:46:10.730432Z", "fetched_at": "2025-07-13T11:46:16.068698+00:00", "symbol": "ETH-USD"}, {"trade_id": 666212239, "side": "buy", "size": "0.65914676", "price": "2963.28000000", "time": "2025-07-13T11:46:10.717207Z", "fetched_at": "2025-07-13T11:46:16.068698+00:00", "symbol": "ETH-USD"}, {"trade_id": 666212238, "side": "sell", "size": "0.03279399", "price": "2963.29000000", "time": "2025-07-13T11:46:09.580751Z", "fetched_at": "2025-07-13T11:46:16.068698+00:00", "symbol": "ETH-USD"}, {"trade_id": 666212237, "side": "sell", "size": "0.06698973", "price": "2963.29000000", "time": "2025-07-13T11:46:09.531573Z", "fetched_at": "2025-07-13T11:46:16.068698+00:00", "symbol": "ETH-USD"}, {"trade_id": 666212236, "side": "sell", "size": "0.02703427", "price": "2963.29000000", "time": "2025-07-13T11:46:04.573550Z", "fetched_at": "2025-07-13T11:46:16.068698+00:00", "symbol": "ETH-USD"}, {"trade_id": 666212235, "side": "sell", "size": "0.00337467", "price": "2963.29000000", "time": "2025-07-13T11:46:04.573550Z", "fetched_at": "2025-07-13T11:46:16.068698+00:00", "symbol": "ETH-USD"}, {"trade_id": 666212234, "side": "sell", "size": "0.00300000", "price": "2963.29000000", "time": "2025-07-13T11:46:04.573550Z", "fetched_at": "2025-07-13T11:46:16.068698+00:00", "symbol": "ETH-USD"}, {"trade_id": 666212233, "side": "buy", "size": "0.01337325", "price": "2963.28000000", "time": "2025-07-13T11:46:01.579786Z", "fetched_at": "2025-07-13T11:46:16.068698+00:00", "symbol": "ETH-USD"}, {"trade_id": 666212232, "side": "sell", "size": "0.02334924", "price": "2963.31000000", "time": "2025-07-13T11:45:59.947265Z", "fetched_at": "2025-07-13T11:46:16.068698+00:00", "symbol": "ETH-USD"}, {"trade_id": 666212231, "side": "sell", "size": "0.00337474", "price": "2963.29000000", "time": "2025-07-13T11:45:59.947265Z", "fetched_at": "2025-07-13T11:46:16.068698+00:00", "symbol": "ETH-USD"}, {"trade_id": 666212230, "side": "sell", "size": "0.01980453", "price": "2963.31000000", "time": "2025-07-13T11:45:58.496023Z", "fetched_at": "2025-07-13T11:46:16.068698+00:00", "symbol": "ETH-USD"}, {"trade_id": 666212229, "side": "sell", "size": "0.00337477", "price": "2963.31000000", "time": "2025-07-13T11:45:58.496023Z", "fetched_at": "2025-07-13T11:46:16.068698+00:00", "symbol": "ETH-USD"}, {"trade_id": 666212228, "side": "sell", "size": "0.39011849", "price": "2963.27000000", "time": "2025-07-13T11:45:55.458270Z", "fetched_at": "2025-07-13T11:46:16.068698+00:00", "symbol": "ETH-USD"}, {"trade_id": 666212227, "side": "sell", "size": "0.10000000", "price": "2963.26000000", "time": "2025-07-13T11:45:55.458270Z", "fetched_at": "2025-07-13T11:46:16.068698+00:00", "symbol": "ETH-USD"}, {"trade_id": 666212226, "side": "sell", "size": "0.06903583", "price": "2963.25000000", "time": "2025-07-13T11:45:55.458270Z", "fetched_at": "2025-07-13T11:46:16.068698+00:00", "symbol": "ETH-USD"}, {"trade_id": 666212225, "side": "sell", "size": "0.00337467", "price": "2963.24000000", "time": "2025-07-13T11:45:55.458270Z", "fetched_at": "2025-07-13T11:46:16.068698+00:00", "symbol": "ETH-USD"}, {"trade_id": 666212224, "side": "buy", "size": "0.00281978", "price": "2963.14000000", "time": "2025-07-13T11:45:51.996637Z", "fetched_at": "2025-07-13T11:46:16.068698+00:00", "symbol": "ETH-USD"}, {"trade_id": 666212223, "side": "buy", "size": "0.00302888", "price": "2963.27000000", "time": "2025-07-13T11:45:51.996637Z", "fetched_at": "2025-07-13T11:46:16.068698+00:00", "symbol": "ETH-USD"}, {"trade_id": 666212222, "side": "buy", "size": "0.04585508", "price": "2963.06000000", "time": "2025-07-13T11:45:48.090054Z", "fetched_at": "2025-07-13T11:46:16.068698+00:00", "symbol": "ETH-USD"}, {"trade_id": 666212221, "side": "buy", "size": "0.00100000", "price": "2963.18000000", "time": "2025-07-13T11:45:48.090054Z", "fetched_at": "2025-07-13T11:46:16.068698+00:00", "symbol": "ETH-USD"}, {"trade_id": 666212220, "side": "buy", "size": "0.83599617", "price": "2963.19000000", "time": "2025-07-13T11:45:48.090054Z", "fetched_at": "2025-07-13T11:46:16.068698+00:00", "symbol": "ETH-USD"}, {"trade_id": 666212219, "side": "buy", "size": "0.00307778", "price": "2963.20000000", "time": "2025-07-13T11:45:48.090054Z", "fetched_at": "2025-07-13T11:46:16.068698+00:00", "symbol": "ETH-USD"}, {"trade_id": 666212218, "side": "buy", "size": "0.00100000", "price": "2963.40000000", "time": "2025-07-13T11:45:48.090054Z", "fetched_at": "2025-07-13T11:46:16.068698+00:00", "symbol": "ETH-USD"}, {"trade_id": 666212217, "side": "buy", "size": "0.00001012", "price": "2963.62000000", "time": "2025-07-13T11:45:48.090054Z", "fetched_at": "2025-07-13T11:46:16.068698+00:00", "symbol": "ETH-USD"}, {"trade_id": 666212216, "side": "buy", "size": "0.00000337", "price": "2963.62000000", "time": "2025-07-13T11:45:48.090054Z", "fetched_at": "2025-07-13T11:46:16.068698+00:00", "symbol": "ETH-USD"}, {"trade_id": 666212215, "side": "buy", "size": "0.00001687", "price": "2963.62000000", "time": "2025-07-13T11:45:48.090054Z", "fetched_at": "2025-07-13T11:46:16.068698+00:00", "symbol": "ETH-USD"}, {"trade_id": 666212214, "side": "buy", "size": "0.00000674", "price": "2963.62000000", "time": "2025-07-13T11:45:48.090054Z", "fetched_at": "2025-07-13T11:46:16.068698+00:00", "symbol": "ETH-USD"}, {"trade_id": 666212213, "side": "buy", "size": "0.00061376", "price": "2963.62000000", "time": "2025-07-13T11:45:48.090054Z", "fetched_at": "2025-07-13T11:46:16.068698+00:00", "symbol": "ETH-USD"}, {"trade_id": 666212212, "side": "buy", "size": "0.00038624", "price": "2963.62000000", "time": "2025-07-13T11:45:46.929494Z", "fetched_at": "2025-07-13T11:46:16.068698+00:00", "symbol": "ETH-USD"}, {"trade_id": 666212211, "side": "buy", "size": "0.00043430", "price": "2963.72000000", "time": "2025-07-13T11:45:45.771842Z", "fetched_at": "2025-07-13T11:46:16.068698+00:00", "symbol": "ETH-USD"}, {"trade_id": 666212210, "side": "buy", "size": "1.08142274", "price": "2963.72000000", "time": "2025-07-13T11:45:45.771842Z", "fetched_at": "2025-07-13T11:46:16.068698+00:00", "symbol": "ETH-USD"}, {"trade_id": 666212209, "side": "buy", "size": "0.26795071", "price": "2963.72000000", "time": "2025-07-13T11:45:45.524529Z", "fetched_at": "2025-07-13T11:46:16.068698+00:00", "symbol": "ETH-USD"}, {"trade_id": 666212208, "side": "buy", "size": "0.01623917", "price": "2963.82000000", "time": "2025-07-13T11:45:45.524529Z", "fetched_at": "2025-07-13T11:46:16.068698+00:00", "symbol": "ETH-USD"}, {"trade_id": 666212207, "side": "buy", "size": "0.04328535", "price": "2963.82000000", "time": "2025-07-13T11:45:45.524529Z", "fetched_at": "2025-07-13T11:46:16.068698+00:00", "symbol": "ETH-USD"}, {"trade_id": 666212206, "side": "buy", "size": "0.03657779", "price": "2963.82000000", "time": "2025-07-13T11:45:45.524529Z", "fetched_at": "2025-07-13T11:46:16.068698+00:00", "symbol": "ETH-USD"}, {"trade_id": 666212205, "side": "buy", "size": "0.01716703", "price": "2963.82000000", "time": "2025-07-13T11:45:45.524529Z", "fetched_at": "2025-07-13T11:46:16.068698+00:00", "symbol": "ETH-USD"}, {"trade_id": 666212204, "side": "sell", "size": "0.01777770", "price": "2963.83000000", "time": "2025-07-13T11:45:44.914426Z", "fetched_at": "2025-07-13T11:46:16.068698+00:00", "symbol": "ETH-USD"}, {"trade_id": 666212203, "side": "buy", "size": "0.23840000", "price": "2963.73000000", "time": "2025-07-13T11:45:42.771770Z", "fetched_at": "2025-07-13T11:46:16.068698+00:00", "symbol": "ETH-USD"}, {"trade_id": 666212202, "side": "buy", "size": "0.78744001", "price": "2963.84000000", "time": "2025-07-13T11:45:42.757188Z", "fetched_at": "2025-07-13T11:46:16.068698+00:00", "symbol": "ETH-USD"}, {"trade_id": 666212201, "side": "buy", "size": "0.00100000", "price": "2963.84000000", "time": "2025-07-13T11:45:42.757188Z", "fetched_at": "2025-07-13T11:46:16.068698+00:00", "symbol": "ETH-USD"}, {"trade_id": 666212200, "side": "buy", "size": "0.65416001", "price": "2963.95000000", "time": "2025-07-13T11:45:42.677988Z", "fetched_at": "2025-07-13T11:46:16.068698+00:00", "symbol": "ETH-USD"}, {"trade_id": 666212199, "side": "buy", "size": "0.68952001", "price": "2964.06000000", "time": "2025-07-13T11:45:41.832367Z", "fetched_at": "2025-07-13T11:46:16.068698+00:00", "symbol": "ETH-USD"}, {"trade_id": 666212198, "side": "buy", "size": "0.00100000", "price": "2964.06000000", "time": "2025-07-13T11:45:41.832367Z", "fetched_at": "2025-07-13T11:46:16.068698+00:00", "symbol": "ETH-USD"}, {"trade_id": 666212197, "side": "buy", "size": "0.60112001", "price": "2964.13000000", "time": "2025-07-13T11:45:41.790815Z", "fetched_at": "2025-07-13T11:46:16.068698+00:00", "symbol": "ETH-USD"}, {"trade_id": 666212196, "side": "buy", "size": "0.00337368", "price": "2964.13000000", "time": "2025-07-13T11:45:41.790815Z", "fetched_at": "2025-07-13T11:46:16.068698+00:00", "symbol": "ETH-USD"}, {"trade_id": 666212195, "side": "sell", "size": "0.01340000", "price": "2964.14000000", "time": "2025-07-13T11:45:41.644828Z", "fetched_at": "2025-07-13T11:46:16.068698+00:00", "symbol": "ETH-USD"}, {"trade_id": 666212194, "side": "buy", "size": "0.62696001", "price": "2964.29000000", "time": "2025-07-13T11:45:41.544254Z", "fetched_at": "2025-07-13T11:46:16.068698+00:00", "symbol": "ETH-USD"}, {"trade_id": 666212193, "side": "buy", "size": "0.01814599", "price": "2964.29000000", "time": "2025-07-13T11:45:41.544254Z", "fetched_at": "2025-07-13T11:46:16.068698+00:00", "symbol": "ETH-USD"}, {"trade_id": 666212192, "side": "buy", "size": "0.01748142", "price": "2964.29000000", "time": "2025-07-13T11:45:41.544254Z", "fetched_at": "2025-07-13T11:46:16.068698+00:00", "symbol": "ETH-USD"}, {"trade_id": 666212191, "side": "sell", "size": "0.00000471", "price": "2964.30000000", "time": "2025-07-13T11:45:41.233845Z", "fetched_at": "2025-07-13T11:46:16.068698+00:00", "symbol": "ETH-USD"}, {"trade_id": 666212190, "side": "buy", "size": "0.00114867", "price": "2964.23000000", "time": "2025-07-13T11:45:34.049780Z", "fetched_at": "2025-07-13T11:46:16.068698+00:00", "symbol": "ETH-USD"}, {"trade_id": 666212189, "side": "buy", "size": "0.00100000", "price": "2964.28000000", "time": "2025-07-13T11:45:34.049780Z", "fetched_at": "2025-07-13T11:46:16.068698+00:00", "symbol": "ETH-USD"}, {"trade_id": 666212188, "side": "buy", "size": "0.11501024", "price": "2964.37000000", "time": "2025-07-13T11:45:33.875840Z", "fetched_at": "2025-07-13T11:46:16.068698+00:00", "symbol": "ETH-USD"}, {"trade_id": 666212187, "side": "buy", "size": "0.00100000", "price": "2964.50000000", "time": "2025-07-13T11:45:33.875840Z", "fetched_at": "2025-07-13T11:46:16.068698+00:00", "symbol": "ETH-USD"}, {"trade_id": 666212186, "side": "buy", "size": "0.01622843", "price": "2964.55000000", "time": "2025-07-13T11:45:33.788788Z", "fetched_at": "2025-07-13T11:46:16.068698+00:00", "symbol": "ETH-USD"}, {"trade_id": 666212185, "side": "buy", "size": "0.00001686", "price": "2964.55000000", "time": "2025-07-13T11:45:33.788788Z", "fetched_at": "2025-07-13T11:46:16.068698+00:00", "symbol": "ETH-USD"}, {"trade_id": 666212184, "side": "buy", "size": "0.01443389", "price": "2964.55000000", "time": "2025-07-13T11:45:33.788788Z", "fetched_at": "2025-07-13T11:46:16.068698+00:00", "symbol": "ETH-USD"}, {"trade_id": 666212183, "side": "buy", "size": "0.04327411", "price": "2964.59000000", "time": "2025-07-13T11:45:33.788788Z", "fetched_at": "2025-07-13T11:46:16.068698+00:00", "symbol": "ETH-USD"}, {"trade_id": 666212182, "side": "buy", "size": "0.00000337", "price": "2964.59000000", "time": "2025-07-13T11:45:33.788788Z", "fetched_at": "2025-07-13T11:46:16.068698+00:00", "symbol": "ETH-USD"}, {"trade_id": 666212181, "side": "buy", "size": "0.00000674", "price": "2964.59000000", "time": "2025-07-13T11:45:33.788788Z", "fetched_at": "2025-07-13T11:46:16.068698+00:00", "symbol": "ETH-USD"}, {"trade_id": 666212180, "side": "buy", "size": "0.00001011", "price": "2964.59000000", "time": "2025-07-13T11:45:33.788788Z", "fetched_at": "2025-07-13T11:46:16.068698+00:00", "symbol": "ETH-USD"}, {"trade_id": 666212179, "side": "buy", "size": "0.07271591", "price": "2964.59000000", "time": "2025-07-13T11:45:33.788788Z", "fetched_at": "2025-07-13T11:46:16.068698+00:00", "symbol": "ETH-USD"}, {"trade_id": 666212178, "side": "buy", "size": "0.00843190", "price": "2964.59000000", "time": "2025-07-13T11:45:31.503936Z", "fetched_at": "2025-07-13T11:46:16.068698+00:00", "symbol": "ETH-USD"}, {"trade_id": 666212177, "side": "sell", "size": "0.00811109", "price": "2964.60000000", "time": "2025-07-13T11:45:30.279986Z", "fetched_at": "2025-07-13T11:46:16.068698+00:00", "symbol": "ETH-USD"}, {"trade_id": 666212176, "side": "sell", "size": "0.00066781", "price": "2964.60000000", "time": "2025-07-13T11:45:28.739055Z", "fetched_at": "2025-07-13T11:46:16.068698+00:00", "symbol": "ETH-USD"}, {"trade_id": 666212175, "side": "buy", "size": "0.12981270", "price": "2964.81000000", "time": "2025-07-13T11:45:27.618633Z", "fetched_at": "2025-07-13T11:46:16.068698+00:00", "symbol": "ETH-USD"}, {"trade_id": 666212174, "side": "buy", "size": "0.07154984", "price": "2964.56000000", "time": "2025-07-13T11:45:26.178215Z", "fetched_at": "2025-07-13T11:46:16.068698+00:00", "symbol": "ETH-USD"}, {"trade_id": 666212173, "side": "buy", "size": "0.01692994", "price": "2964.57000000", "time": "2025-07-13T11:45:26.178215Z", "fetched_at": "2025-07-13T11:46:16.068698+00:00", "symbol": "ETH-USD"}, {"trade_id": 666212172, "side": "buy", "size": "0.02994450", "price": "2964.57000000", "time": "2025-07-13T11:45:26.178215Z", "fetched_at": "2025-07-13T11:46:16.068698+00:00", "symbol": "ETH-USD"}, {"trade_id": 666212171, "side": "buy", "size": "0.00113172", "price": "2964.58000000", "time": "2025-07-13T11:45:26.178215Z", "fetched_at": "2025-07-13T11:46:16.068698+00:00", "symbol": "ETH-USD"}, {"trade_id": 666212170, "side": "buy", "size": "0.11904195", "price": "2964.58000000", "time": "2025-07-13T11:45:26.178215Z", "fetched_at": "2025-07-13T11:46:16.068698+00:00", "symbol": "ETH-USD"}, {"trade_id": 666212169, "side": "buy", "size": "0.00296012", "price": "2964.59000000", "time": "2025-07-13T11:45:26.178215Z", "fetched_at": "2025-07-13T11:46:16.068698+00:00", "symbol": "ETH-USD"}, {"trade_id": 666212168, "side": "buy", "size": "0.00125993", "price": "2964.85000000", "time": "2025-07-13T11:45:26.178215Z", "fetched_at": "2025-07-13T11:46:16.068698+00:00", "symbol": "ETH-USD"}, {"trade_id": 666212167, "side": "sell", "size": "0.00007556", "price": "2964.86000000", "time": "2025-07-13T11:45:26.065684Z", "fetched_at": "2025-07-13T11:46:16.068698+00:00", "symbol": "ETH-USD"}, {"trade_id": 666212166, "side": "sell", "size": "0.00060011", "price": "2964.93000000", "time": "2025-07-13T11:45:23.045907Z", "fetched_at": "2025-07-13T11:46:16.068698+00:00", "symbol": "ETH-USD"}, {"trade_id": 666212165, "side": "sell", "size": "0.00325556", "price": "2964.93000000", "time": "2025-07-13T11:45:21.831284Z", "fetched_at": "2025-07-13T11:46:16.068698+00:00", "symbol": "ETH-USD"}, {"trade_id": 666212164, "side": "sell", "size": "0.00107868", "price": "2965.12000000", "time": "2025-07-13T11:45:17.566370Z", "fetched_at": "2025-07-13T11:46:16.068698+00:00", "symbol": "ETH-USD"}, {"trade_id": 666212163, "side": "sell", "size": "0.00007872", "price": "2965.12000000", "time": "2025-07-13T11:45:17.566370Z", "fetched_at": "2025-07-13T11:46:16.068698+00:00", "symbol": "ETH-USD"}, {"trade_id": 666212162, "side": "sell", "size": "0.00021087", "price": "2965.12000000", "time": "2025-07-13T11:45:17.566370Z", "fetched_at": "2025-07-13T11:46:16.068698+00:00", "symbol": "ETH-USD"}, {"trade_id": 666212161, "side": "sell", "size": "0.00015779", "price": "2965.12000000", "time": "2025-07-13T11:45:17.566370Z", "fetched_at": "2025-07-13T11:46:16.068698+00:00", "symbol": "ETH-USD"}, {"trade_id": 666212160, "side": "sell", "size": "0.00010338", "price": "2965.12000000", "time": "2025-07-13T11:45:17.566370Z", "fetched_at": "2025-07-13T11:46:16.068698+00:00", "symbol": "ETH-USD"}, {"trade_id": 666212159, "side": "sell", "size": "0.00337313", "price": "2964.63000000", "time": "2025-07-13T11:45:14.689564Z", "fetched_at": "2025-07-13T11:46:16.068698+00:00", "symbol": "ETH-USD"}, {"trade_id": 666212158, "side": "sell", "size": "0.00325585", "price": "2964.63000000", "time": "2025-07-13T11:45:10.914382Z", "fetched_at": "2025-07-13T11:46:16.068698+00:00", "symbol": "ETH-USD"}, {"trade_id": 666212157, "side": "sell", "size": "0.01332363", "price": "2964.76000000", "time": "2025-07-13T11:45:10.641211Z", "fetched_at": "2025-07-13T11:46:16.068698+00:00", "symbol": "ETH-USD"}, {"trade_id": 666212156, "side": "sell", "size": "0.00337307", "price": "2964.59000000", "time": "2025-07-13T11:45:10.641211Z", "fetched_at": "2025-07-13T11:46:16.068698+00:00", "symbol": "ETH-USD"}, {"trade_id": 666212155, "side": "sell", "size": "0.22310608", "price": "2964.77000000", "time": "2025-07-13T11:45:09.670739Z", "fetched_at": "2025-07-13T11:46:16.068698+00:00", "symbol": "ETH-USD"}, {"trade_id": 666212154, "side": "sell", "size": "0.00337307", "price": "2964.59000000", "time": "2025-07-13T11:45:09.670739Z", "fetched_at": "2025-07-13T11:46:16.068698+00:00", "symbol": "ETH-USD"}, {"trade_id": 666212153, "side": "sell", "size": "0.00497505", "price": "2964.79000000", "time": "2025-07-13T11:45:08.634541Z", "fetched_at": "2025-07-13T11:46:16.068698+00:00", "symbol": "ETH-USD"}, {"trade_id": 666212152, "side": "sell", "size": "0.00337318", "price": "2964.59000000", "time": "2025-07-13T11:45:08.634541Z", "fetched_at": "2025-07-13T11:46:16.068698+00:00", "symbol": "ETH-USD"}, {"trade_id": 666212151, "side": "sell", "size": "0.05153552", "price": "2964.94000000", "time": "2025-07-13T11:45:06.574616Z", "fetched_at": "2025-07-13T11:46:16.068698+00:00", "symbol": "ETH-USD"}, {"trade_id": 666212150, "side": "sell", "size": "0.82038382", "price": "2964.91000000", "time": "2025-07-13T11:45:06.574616Z", "fetched_at": "2025-07-13T11:46:16.068698+00:00", "symbol": "ETH-USD"}, {"trade_id": 666212149, "side": "sell", "size": "1.69916104", "price": "2964.90000000", "time": "2025-07-13T11:45:06.574616Z", "fetched_at": "2025-07-13T11:46:16.068698+00:00", "symbol": "ETH-USD"}, {"trade_id": 666212148, "side": "sell", "size": "1.27930803", "price": "2964.90000000", "time": "2025-07-13T11:45:06.574616Z", "fetched_at": "2025-07-13T11:46:16.068698+00:00", "symbol": "ETH-USD"}, {"trade_id": 666212147, "side": "sell", "size": "1.38122739", "price": "2964.88000000", "time": "2025-07-13T11:45:06.574616Z", "fetched_at": "2025-07-13T11:46:16.068698+00:00", "symbol": "ETH-USD"}, {"trade_id": 666212146, "side": "sell", "size": "1.59632125", "price": "2964.87000000", "time": "2025-07-13T11:45:06.574616Z", "fetched_at": "2025-07-13T11:46:16.068698+00:00", "symbol": "ETH-USD"}, {"trade_id": 666212145, "side": "sell", "size": "0.60000000", "price": "2964.72000000", "time": "2025-07-13T11:45:06.574616Z", "fetched_at": "2025-07-13T11:46:16.068698+00:00", "symbol": "ETH-USD"}, {"trade_id": 666212144, "side": "sell", "size": "0.04404192", "price": "2964.70000000", "time": "2025-07-13T11:45:06.574616Z", "fetched_at": "2025-07-13T11:46:16.068698+00:00", "symbol": "ETH-USD"}, {"trade_id": 666212143, "side": "sell", "size": "1.29248372", "price": "2964.70000000", "time": "2025-07-13T11:45:06.574616Z", "fetched_at": "2025-07-13T11:46:16.068698+00:00", "symbol": "ETH-USD"}, {"trade_id": 666212142, "side": "sell", "size": "1.16191538", "price": "2964.69000000", "time": "2025-07-13T11:45:06.574616Z", "fetched_at": "2025-07-13T11:46:16.068698+00:00", "symbol": "ETH-USD"}, {"trade_id": 666212141, "side": "sell", "size": "0.07029979", "price": "2964.68000000", "time": "2025-07-13T11:45:06.574616Z", "fetched_at": "2025-07-13T11:46:16.068698+00:00", "symbol": "ETH-USD"}, {"trade_id": 666212140, "side": "sell", "size": "0.00332587", "price": "2964.58000000", "time": "2025-07-13T11:45:06.574616Z", "fetched_at": "2025-07-13T11:46:16.068698+00:00", "symbol": "ETH-USD"}, {"trade_id": 666212139, "side": "sell", "size": "0.00004720", "price": "2964.58000000", "time": "2025-07-13T11:45:06.417033Z", "fetched_at": "2025-07-13T11:46:16.068698+00:00", "symbol": "ETH-USD"}, {"trade_id": 666212138, "side": "sell", "size": "0.03010421", "price": "2964.69000000", "time": "2025-07-13T11:45:04.321912Z", "fetched_at": "2025-07-13T11:46:16.068698+00:00", "symbol": "ETH-USD"}, {"trade_id": 666212137, "side": "sell", "size": "0.00337316", "price": "2964.68000000", "time": "2025-07-13T11:45:04.321912Z", "fetched_at": "2025-07-13T11:46:16.068698+00:00", "symbol": "ETH-USD"}, {"trade_id": 666212136, "side": "buy", "size": "0.01333327", "price": "2964.57000000", "time": "2025-07-13T11:45:01.114451Z", "fetched_at": "2025-07-13T11:46:16.068698+00:00", "symbol": "ETH-USD"}, {"trade_id": 666212135, "side": "buy", "size": "0.01008405", "price": "2964.58000000", "time": "2025-07-13T11:45:01.114451Z", "fetched_at": "2025-07-13T11:46:16.068698+00:00", "symbol": "ETH-USD"}, {"trade_id": 666212134, "side": "buy", "size": "0.01031655", "price": "2964.69000000", "time": "2025-07-13T11:45:01.114451Z", "fetched_at": "2025-07-13T11:46:16.068698+00:00", "symbol": "ETH-USD"}, {"trade_id": 666212133, "side": "sell", "size": "0.00059678", "price": "2964.70000000", "time": "2025-07-13T11:44:49.983136Z", "fetched_at": "2025-07-13T11:46:16.068698+00:00", "symbol": "ETH-USD"}, {"trade_id": 666212132, "side": "buy", "size": "0.00591111", "price": "2964.69000000", "time": "2025-07-13T11:44:48.144048Z", "fetched_at": "2025-07-13T11:46:16.068698+00:00", "symbol": "ETH-USD"}, {"trade_id": 666212131, "side": "buy", "size": "0.08490000", "price": "2964.69000000", "time": "2025-07-13T11:44:44.440011Z", "fetched_at": "2025-07-13T11:46:16.068698+00:00", "symbol": "ETH-USD"}, {"trade_id": 666212130, "side": "buy", "size": "0.10992939", "price": "2964.25000000", "time": "2025-07-13T11:44:37.823255Z", "fetched_at": "2025-07-13T11:46:16.068698+00:00", "symbol": "ETH-USD"}, {"trade_id": 666212129, "side": "buy", "size": "0.00100000", "price": "2964.28000000", "time": "2025-07-13T11:44:37.823255Z", "fetched_at": "2025-07-13T11:46:16.068698+00:00", "symbol": "ETH-USD"}, {"trade_id": 666212128, "side": "buy", "size": "0.08478652", "price": "2964.32000000", "time": "2025-07-13T11:44:37.823255Z", "fetched_at": "2025-07-13T11:46:16.068698+00:00", "symbol": "ETH-USD"}, {"trade_id": 666212127, "side": "buy", "size": "0.01243451", "price": "2964.33000000", "time": "2025-07-13T11:44:37.823255Z", "fetched_at": "2025-07-13T11:46:16.068698+00:00", "symbol": "ETH-USD"}, {"trade_id": 666212126, "side": "buy", "size": "0.42750796", "price": "2964.35000000", "time": "2025-07-13T11:44:37.823255Z", "fetched_at": "2025-07-13T11:46:16.068698+00:00", "symbol": "ETH-USD"}, {"trade_id": 666212125, "side": "buy", "size": "0.00337341", "price": "2964.36000000", "time": "2025-07-13T11:44:37.823255Z", "fetched_at": "2025-07-13T11:46:16.068698+00:00", "symbol": "ETH-USD"}, {"trade_id": 666212124, "side": "buy", "size": "0.00001011", "price": "2964.53000000", "time": "2025-07-13T11:44:37.823255Z", "fetched_at": "2025-07-13T11:46:16.068698+00:00", "symbol": "ETH-USD"}, {"trade_id": 666212123, "side": "buy", "size": "0.01940948", "price": "2964.53000000", "time": "2025-07-13T11:44:37.823255Z", "fetched_at": "2025-07-13T11:46:16.068698+00:00", "symbol": "ETH-USD"}, {"trade_id": 666212122, "side": "buy", "size": "0.01622766", "price": "2964.69000000", "time": "2025-07-13T11:44:37.823255Z", "fetched_at": "2025-07-13T11:46:16.068698+00:00", "symbol": "ETH-USD"}, {"trade_id": 666212121, "side": "buy", "size": "0.00000674", "price": "2964.69000000", "time": "2025-07-13T11:44:37.823255Z", "fetched_at": "2025-07-13T11:46:16.068698+00:00", "symbol": "ETH-USD"}, {"trade_id": 666212120, "side": "buy", "size": "0.00002004", "price": "2964.84000000", "time": "2025-07-13T11:44:31.374420Z", "fetched_at": "2025-07-13T11:46:16.068698+00:00", "symbol": "ETH-USD"}, {"trade_id": 666212119, "side": "buy", "size": "0.01745813", "price": "2964.84000000", "time": "2025-07-13T11:44:31.370687Z", "fetched_at": "2025-07-13T11:46:16.068698+00:00", "symbol": "ETH-USD"}, {"trade_id": 666212118, "side": "buy", "size": "0.00375062", "price": "2964.84000000", "time": "2025-07-13T11:44:31.370687Z", "fetched_at": "2025-07-13T11:46:16.068698+00:00", "symbol": "ETH-USD"}, {"trade_id": 666212117, "side": "buy", "size": "0.02958675", "price": "2964.84000000", "time": "2025-07-13T11:44:31.370687Z", "fetched_at": "2025-07-13T11:46:16.068698+00:00", "symbol": "ETH-USD"}, {"trade_id": 666212116, "side": "buy", "size": "0.00749450", "price": "2964.84000000", "time": "2025-07-13T11:44:31.370687Z", "fetched_at": "2025-07-13T11:46:16.068698+00:00", "symbol": "ETH-USD"}, {"trade_id": 666212115, "side": "sell", "size": "0.01359586", "price": "2964.85000000", "time": "2025-07-13T11:44:30.705145Z", "fetched_at": "2025-07-13T11:46:16.068698+00:00", "symbol": "ETH-USD"}, {"trade_id": 666212114, "side": "sell", "size": "1.47327947", "price": "2964.91000000", "time": "2025-07-13T11:44:30.531200Z", "fetched_at": "2025-07-13T11:46:16.068698+00:00", "symbol": "ETH-USD"}, {"trade_id": 666212113, "side": "sell", "size": "0.15747598", "price": "2964.90000000", "time": "2025-07-13T11:44:30.531200Z", "fetched_at": "2025-07-13T11:46:16.068698+00:00", "symbol": "ETH-USD"}, {"trade_id": 666212112, "side": "sell", "size": "0.00190352", "price": "2964.89000000", "time": "2025-07-13T11:44:30.531200Z", "fetched_at": "2025-07-13T11:46:16.068698+00:00", "symbol": "ETH-USD"}, {"trade_id": 666212111, "side": "sell", "size": "1.03211000", "price": "2964.85000000", "time": "2025-07-13T11:44:30.531200Z", "fetched_at": "2025-07-13T11:46:16.068698+00:00", "symbol": "ETH-USD"}, {"trade_id": 666212110, "side": "sell", "size": "0.41272273", "price": "2964.85000000", "time": "2025-07-13T11:44:30.531200Z", "fetched_at": "2025-07-13T11:46:16.068698+00:00", "symbol": "ETH-USD"}, {"trade_id": 666212109, "side": "sell", "size": "0.19969442", "price": "2964.85000000", "time": "2025-07-13T11:44:30.531200Z", "fetched_at": "2025-07-13T11:46:16.068698+00:00", "symbol": "ETH-USD"}, {"trade_id": 666212108, "side": "sell", "size": "0.02415809", "price": "2964.85000000", "time": "2025-07-13T11:44:29.720690Z", "fetched_at": "2025-07-13T11:46:16.068698+00:00", "symbol": "ETH-USD"}, {"trade_id": 666212107, "side": "buy", "size": "0.01521267", "price": "2964.32000000", "time": "2025-07-13T11:44:27.970743Z", "fetched_at": "2025-07-13T11:46:16.068698+00:00", "symbol": "ETH-USD"}, {"trade_id": 666212106, "side": "buy", "size": "0.38374717", "price": "2964.34000000", "time": "2025-07-13T11:44:27.970743Z", "fetched_at": "2025-07-13T11:46:16.068698+00:00", "symbol": "ETH-USD"}, {"trade_id": 666212105, "side": "buy", "size": "5.59400000", "price": "2964.37000000", "time": "2025-07-13T11:44:27.970743Z", "fetched_at": "2025-07-13T11:46:16.068698+00:00", "symbol": "ETH-USD"}, {"trade_id": 666212104, "side": "buy", "size": "0.38771858", "price": "2964.39000000", "time": "2025-07-13T11:44:27.970743Z", "fetched_at": "2025-07-13T11:46:16.068698+00:00", "symbol": "ETH-USD"}, {"trade_id": 666212103, "side": "buy", "size": "0.00100000", "price": "2964.50000000", "time": "2025-07-13T11:44:27.970743Z", "fetched_at": "2025-07-13T11:46:16.068698+00:00", "symbol": "ETH-USD"}, {"trade_id": 666212102, "side": "buy", "size": "5.59400000", "price": "2964.52000000", "time": "2025-07-13T11:44:27.970743Z", "fetched_at": "2025-07-13T11:46:16.068698+00:00", "symbol": "ETH-USD"}, {"trade_id": 666212101, "side": "buy", "size": "0.04144915", "price": "2964.55000000", "time": "2025-07-13T11:44:27.970743Z", "fetched_at": "2025-07-13T11:46:16.068698+00:00", "symbol": "ETH-USD"}, {"trade_id": 666212100, "side": "buy", "size": "0.07557116", "price": "2964.56000000", "time": "2025-07-13T11:44:27.970743Z", "fetched_at": "2025-07-13T11:46:16.068698+00:00", "symbol": "ETH-USD"}, {"trade_id": 666212099, "side": "buy", "size": "0.07191515", "price": "2964.57000000", "time": "2025-07-13T11:44:27.970743Z", "fetched_at": "2025-07-13T11:46:16.068698+00:00", "symbol": "ETH-USD"}, {"trade_id": 666212098, "side": "buy", "size": "0.16336000", "price": "2964.75000000", "time": "2025-07-13T11:44:27.970743Z", "fetched_at": "2025-07-13T11:46:16.068698+00:00", "symbol": "ETH-USD"}, {"trade_id": 666212097, "side": "buy", "size": "0.00360051", "price": "2964.57000000", "time": "2025-07-13T11:44:27.963502Z", "fetched_at": "2025-07-13T11:46:16.068698+00:00", "symbol": "ETH-USD"}, {"trade_id": 666212096, "side": "buy", "size": "0.00100000", "price": "2964.72000000", "time": "2025-07-13T11:44:27.963502Z", "fetched_at": "2025-07-13T11:46:16.068698+00:00", "symbol": "ETH-USD"}, {"trade_id": 666212095, "side": "buy", "size": "0.00337278", "price": "2964.92000000", "time": "2025-07-13T11:44:27.963502Z", "fetched_at": "2025-07-13T11:46:16.068698+00:00", "symbol": "ETH-USD"}, {"trade_id": 666212094, "side": "buy", "size": "0.29232883", "price": "2964.84000000", "time": "2025-07-13T11:44:27.358537Z", "fetched_at": "2025-07-13T11:46:16.068698+00:00", "symbol": "ETH-USD"}, {"trade_id": 666212093, "side": "buy", "size": "0.00337286", "price": "2964.85000000", "time": "2025-07-13T11:44:27.358537Z", "fetched_at": "2025-07-13T11:46:16.068698+00:00", "symbol": "ETH-USD"}, {"trade_id": 666212092, "side": "buy", "size": "0.00001349", "price": "2965.10000000", "time": "2025-07-13T11:44:27.358537Z", "fetched_at": "2025-07-13T11:46:16.068698+00:00", "symbol": "ETH-USD"}, {"trade_id": 666212091, "side": "buy", "size": "0.01622536", "price": "2965.11000000", "time": "2025-07-13T11:44:27.358537Z", "fetched_at": "2025-07-13T11:46:16.068698+00:00", "symbol": "ETH-USD"}, {"trade_id": 666212090, "side": "buy", "size": "0.04326652", "price": "2965.11000000", "time": "2025-07-13T11:44:27.358537Z", "fetched_at": "2025-07-13T11:46:16.068698+00:00", "symbol": "ETH-USD"}, {"trade_id": 666212089, "side": "buy", "size": "0.01167868", "price": "2965.11000000", "time": "2025-07-13T11:44:27.358537Z", "fetched_at": "2025-07-13T11:46:16.068698+00:00", "symbol": "ETH-USD"}, {"trade_id": 666212088, "side": "sell", "size": "0.01390739", "price": "2965.19000000", "time": "2025-07-13T11:44:23.661597Z", "fetched_at": "2025-07-13T11:46:16.068698+00:00", "symbol": "ETH-USD"}, {"trade_id": 666212087, "side": "sell", "size": "0.00049315", "price": "2965.14000000", "time": "2025-07-13T11:44:23.661597Z", "fetched_at": "2025-07-13T11:46:16.068698+00:00", "symbol": "ETH-USD"}, {"trade_id": 666212086, "side": "sell", "size": "0.00038732", "price": "2965.14000000", "time": "2025-07-13T11:44:23.661597Z", "fetched_at": "2025-07-13T11:46:16.068698+00:00", "symbol": "ETH-USD"}, {"trade_id": 666212085, "side": "sell", "size": "0.00011094", "price": "2965.14000000", "time": "2025-07-13T11:44:23.661597Z", "fetched_at": "2025-07-13T11:46:16.068698+00:00", "symbol": "ETH-USD"}, {"trade_id": 666212084, "side": "sell", "size": "0.00179530", "price": "2965.12000000", "time": "2025-07-13T11:44:23.661597Z", "fetched_at": "2025-07-13T11:46:16.068698+00:00", "symbol": "ETH-USD"}, {"trade_id": 666212083, "side": "sell", "size": "0.00270499", "price": "2965.22000000", "time": "2025-07-13T11:44:21.489320Z", "fetched_at": "2025-07-13T11:46:16.068698+00:00", "symbol": "ETH-USD"}, {"trade_id": 666212082, "side": "sell", "size": "0.00009575", "price": "2965.20000000", "time": "2025-07-13T11:44:21.489320Z", "fetched_at": "2025-07-13T11:46:16.068698+00:00", "symbol": "ETH-USD"}, {"trade_id": 666212081, "side": "sell", "size": "0.00012683", "price": "2965.20000000", "time": "2025-07-13T11:44:21.489320Z", "fetched_at": "2025-07-13T11:46:16.068698+00:00", "symbol": "ETH-USD"}, {"trade_id": 666212080, "side": "sell", "size": "0.00009270", "price": "2965.20000000", "time": "2025-07-13T11:44:21.489320Z", "fetched_at": "2025-07-13T11:46:16.068698+00:00", "symbol": "ETH-USD"}, {"trade_id": 666212079, "side": "sell", "size": "0.00006088", "price": "2965.12000000", "time": "2025-07-13T11:44:21.489320Z", "fetched_at": "2025-07-13T11:46:16.068698+00:00", "symbol": "ETH-USD"}, {"trade_id": 666212078, "side": "sell", "size": "0.00192720", "price": "2965.12000000", "time": "2025-07-13T11:44:21.489320Z", "fetched_at": "2025-07-13T11:46:16.068698+00:00", "symbol": "ETH-USD"}, {"trade_id": 666212077, "side": "buy", "size": "0.00454668", "price": "2965.11000000", "time": "2025-07-13T11:44:21.472391Z", "fetched_at": "2025-07-13T11:46:16.068698+00:00", "symbol": "ETH-USD"}, {"trade_id": 666212076, "side": "buy", "size": "0.00000337", "price": "2965.11000000", "time": "2025-07-13T11:44:21.472391Z", "fetched_at": "2025-07-13T11:46:16.068698+00:00", "symbol": "ETH-USD"}, {"trade_id": 666212075, "side": "buy", "size": "0.00000674", "price": "2965.11000000", "time": "2025-07-13T11:44:21.472391Z", "fetched_at": "2025-07-13T11:46:16.068698+00:00", "symbol": "ETH-USD"}, {"trade_id": 666212074, "side": "buy", "size": "0.00120000", "price": "2965.11000000", "time": "2025-07-13T11:44:21.472391Z", "fetched_at": "2025-07-13T11:46:16.068698+00:00", "symbol": "ETH-USD"}, {"trade_id": 666212073, "side": "sell", "size": "0.00652615", "price": "2965.12000000", "time": "2025-07-13T11:44:17.761362Z", "fetched_at": "2025-07-13T11:46:16.068698+00:00", "symbol": "ETH-USD"}, {"trade_id": 666212072, "side": "sell", "size": "0.00002806", "price": "2965.12000000", "time": "2025-07-13T11:44:17.761362Z", "fetched_at": "2025-07-13T11:46:16.068698+00:00", "symbol": "ETH-USD"}, {"trade_id": 666212071, "side": "buy", "size": "0.20453948", "price": "2964.86000000", "time": "2025-07-13T11:44:12.667174Z", "fetched_at": "2025-07-13T11:46:16.068698+00:00", "symbol": "ETH-USD"}, {"trade_id": 666212070, "side": "buy", "size": "0.45900000", "price": "2964.88000000", "time": "2025-07-13T11:44:12.667174Z", "fetched_at": "2025-07-13T11:46:16.068698+00:00", "symbol": "ETH-USD"}, {"trade_id": 666212069, "side": "buy", "size": "0.11947891", "price": "2964.89000000", "time": "2025-07-13T11:44:12.667174Z", "fetched_at": "2025-07-13T11:46:16.068698+00:00", "symbol": "ETH-USD"}, {"trade_id": 666212068, "side": "buy", "size": "0.00337280", "price": "2964.90000000", "time": "2025-07-13T11:44:12.667174Z", "fetched_at": "2025-07-13T11:46:16.068698+00:00", "symbol": "ETH-USD"}, {"trade_id": 666212067, "side": "buy", "size": "0.00088010", "price": "2965.10000000", "time": "2025-07-13T11:44:12.667174Z", "fetched_at": "2025-07-13T11:46:16.068698+00:00", "symbol": "ETH-USD"}, {"trade_id": 666212066, "side": "buy", "size": "0.10000000", "price": "2965.10000000", "time": "2025-07-13T11:44:12.667174Z", "fetched_at": "2025-07-13T11:46:16.068698+00:00", "symbol": "ETH-USD"}, {"trade_id": 666212065, "side": "buy", "size": "0.01024000", "price": "2965.10000000", "time": "2025-07-13T11:44:12.667174Z", "fetched_at": "2025-07-13T11:46:16.068698+00:00", "symbol": "ETH-USD"}, {"trade_id": 666212064, "side": "buy", "size": "0.01622542", "price": "2965.10000000", "time": "2025-07-13T11:44:12.667174Z", "fetched_at": "2025-07-13T11:46:16.068698+00:00", "symbol": "ETH-USD"}, {"trade_id": 666212063, "side": "buy", "size": "0.04326329", "price": "2965.10000000", "time": "2025-07-13T11:44:12.667174Z", "fetched_at": "2025-07-13T11:46:16.068698+00:00", "symbol": "ETH-USD"}, {"trade_id": 666212062, "side": "sell", "size": "0.14419145", "price": "2965.32000000", "time": "2025-07-13T11:44:12.304870Z", "fetched_at": "2025-07-13T11:46:16.068698+00:00", "symbol": "ETH-USD"}, {"trade_id": 666212061, "side": "sell", "size": "0.13250056", "price": "2965.31000000", "time": "2025-07-13T11:44:12.304870Z", "fetched_at": "2025-07-13T11:46:16.068698+00:00", "symbol": "ETH-USD"}, {"trade_id": 666212060, "side": "sell", "size": "0.00147613", "price": "2965.11000000", "time": "2025-07-13T11:44:12.304870Z", "fetched_at": "2025-07-13T11:46:16.068698+00:00", "symbol": "ETH-USD"}, {"trade_id": 666212059, "side": "sell", "size": "0.00041340", "price": "2965.11000000", "time": "2025-07-13T11:44:12.304870Z", "fetched_at": "2025-07-13T11:46:16.068698+00:00", "symbol": "ETH-USD"}, {"trade_id": 666212058, "side": "sell", "size": "0.00155004", "price": "2965.11000000", "time": "2025-07-13T11:44:12.304870Z", "fetched_at": "2025-07-13T11:46:16.068698+00:00", "symbol": "ETH-USD"}, {"trade_id": 666212057, "side": "sell", "size": "0.00027944", "price": "2965.11000000", "time": "2025-07-13T11:44:12.304870Z", "fetched_at": "2025-07-13T11:46:16.068698+00:00", "symbol": "ETH-USD"}, {"trade_id": 666212056, "side": "sell", "size": "0.00096006", "price": "2965.11000000", "time": "2025-07-13T11:44:12.304870Z", "fetched_at": "2025-07-13T11:46:16.068698+00:00", "symbol": "ETH-USD"}, {"trade_id": 666212055, "side": "sell", "size": "0.03774624", "price": "2965.11000000", "time": "2025-07-13T11:44:11.555432Z", "fetched_at": "2025-07-13T11:46:16.068698+00:00", "symbol": "ETH-USD"}, {"trade_id": 666212054, "side": "sell", "size": "0.05008281", "price": "2965.11000000", "time": "2025-07-13T11:44:11.101657Z", "fetched_at": "2025-07-13T11:46:16.068698+00:00", "symbol": "ETH-USD"}, {"trade_id": 666212053, "side": "sell", "size": "0.00819354", "price": "2965.11000000", "time": "2025-07-13T11:44:10.940963Z", "fetched_at": "2025-07-13T11:46:16.068698+00:00", "symbol": "ETH-USD"}, {"trade_id": 666212052, "side": "sell", "size": "0.03197002", "price": "2965.11000000", "time": "2025-07-13T11:44:10.709398Z", "fetched_at": "2025-07-13T11:46:16.068698+00:00", "symbol": "ETH-USD"}, {"trade_id": 666212051, "side": "sell", "size": "0.00024001", "price": "2965.11000000", "time": "2025-07-13T11:44:10.709398Z", "fetched_at": "2025-07-13T11:46:16.068698+00:00", "symbol": "ETH-USD"}, {"trade_id": 666212050, "side": "sell", "size": "0.00011178", "price": "2965.11000000", "time": "2025-07-13T11:44:10.709398Z", "fetched_at": "2025-07-13T11:46:16.068698+00:00", "symbol": "ETH-USD"}, {"trade_id": 666212049, "side": "sell", "size": "0.00045228", "price": "2965.11000000", "time": "2025-07-13T11:44:10.709398Z", "fetched_at": "2025-07-13T11:46:16.068698+00:00", "symbol": "ETH-USD"}, {"trade_id": 666212048, "side": "sell", "size": "0.00016774", "price": "2965.11000000", "time": "2025-07-13T11:44:09.714038Z", "fetched_at": "2025-07-13T11:46:16.068698+00:00", "symbol": "ETH-USD"}, {"trade_id": 666212047, "side": "sell", "size": "0.00001734", "price": "2965.11000000", "time": "2025-07-13T11:44:09.714038Z", "fetched_at": "2025-07-13T11:46:16.068698+00:00", "symbol": "ETH-USD"}, {"trade_id": 666212046, "side": "sell", "size": "0.00148437", "price": "2965.10000000", "time": "2025-07-13T11:44:09.714038Z", "fetched_at": "2025-07-13T11:46:16.068698+00:00", "symbol": "ETH-USD"}, {"trade_id": 666212045, "side": "sell", "size": "0.00030558", "price": "2965.09000000", "time": "2025-07-13T11:44:07.253818Z", "fetched_at": "2025-07-13T11:46:16.068698+00:00", "symbol": "ETH-USD"}, {"trade_id": 666212044, "side": "sell", "size": "0.00136387", "price": "2965.08000000", "time": "2025-07-13T11:44:07.253818Z", "fetched_at": "2025-07-13T11:46:16.068698+00:00", "symbol": "ETH-USD"}, {"trade_id": 666212043, "side": "buy", "size": "0.39621857", "price": "2964.58000000", "time": "2025-07-13T11:44:05.701666Z", "fetched_at": "2025-07-13T11:46:16.068698+00:00", "symbol": "ETH-USD"}, {"trade_id": 666212042, "side": "buy", "size": "0.43324042", "price": "2964.60000000", "time": "2025-07-13T11:44:05.701666Z", "fetched_at": "2025-07-13T11:46:16.068698+00:00", "symbol": "ETH-USD"}, {"trade_id": 666212041, "side": "buy", "size": "0.30303241", "price": "2964.68000000", "time": "2025-07-13T11:44:05.701666Z", "fetched_at": "2025-07-13T11:46:16.068698+00:00", "symbol": "ETH-USD"}, {"trade_id": 666212040, "side": "buy", "size": "0.86461922", "price": "2964.69000000", "time": "2025-07-13T11:44:05.701666Z", "fetched_at": "2025-07-13T11:46:16.068698+00:00", "symbol": "ETH-USD"}, {"trade_id": 666212039, "side": "buy", "size": "0.10685704", "price": "2964.74000000", "time": "2025-07-13T11:44:05.701666Z", "fetched_at": "2025-07-13T11:46:16.068698+00:00", "symbol": "ETH-USD"}, {"trade_id": 666212038, "side": "buy", "size": "0.45900000", "price": "2964.75000000", "time": "2025-07-13T11:44:05.701666Z", "fetched_at": "2025-07-13T11:46:16.068698+00:00", "symbol": "ETH-USD"}, {"trade_id": 666212037, "side": "buy", "size": "0.12029939", "price": "2964.76000000", "time": "2025-07-13T11:44:05.701666Z", "fetched_at": "2025-07-13T11:46:16.068698+00:00", "symbol": "ETH-USD"}, {"trade_id": 666212036, "side": "buy", "size": "0.00337295", "price": "2964.77000000", "time": "2025-07-13T11:44:05.701666Z", "fetched_at": "2025-07-13T11:46:16.068698+00:00", "symbol": "ETH-USD"}, {"trade_id": 666212035, "side": "buy", "size": "0.16336000", "price": "2965.07000000", "time": "2025-07-13T11:44:05.701666Z", "fetched_at": "2025-07-13T11:46:16.068698+00:00", "symbol": "ETH-USD"}, {"trade_id": 666212034, "side": "buy", "size": "0.19983930", "price": "2964.74000000", "time": "2025-07-13T11:44:05.673141Z", "fetched_at": "2025-07-13T11:46:16.068698+00:00", "symbol": "ETH-USD"}, {"trade_id": 666212033, "side": "buy", "size": "0.10000000", "price": "2964.77000000", "time": "2025-07-13T11:44:05.673141Z", "fetched_at": "2025-07-13T11:46:16.068698+00:00", "symbol": "ETH-USD"}, {"trade_id": 666212032, "side": "buy", "size": "0.49788594", "price": "2964.77000000", "time": "2025-07-13T11:44:05.673141Z", "fetched_at": "2025-07-13T11:46:16.068698+00:00", "symbol": "ETH-USD"}, {"trade_id": 666212031, "side": "buy", "size": "0.45900000", "price": "2964.78000000", "time": "2025-07-13T11:44:05.673141Z", "fetched_at": "2025-07-13T11:46:16.068698+00:00", "symbol": "ETH-USD"}, {"trade_id": 666212030, "side": "buy", "size": "0.00337293", "price": "2964.79000000", "time": "2025-07-13T11:44:05.673141Z", "fetched_at": "2025-07-13T11:46:16.068698+00:00", "symbol": "ETH-USD"}, {"trade_id": 666212029, "side": "buy", "size": "0.08654183", "price": "2965.04000000", "time": "2025-07-13T11:44:05.673141Z", "fetched_at": "2025-07-13T11:46:16.068698+00:00", "symbol": "ETH-USD"}, {"trade_id": 666212028, "side": "buy", "size": "0.16336000", "price": "2965.08000000", "time": "2025-07-13T11:44:05.673141Z", "fetched_at": "2025-07-13T11:46:16.068698+00:00", "symbol": "ETH-USD"}, {"trade_id": 666212027, "side": "buy", "size": "0.16029272", "price": "2964.77000000", "time": "2025-07-13T11:44:05.645313Z", "fetched_at": "2025-07-13T11:46:16.068698+00:00", "symbol": "ETH-USD"}, {"trade_id": 666212026, "side": "buy", "size": "0.20912650", "price": "2964.79000000", "time": "2025-07-13T11:44:05.645313Z", "fetched_at": "2025-07-13T11:46:16.068698+00:00", "symbol": "ETH-USD"}, {"trade_id": 666212025, "side": "buy", "size": "0.00337291", "price": "2964.80000000", "time": "2025-07-13T11:44:05.645313Z", "fetched_at": "2025-07-13T11:46:16.068698+00:00", "symbol": "ETH-USD"}, {"trade_id": 666212024, "side": "buy", "size": "0.20000000", "price": "2965.04000000", "time": "2025-07-13T11:44:05.645313Z", "fetched_at": "2025-07-13T11:46:16.068698+00:00", "symbol": "ETH-USD"}, {"trade_id": 666212023, "side": "buy", "size": "0.03207648", "price": "2965.04000000", "time": "2025-07-13T11:44:05.645313Z", "fetched_at": "2025-07-13T11:46:16.068698+00:00", "symbol": "ETH-USD"}, {"trade_id": 666212022, "side": "buy", "size": "0.01622575", "price": "2965.04000000", "time": "2025-07-13T11:44:05.645313Z", "fetched_at": "2025-07-13T11:46:16.068698+00:00", "symbol": "ETH-USD"}, {"trade_id": 666212021, "side": "buy", "size": "0.00000337", "price": "2965.04000000", "time": "2025-07-13T11:44:05.645313Z", "fetched_at": "2025-07-13T11:46:16.068698+00:00", "symbol": "ETH-USD"}, {"trade_id": 666212020, "side": "buy", "size": "0.01622575", "price": "2965.04000000", "time": "2025-07-13T11:44:05.645313Z", "fetched_at": "2025-07-13T11:46:16.068698+00:00", "symbol": "ETH-USD"}, {"trade_id": 666212019, "side": "buy", "size": "0.10267652", "price": "2965.04000000", "time": "2025-07-13T11:44:05.645313Z", "fetched_at": "2025-07-13T11:46:16.068698+00:00", "symbol": "ETH-USD"}, {"trade_id": 666212018, "side": "sell", "size": "0.01471745", "price": "2965.05000000", "time": "2025-07-13T11:44:03.217717Z", "fetched_at": "2025-07-13T11:46:16.068698+00:00", "symbol": "ETH-USD"}, {"trade_id": 666212017, "side": "sell", "size": "0.00127587", "price": "2965.05000000", "time": "2025-07-13T11:44:03.217717Z", "fetched_at": "2025-07-13T11:46:16.068698+00:00", "symbol": "ETH-USD"}, {"trade_id": 666212016, "side": "buy", "size": "0.06187874", "price": "2964.78000000", "time": "2025-07-13T11:44:00.082159Z", "fetched_at": "2025-07-13T11:46:16.068698+00:00", "symbol": "ETH-USD"}, {"trade_id": 666212015, "side": "buy", "size": "0.00337293", "price": "2964.79000000", "time": "2025-07-13T11:44:00.082159Z", "fetched_at": "2025-07-13T11:46:16.068698+00:00", "symbol": "ETH-USD"}, {"trade_id": 666212014, "side": "buy", "size": "0.03500333", "price": "2964.91000000", "time": "2025-07-13T11:44:00.082159Z", "fetched_at": "2025-07-13T11:46:16.068698+00:00", "symbol": "ETH-USD"}, {"trade_id": 666212013, "side": "buy", "size": "0.05211975", "price": "2965.04000000", "time": "2025-07-13T11:44:00.082159Z", "fetched_at": "2025-07-13T11:46:16.068698+00:00", "symbol": "ETH-USD"}, {"trade_id": 666212012, "side": "buy", "size": "0.00000337", "price": "2965.04000000", "time": "2025-07-13T11:44:00.082159Z", "fetched_at": "2025-07-13T11:46:16.068698+00:00", "symbol": "ETH-USD"}, {"trade_id": 666212011, "side": "buy", "size": "0.00000337", "price": "2965.04000000", "time": "2025-07-13T11:44:00.082159Z", "fetched_at": "2025-07-13T11:46:16.068698+00:00", "symbol": "ETH-USD"}, {"trade_id": 666212010, "side": "buy", "size": "0.01622912", "price": "2965.04000000", "time": "2025-07-13T11:44:00.082159Z", "fetched_at": "2025-07-13T11:46:16.068698+00:00", "symbol": "ETH-USD"}, {"trade_id": 666212009, "side": "sell", "size": "0.07530760", "price": "2965.05000000", "time": "2025-07-13T11:43:58.350484Z", "fetched_at": "2025-07-13T11:46:16.068698+00:00", "symbol": "ETH-USD"}, {"trade_id": 666212008, "side": "sell", "size": "0.08330032", "price": "2965.05000000", "time": "2025-07-13T11:43:58.350484Z", "fetched_at": "2025-07-13T11:46:16.068698+00:00", "symbol": "ETH-USD"}, {"trade_id": 666212007, "side": "sell", "size": "0.00139208", "price": "2965.05000000", "time": "2025-07-13T11:43:58.350484Z", "fetched_at": "2025-07-13T11:46:16.068698+00:00", "symbol": "ETH-USD"}, {"trade_id": 666212006, "side": "buy", "size": "0.00826611", "price": "2964.91000000", "time": "2025-07-13T11:43:57.240694Z", "fetched_at": "2025-07-13T11:46:16.068698+00:00", "symbol": "ETH-USD"}, {"trade_id": 666212005, "side": "buy", "size": "0.01622983", "price": "2964.91000000", "time": "2025-07-13T11:43:57.240694Z", "fetched_at": "2025-07-13T11:46:16.068698+00:00", "symbol": "ETH-USD"}, {"trade_id": 666212004, "side": "buy", "size": "0.00100000", "price": "2964.94000000", "time": "2025-07-13T11:43:57.240694Z", "fetched_at": "2025-07-13T11:46:16.068698+00:00", "symbol": "ETH-USD"}, {"trade_id": 666212003, "side": "buy", "size": "0.05789129", "price": "2965.04000000", "time": "2025-07-13T11:43:57.240694Z", "fetched_at": "2025-07-13T11:46:16.068698+00:00", "symbol": "ETH-USD"}, {"trade_id": 666212002, "side": "buy", "size": "0.01835688", "price": "2965.10000000", "time": "2025-07-13T11:43:57.240694Z", "fetched_at": "2025-07-13T11:46:16.068698+00:00", "symbol": "ETH-USD"}, {"trade_id": 666212001, "side": "sell", "size": "0.00023715", "price": "2965.11000000", "time": "2025-07-13T11:43:53.647492Z", "fetched_at": "2025-07-13T11:46:16.068698+00:00", "symbol": "ETH-USD"}, {"trade_id": 666212000, "side": "sell", "size": "0.00048071", "price": "2965.11000000", "time": "2025-07-13T11:43:53.647492Z", "fetched_at": "2025-07-13T11:46:16.068698+00:00", "symbol": "ETH-USD"}, {"trade_id": 666211999, "side": "buy", "size": "0.00003911", "price": "2965.10000000", "time": "2025-07-13T11:43:53.175045Z", "fetched_at": "2025-07-13T11:46:16.068698+00:00", "symbol": "ETH-USD"}, {"trade_id": 666211998, "side": "buy", "size": "0.00636740", "price": "2965.10000000", "time": "2025-07-13T11:43:53.175045Z", "fetched_at": "2025-07-13T11:46:16.068698+00:00", "symbol": "ETH-USD"}, {"trade_id": 666211997, "side": "buy", "size": "0.00907949", "price": "2965.10000000", "time": "2025-07-13T11:43:51.250214Z", "fetched_at": "2025-07-13T11:46:16.068698+00:00", "symbol": "ETH-USD"}, {"trade_id": 666211996, "side": "sell", "size": "0.00100000", "price": "2965.11000000", "time": "2025-07-13T11:43:48.365195Z", "fetched_at": "2025-07-13T11:46:16.068698+00:00", "symbol": "ETH-USD"}, {"trade_id": 666211995, "side": "buy", "size": "0.06698234", "price": "2965.41000000", "time": "2025-07-13T11:43:47.549731Z", "fetched_at": "2025-07-13T11:46:16.068698+00:00", "symbol": "ETH-USD"}, {"trade_id": 666211994, "side": "buy", "size": "0.14935540", "price": "2965.41000000", "time": "2025-07-13T11:43:47.549731Z", "fetched_at": "2025-07-13T11:46:16.068698+00:00", "symbol": "ETH-USD"}, {"trade_id": 666211993, "side": "buy", "size": "0.07030056", "price": "2965.41000000", "time": "2025-07-13T11:43:47.549731Z", "fetched_at": "2025-07-13T11:46:16.068698+00:00", "symbol": "ETH-USD"}, {"trade_id": 666211992, "side": "buy", "size": "0.10062946", "price": "2965.56000000", "time": "2025-07-13T11:43:47.480544Z", "fetched_at": "2025-07-13T11:46:16.068698+00:00", "symbol": "ETH-USD"}, {"trade_id": 666211991, "side": "buy", "size": "0.08330032", "price": "2965.58000000", "time": "2025-07-13T11:43:47.480544Z", "fetched_at": "2025-07-13T11:46:16.068698+00:00", "symbol": "ETH-USD"}, {"trade_id": 666211990, "side": "sell", "size": "0.00100000", "price": "2965.60000000", "time": "2025-07-13T11:43:47.442513Z", "fetched_at": "2025-07-13T11:46:16.068698+00:00", "symbol": "ETH-USD"}, {"trade_id": 666211989, "side": "sell", "size": "0.20000557", "price": "2965.56000000", "time": "2025-07-13T11:43:47.442513Z", "fetched_at": "2025-07-13T11:46:16.068698+00:00", "symbol": "ETH-USD"}, {"trade_id": 666211988, "side": "sell", "size": "1.35971526", "price": "2965.54000000", "time": "2025-07-13T11:43:47.442513Z", "fetched_at": "2025-07-13T11:46:16.068698+00:00", "symbol": "ETH-USD"}, {"trade_id": 666211987, "side": "sell", "size": "0.05727008", "price": "2965.52000000", "time": "2025-07-13T11:43:47.442513Z", "fetched_at": "2025-07-13T11:46:16.068698+00:00", "symbol": "ETH-USD"}, {"trade_id": 666211986, "side": "sell", "size": "0.26148679", "price": "2965.48000000", "time": "2025-07-13T11:43:47.442513Z", "fetched_at": "2025-07-13T11:46:16.068698+00:00", "symbol": "ETH-USD"}, {"trade_id": 666211985, "side": "sell", "size": "0.47382333", "price": "2965.47000000", "time": "2025-07-13T11:43:47.442513Z", "fetched_at": "2025-07-13T11:46:16.068698+00:00", "symbol": "ETH-USD"}, {"trade_id": 666211984, "side": "sell", "size": "0.65913785", "price": "2965.46000000", "time": "2025-07-13T11:43:47.442513Z", "fetched_at": "2025-07-13T11:46:16.068698+00:00", "symbol": "ETH-USD"}, {"trade_id": 666211983, "side": "sell", "size": "1.29853209", "price": "2965.46000000", "time": "2025-07-13T11:43:47.442513Z", "fetched_at": "2025-07-13T11:46:16.068698+00:00", "symbol": "ETH-USD"}, {"trade_id": 666211982, "side": "sell", "size": "0.00100000", "price": "2965.38000000", "time": "2025-07-13T11:43:47.442513Z", "fetched_at": "2025-07-13T11:46:16.068698+00:00", "symbol": "ETH-USD"}, {"trade_id": 666211981, "side": "sell", "size": "0.01376350", "price": "2965.35000000", "time": "2025-07-13T11:43:47.442513Z", "fetched_at": "2025-07-13T11:46:16.068698+00:00", "symbol": "ETH-USD"}, {"trade_id": 666211980, "side": "sell", "size": "0.45900000", "price": "2965.35000000", "time": "2025-07-13T11:43:47.442513Z", "fetched_at": "2025-07-13T11:46:16.068698+00:00", "symbol": "ETH-USD"}, {"trade_id": 666211979, "side": "sell", "size": "0.36271771", "price": "2965.35000000", "time": "2025-07-13T11:43:47.442513Z", "fetched_at": "2025-07-13T11:46:16.068698+00:00", "symbol": "ETH-USD"}, {"trade_id": 666211978, "side": "sell", "size": "0.38732155", "price": "2965.34000000", "time": "2025-07-13T11:43:47.442513Z", "fetched_at": "2025-07-13T11:46:16.068698+00:00", "symbol": "ETH-USD"}, {"trade_id": 666211977, "side": "sell", "size": "0.18289127", "price": "2965.33000000", "time": "2025-07-13T11:43:47.442513Z", "fetched_at": "2025-07-13T11:46:16.068698+00:00", "symbol": "ETH-USD"}, {"trade_id": 666211976, "side": "sell", "size": "0.01701000", "price": "2965.33000000", "time": "2025-07-13T11:43:47.442293Z", "fetched_at": "2025-07-13T11:46:16.068698+00:00", "symbol": "ETH-USD"}, {"trade_id": 666211975, "side": "sell", "size": "0.13684245", "price": "2965.32000000", "time": "2025-07-13T11:43:47.442194Z", "fetched_at": "2025-07-13T11:46:16.068698+00:00", "symbol": "ETH-USD"}, {"trade_id": 666211974, "side": "sell", "size": "0.19976761", "price": "2965.28000000", "time": "2025-07-13T11:43:47.442194Z", "fetched_at": "2025-07-13T11:46:16.068698+00:00", "symbol": "ETH-USD"}, {"trade_id": 666211973, "side": "sell", "size": "0.81135453", "price": "2965.26000000", "time": "2025-07-13T11:43:47.442194Z", "fetched_at": "2025-07-13T11:46:16.068698+00:00", "symbol": "ETH-USD"}, {"trade_id": 666211972, "side": "sell", "size": "0.25696868", "price": "2965.26000000", "time": "2025-07-13T11:43:47.442194Z", "fetched_at": "2025-07-13T11:46:16.068698+00:00", "symbol": "ETH-USD"}, {"trade_id": 666211971, "side": "sell", "size": "0.35575807", "price": "2965.23000000", "time": "2025-07-13T11:43:47.442194Z", "fetched_at": "2025-07-13T11:46:16.068698+00:00", "symbol": "ETH-USD"}, {"trade_id": 666211970, "side": "sell", "size": "0.54206922", "price": "2965.18000000", "time": "2025-07-13T11:43:47.442194Z", "fetched_at": "2025-07-13T11:46:16.068698+00:00", "symbol": "ETH-USD"}, {"trade_id": 666211969, "side": "sell", "size": "1.29421803", "price": "2965.16000000", "time": "2025-07-13T11:43:47.442194Z", "fetched_at": "2025-07-13T11:46:16.068698+00:00", "symbol": "ETH-USD"}, {"trade_id": 666211968, "side": "sell", "size": "0.00100000", "price": "2965.16000000", "time": "2025-07-13T11:43:47.442194Z", "fetched_at": "2025-07-13T11:46:16.068698+00:00", "symbol": "ETH-USD"}, {"trade_id": 666211967, "side": "sell", "size": "1.35923181", "price": "2965.13000000", "time": "2025-07-13T11:43:47.442194Z", "fetched_at": "2025-07-13T11:46:16.068698+00:00", "symbol": "ETH-USD"}, {"trade_id": 666211966, "side": "sell", "size": "0.26689471", "price": "2965.12000000", "time": "2025-07-13T11:43:47.442194Z", "fetched_at": "2025-07-13T11:46:16.068698+00:00", "symbol": "ETH-USD"}, {"trade_id": 666211965, "side": "sell", "size": "0.01701000", "price": "2965.12000000", "time": "2025-07-13T11:43:47.442161Z", "fetched_at": "2025-07-13T11:46:16.068698+00:00", "symbol": "ETH-USD"}, {"trade_id": 666211964, "side": "sell", "size": "0.01609529", "price": "2965.12000000", "time": "2025-07-13T11:43:47.442071Z", "fetched_at": "2025-07-13T11:46:16.068698+00:00", "symbol": "ETH-USD"}, {"trade_id": 666211963, "side": "sell", "size": "0.00091471", "price": "2965.09000000", "time": "2025-07-13T11:43:47.442071Z", "fetched_at": "2025-07-13T11:46:16.068698+00:00", "symbol": "ETH-USD"}, {"trade_id": 666211962, "side": "sell", "size": "0.06889951", "price": "2965.05000000", "time": "2025-07-13T11:43:47.442031Z", "fetched_at": "2025-07-13T11:46:16.068698+00:00", "symbol": "ETH-USD"}, {"trade_id": 666211961, "side": "sell", "size": "0.01440081", "price": "2965.05000000", "time": "2025-07-13T11:43:47.441850Z", "fetched_at": "2025-07-13T11:46:16.068698+00:00", "symbol": "ETH-USD"}, {"trade_id": 666211960, "side": "sell", "size": "0.00194838", "price": "2965.05000000", "time": "2025-07-13T11:43:47.441850Z", "fetched_at": "2025-07-13T11:46:16.068698+00:00", "symbol": "ETH-USD"}, {"trade_id": 666211959, "side": "sell", "size": "0.00005557", "price": "2965.05000000", "time": "2025-07-13T11:43:47.441850Z", "fetched_at": "2025-07-13T11:46:16.068698+00:00", "symbol": "ETH-USD"}, {"trade_id": 666211958, "side": "sell", "size": "0.00023935", "price": "2965.05000000", "time": "2025-07-13T11:43:47.441850Z", "fetched_at": "2025-07-13T11:46:16.068698+00:00", "symbol": "ETH-USD"}, {"trade_id": 666211957, "side": "sell", "size": "0.00005589", "price": "2965.05000000", "time": "2025-07-13T11:43:47.441850Z", "fetched_at": "2025-07-13T11:46:16.068698+00:00", "symbol": "ETH-USD"}, {"trade_id": 666211956, "side": "sell", "size": "0.00031000", "price": "2965.05000000", "time": "2025-07-13T11:43:47.441850Z", "fetched_at": "2025-07-13T11:46:16.068698+00:00", "symbol": "ETH-USD"}, {"trade_id": 666211955, "side": "sell", "size": "0.01702314", "price": "2965.05000000", "time": "2025-07-13T11:43:35.351811Z", "fetched_at": "2025-07-13T11:46:16.068698+00:00", "symbol": "ETH-USD"}, {"trade_id": 666211954, "side": "sell", "size": "0.00092997", "price": "2965.05000000", "time": "2025-07-13T11:43:35.351811Z", "fetched_at": "2025-07-13T11:46:16.068698+00:00", "symbol": "ETH-USD"}, {"trade_id": 666211953, "side": "sell", "size": "0.00072008", "price": "2965.05000000", "time": "2025-07-13T11:43:35.351811Z", "fetched_at": "2025-07-13T11:46:16.068698+00:00", "symbol": "ETH-USD"}, {"trade_id": 666211952, "side": "sell", "size": "0.00016765", "price": "2965.05000000", "time": "2025-07-13T11:43:35.351811Z", "fetched_at": "2025-07-13T11:46:16.068698+00:00", "symbol": "ETH-USD"}, {"trade_id": 666211951, "side": "sell", "size": "0.00041338", "price": "2965.05000000", "time": "2025-07-13T11:43:35.351811Z", "fetched_at": "2025-07-13T11:46:16.068698+00:00", "symbol": "ETH-USD"}, {"trade_id": 666211950, "side": "sell", "size": "0.00109144", "price": "2964.94000000", "time": "2025-07-13T11:43:32.252161Z", "fetched_at": "2025-07-13T11:46:16.068698+00:00", "symbol": "ETH-USD"}, {"trade_id": 666211949, "side": "sell", "size": "0.00100000", "price": "2964.94000000", "time": "2025-07-13T11:43:32.252161Z", "fetched_at": "2025-07-13T11:46:16.068698+00:00", "symbol": "ETH-USD"}, {"trade_id": 666211948, "side": "sell", "size": "0.00179953", "price": "2964.92000000", "time": "2025-07-13T11:43:32.252161Z", "fetched_at": "2025-07-13T11:46:16.068698+00:00", "symbol": "ETH-USD"}, {"trade_id": 666211947, "side": "sell", "size": "0.00200926", "price": "2964.92000000", "time": "2025-07-13T11:43:32.252161Z", "fetched_at": "2025-07-13T11:46:16.068698+00:00", "symbol": "ETH-USD"}, {"trade_id": 666211946, "side": "sell", "size": "0.00082680", "price": "2964.92000000", "time": "2025-07-13T11:43:32.252161Z", "fetched_at": "2025-07-13T11:46:16.068698+00:00", "symbol": "ETH-USD"}, {"trade_id": 666211945, "side": "sell", "size": "0.00258805", "price": "2964.92000000", "time": "2025-07-13T11:43:32.252161Z", "fetched_at": "2025-07-13T11:46:16.068698+00:00", "symbol": "ETH-USD"}, {"trade_id": 666211944, "side": "sell", "size": "0.00044126", "price": "2964.92000000", "time": "2025-07-13T11:43:32.252161Z", "fetched_at": "2025-07-13T11:46:16.068698+00:00", "symbol": "ETH-USD"}, {"trade_id": 666211943, "side": "sell", "size": "0.00002022", "price": "2964.92000000", "time": "2025-07-13T11:43:31.764473Z", "fetched_at": "2025-07-13T11:46:16.068698+00:00", "symbol": "ETH-USD"}, {"trade_id": 666211942, "side": "sell", "size": "0.01462081", "price": "2964.91000000", "time": "2025-07-13T11:43:28.794784Z", "fetched_at": "2025-07-13T11:46:16.068698+00:00", "symbol": "ETH-USD"}, {"trade_id": 666211941, "side": "sell", "size": "0.00176778", "price": "2964.66000000", "time": "2025-07-13T11:43:28.794784Z", "fetched_at": "2025-07-13T11:46:16.068698+00:00", "symbol": "ETH-USD"}, {"trade_id": 666211940, "side": "sell", "size": "0.00037110", "price": "2964.68000000", "time": "2025-07-13T11:43:28.198396Z", "fetched_at": "2025-07-13T11:46:16.068698+00:00", "symbol": "ETH-USD"}, {"trade_id": 666211939, "side": "sell", "size": "0.04079545", "price": "2964.89000000", "time": "2025-07-13T11:43:25.436358Z", "fetched_at": "2025-07-13T11:46:16.068698+00:00", "symbol": "ETH-USD"}, {"trade_id": 666211938, "side": "sell", "size": "0.60000000", "price": "2964.57000000", "time": "2025-07-13T11:43:23.188422Z", "fetched_at": "2025-07-13T11:46:16.068698+00:00", "symbol": "ETH-USD"}, {"trade_id": 666211937, "side": "sell", "size": "1.29098899", "price": "2964.56000000", "time": "2025-07-13T11:43:23.180328Z", "fetched_at": "2025-07-13T11:46:16.068698+00:00", "symbol": "ETH-USD"}, {"trade_id": 666211936, "side": "sell", "size": "1.32986150", "price": "2964.56000000", "time": "2025-07-13T11:43:23.180328Z", "fetched_at": "2025-07-13T11:46:16.068698+00:00", "symbol": "ETH-USD"}, {"trade_id": 666211935, "side": "sell", "size": "0.10000000", "price": "2964.55000000", "time": "2025-07-13T11:43:23.180328Z", "fetched_at": "2025-07-13T11:46:16.068698+00:00", "symbol": "ETH-USD"}, {"trade_id": 666211934, "side": "sell", "size": "0.10762873", "price": "2964.54000000", "time": "2025-07-13T11:43:23.180328Z", "fetched_at": "2025-07-13T11:46:16.068698+00:00", "symbol": "ETH-USD"}, {"trade_id": 666211933, "side": "sell", "size": "0.08068438", "price": "2964.52000000", "time": "2025-07-13T11:43:23.178566Z", "fetched_at": "2025-07-13T11:46:16.068698+00:00", "symbol": "ETH-USD"}, {"trade_id": 666211932, "side": "sell", "size": "0.00146848", "price": "2964.51000000", "time": "2025-07-13T11:43:23.178566Z", "fetched_at": "2025-07-13T11:46:16.068698+00:00", "symbol": "ETH-USD"}, {"trade_id": 666211931, "side": "sell", "size": "0.06598000", "price": "2964.51000000", "time": "2025-07-13T11:43:23.178566Z", "fetched_at": "2025-07-13T11:46:16.068698+00:00", "symbol": "ETH-USD"}, {"trade_id": 666211930, "side": "sell", "size": "0.01701000", "price": "2964.51000000", "time": "2025-07-13T11:43:23.178148Z", "fetched_at": "2025-07-13T11:46:16.068698+00:00", "symbol": "ETH-USD"}, {"trade_id": 666211929, "side": "sell", "size": "0.01701000", "price": "2964.51000000", "time": "2025-07-13T11:43:23.177927Z", "fetched_at": "2025-07-13T11:46:16.068698+00:00", "symbol": "ETH-USD"}, {"trade_id": 666211928, "side": "sell", "size": "0.01669968", "price": "2964.28000000", "time": "2025-07-13T11:43:19.470269Z", "fetched_at": "2025-07-13T11:46:16.068698+00:00", "symbol": "ETH-USD"}, {"trade_id": 666211927, "side": "buy", "size": "0.01449903", "price": "2964.05000000", "time": "2025-07-13T11:43:19.460756Z", "fetched_at": "2025-07-13T11:46:16.068698+00:00", "symbol": "ETH-USD"}, {"trade_id": 666211926, "side": "buy", "size": "0.01695106", "price": "2964.05000000", "time": "2025-07-13T11:43:19.460756Z", "fetched_at": "2025-07-13T11:46:16.068698+00:00", "symbol": "ETH-USD"}, {"trade_id": 666211925, "side": "buy", "size": "0.00337376", "price": "2964.06000000", "time": "2025-07-13T11:43:19.460756Z", "fetched_at": "2025-07-13T11:46:16.068698+00:00", "symbol": "ETH-USD"}, {"trade_id": 666211924, "side": "buy", "size": "0.00100000", "price": "2964.06000000", "time": "2025-07-13T11:43:19.460756Z", "fetched_at": "2025-07-13T11:46:16.068698+00:00", "symbol": "ETH-USD"}, {"trade_id": 666211923, "side": "buy", "size": "0.00100000", "price": "2964.28000000", "time": "2025-07-13T11:43:19.460756Z", "fetched_at": "2025-07-13T11:46:16.068698+00:00", "symbol": "ETH-USD"}, {"trade_id": 666211922, "side": "buy", "size": "0.09909694", "price": "2964.37000000", "time": "2025-07-13T11:43:19.460756Z", "fetched_at": "2025-07-13T11:46:16.068698+00:00", "symbol": "ETH-USD"}, {"trade_id": 666211921, "side": "buy", "size": "0.02743921", "price": "2964.37000000", "time": "2025-07-13T11:43:19.460756Z", "fetched_at": "2025-07-13T11:46:16.068698+00:00", "symbol": "ETH-USD"}, {"trade_id": 666211920, "side": "buy", "size": "0.36398776", "price": "2964.40000000", "time": "2025-07-13T11:43:19.239828Z", "fetched_at": "2025-07-13T11:46:16.068698+00:00", "symbol": "ETH-USD"}, {"trade_id": 666211919, "side": "buy", "size": "6.38200000", "price": "2964.42000000", "time": "2025-07-13T11:43:19.239828Z", "fetched_at": "2025-07-13T11:46:16.068698+00:00", "symbol": "ETH-USD"}, {"trade_id": 666211918, "side": "buy", "size": "0.21637448", "price": "2964.49000000", "time": "2025-07-13T11:43:19.239828Z", "fetched_at": "2025-07-13T11:46:16.068698+00:00", "symbol": "ETH-USD"}, {"trade_id": 666211917, "side": "buy", "size": "6.38200000", "price": "2964.57000000", "time": "2025-07-13T11:43:19.239828Z", "fetched_at": "2025-07-13T11:46:16.068698+00:00", "symbol": "ETH-USD"}, {"trade_id": 666211916, "side": "buy", "size": "0.87566641", "price": "2964.58000000", "time": "2025-07-13T11:43:19.239828Z", "fetched_at": "2025-07-13T11:46:16.068698+00:00", "symbol": "ETH-USD"}, {"trade_id": 666211915, "side": "buy", "size": "0.10000000", "price": "2964.59000000", "time": "2025-07-13T11:43:19.239828Z", "fetched_at": "2025-07-13T11:46:16.068698+00:00", "symbol": "ETH-USD"}, {"trade_id": 666211914, "side": "buy", "size": "0.00113173", "price": "2964.64000000", "time": "2025-07-13T11:43:19.239828Z", "fetched_at": "2025-07-13T11:46:16.068698+00:00", "symbol": "ETH-USD"}, {"trade_id": 666211913, "side": "buy", "size": "0.00337308", "price": "2964.65000000", "time": "2025-07-13T11:43:19.239828Z", "fetched_at": "2025-07-13T11:46:16.068698+00:00", "symbol": "ETH-USD"}, {"trade_id": 666211912, "side": "buy", "size": "0.16336000", "price": "2964.90000000", "time": "2025-07-13T11:43:19.239828Z", "fetched_at": "2025-07-13T11:46:16.068698+00:00", "symbol": "ETH-USD"}, {"trade_id": 666211911, "side": "sell", "size": "0.00785198", "price": "2964.82000000", "time": "2025-07-13T11:43:16.428432Z", "fetched_at": "2025-07-13T11:46:16.068698+00:00", "symbol": "ETH-USD"}, {"trade_id": 666211910, "side": "sell", "size": "0.00020202", "price": "2964.81000000", "time": "2025-07-13T11:43:16.428432Z", "fetched_at": "2025-07-13T11:46:16.068698+00:00", "symbol": "ETH-USD"}, {"trade_id": 666211909, "side": "sell", "size": "0.00004154", "price": "2964.81000000", "time": "2025-07-13T11:43:16.428432Z", "fetched_at": "2025-07-13T11:46:16.068698+00:00", "symbol": "ETH-USD"}, {"trade_id": 666211908, "side": "sell", "size": "0.00015098", "price": "2964.81000000", "time": "2025-07-13T11:43:16.428432Z", "fetched_at": "2025-07-13T11:46:16.068698+00:00", "symbol": "ETH-USD"}, {"trade_id": 666211907, "side": "sell", "size": "0.00010335", "price": "2964.81000000", "time": "2025-07-13T11:43:16.428432Z", "fetched_at": "2025-07-13T11:46:16.068698+00:00", "symbol": "ETH-USD"}, {"trade_id": 666211906, "side": "buy", "size": "0.65710709", "price": "2964.80000000", "time": "2025-07-13T11:43:13.997450Z", "fetched_at": "2025-07-13T11:46:16.068698+00:00", "symbol": "ETH-USD"}, {"trade_id": 666211905, "side": "buy", "size": "0.47331767", "price": "2964.80000000", "time": "2025-07-13T11:43:13.997450Z", "fetched_at": "2025-07-13T11:46:16.068698+00:00", "symbol": "ETH-USD"}, {"trade_id": 666211904, "side": "buy", "size": "0.01442930", "price": "2964.80000000", "time": "2025-07-13T11:43:13.997450Z", "fetched_at": "2025-07-13T11:46:16.068698+00:00", "symbol": "ETH-USD"}, {"trade_id": 666211903, "side": "buy", "size": "0.08113194", "price": "2964.80000000", "time": "2025-07-13T11:43:13.997450Z", "fetched_at": "2025-07-13T11:46:16.068698+00:00", "symbol": "ETH-USD"}, {"trade_id": 666211902, "side": "buy", "size": "0.45900000", "price": "2964.80000000", "time": "2025-07-13T11:43:13.997450Z", "fetched_at": "2025-07-13T11:46:16.068698+00:00", "symbol": "ETH-USD"}, {"trade_id": 666211901, "side": "sell", "size": "0.00100000", "price": "2964.72000000", "time": "2025-07-13T11:43:12.751045Z", "fetched_at": "2025-07-13T11:46:16.068698+00:00", "symbol": "ETH-USD"}, {"trade_id": 666211900, "side": "sell", "size": "0.00054294", "price": "2964.50000000", "time": "2025-07-13T11:43:12.016241Z", "fetched_at": "2025-07-13T11:46:16.068698+00:00", "symbol": "ETH-USD"}, {"trade_id": 666211899, "side": "sell", "size": "0.00100000", "price": "2964.50000000", "time": "2025-07-13T11:43:12.016241Z", "fetched_at": "2025-07-13T11:46:16.068698+00:00", "symbol": "ETH-USD"}, {"trade_id": 666211898, "side": "sell", "size": "0.00000462", "price": "2964.15000000", "time": "2025-07-13T11:43:10.590557Z", "fetched_at": "2025-07-13T11:46:16.068698+00:00", "symbol": "ETH-USD"}, {"trade_id": 666211897, "side": "sell", "size": "1.31751701", "price": "2964.15000000", "time": "2025-07-13T11:43:10.590357Z", "fetched_at": "2025-07-13T11:46:16.068698+00:00", "symbol": "ETH-USD"}, {"trade_id": 666211896, "side": "sell", "size": "1.32689299", "price": "2964.15000000", "time": "2025-07-13T11:43:10.590357Z", "fetched_at": "2025-07-13T11:46:16.068698+00:00", "symbol": "ETH-USD"}, {"trade_id": 666211895, "side": "sell", "size": "0.00983621", "price": "2964.14000000", "time": "2025-07-13T11:43:10.432675Z", "fetched_at": "2025-07-13T11:46:16.068698+00:00", "symbol": "ETH-USD"}, {"trade_id": 666211894, "side": "sell", "size": "0.00325644", "price": "2964.14000000", "time": "2025-07-13T11:43:09.826501Z", "fetched_at": "2025-07-13T11:46:16.068698+00:00", "symbol": "ETH-USD"}, {"trade_id": 666211893, "side": "buy", "size": "0.00675200", "price": "2964.12000000", "time": "2025-07-13T11:43:07.968658Z", "fetched_at": "2025-07-13T11:46:16.068698+00:00", "symbol": "ETH-USD"}, {"trade_id": 666211892, "side": "buy", "size": "0.00150000", "price": "2964.12000000", "time": "2025-07-13T11:43:07.968658Z", "fetched_at": "2025-07-13T11:46:16.068698+00:00", "symbol": "ETH-USD"}, {"trade_id": 666211891, "side": "sell", "size": "0.00121954", "price": "2964.13000000", "time": "2025-07-13T11:43:07.873761Z", "fetched_at": "2025-07-13T11:46:16.068698+00:00", "symbol": "ETH-USD"}, {"trade_id": 666211890, "side": "sell", "size": "0.07612653", "price": "2964.14000000", "time": "2025-07-13T11:43:07.474685Z", "fetched_at": "2025-07-13T11:46:16.068698+00:00", "symbol": "ETH-USD"}, {"trade_id": 666211889, "side": "sell", "size": "0.00140021", "price": "2964.13000000", "time": "2025-07-13T11:43:07.474685Z", "fetched_at": "2025-07-13T11:46:16.068698+00:00", "symbol": "ETH-USD"}, {"trade_id": 666211888, "side": "sell", "size": "0.08946886", "price": "2964.13000000", "time": "2025-07-13T11:43:07.474685Z", "fetched_at": "2025-07-13T11:46:16.068698+00:00", "symbol": "ETH-USD"}, {"trade_id": 666211887, "side": "sell", "size": "0.13040609", "price": "2964.14000000", "time": "2025-07-13T11:43:03.971331Z", "fetched_at": "2025-07-13T11:46:16.068698+00:00", "symbol": "ETH-USD"}, {"trade_id": 666211886, "side": "sell", "size": "0.00107807", "price": "2964.07000000", "time": "2025-07-13T11:43:03.971331Z", "fetched_at": "2025-07-13T11:46:16.068698+00:00", "symbol": "ETH-USD"}, {"trade_id": 666211885, "side": "sell", "size": "0.00345913", "price": "2964.07000000", "time": "2025-07-13T11:43:03.971331Z", "fetched_at": "2025-07-13T11:46:16.068698+00:00", "symbol": "ETH-USD"}, {"trade_id": 666211884, "side": "sell", "size": "0.09710494", "price": "2964.15000000", "time": "2025-07-13T11:42:59.186481Z", "fetched_at": "2025-07-13T11:46:16.068698+00:00", "symbol": "ETH-USD"}, {"trade_id": 666211883, "side": "sell", "size": "0.00125046", "price": "2964.07000000", "time": "2025-07-13T11:42:59.186481Z", "fetched_at": "2025-07-13T11:46:16.068698+00:00", "symbol": "ETH-USD"}, {"trade_id": 666211882, "side": "sell", "size": "0.00780000", "price": "2964.06000000", "time": "2025-07-13T11:42:55.286631Z", "fetched_at": "2025-07-13T11:46:16.068698+00:00", "symbol": "ETH-USD"}, {"trade_id": 666211881, "side": "buy", "size": "0.00042718", "price": "2964.05000000", "time": "2025-07-13T11:42:50.667427Z", "fetched_at": "2025-07-13T11:46:16.068698+00:00", "symbol": "ETH-USD"}, {"trade_id": 666211880, "side": "sell", "size": "0.01113298", "price": "2964.06000000", "time": "2025-07-13T11:42:49.648581Z", "fetched_at": "2025-07-13T11:46:16.068698+00:00", "symbol": "ETH-USD"}, {"trade_id": 666211879, "side": "sell", "size": "0.00990952", "price": "2964.06000000", "time": "2025-07-13T11:42:49.648581Z", "fetched_at": "2025-07-13T11:46:16.068698+00:00", "symbol": "ETH-USD"}, {"trade_id": 666211878, "side": "sell", "size": "0.00100000", "price": "2964.06000000", "time": "2025-07-13T11:42:48.389031Z", "fetched_at": "2025-07-13T11:46:16.068698+00:00", "symbol": "ETH-USD"}, {"trade_id": 666211877, "side": "sell", "size": "1.15303801", "price": "2964.47000000", "time": "2025-07-13T11:42:45.651538Z", "fetched_at": "2025-07-13T11:46:16.068698+00:00", "symbol": "ETH-USD"}, {"trade_id": 666211876, "side": "sell", "size": "0.47721367", "price": "2964.46000000", "time": "2025-07-13T11:42:45.651538Z", "fetched_at": "2025-07-13T11:46:16.068698+00:00", "symbol": "ETH-USD"}, {"trade_id": 666211875, "side": "sell", "size": "0.05000000", "price": "2964.46000000", "time": "2025-07-13T11:42:45.651538Z", "fetched_at": "2025-07-13T11:46:16.068698+00:00", "symbol": "ETH-USD"}, {"trade_id": 666211874, "side": "sell", "size": "0.05000000", "price": "2964.45000000", "time": "2025-07-13T11:42:45.651538Z", "fetched_at": "2025-07-13T11:46:16.068698+00:00", "symbol": "ETH-USD"}, {"trade_id": 666211873, "side": "sell", "size": "0.80505535", "price": "2964.44000000", "time": "2025-07-13T11:42:45.651538Z", "fetched_at": "2025-07-13T11:46:16.068698+00:00", "symbol": "ETH-USD"}, {"trade_id": 666211872, "side": "sell", "size": "0.12798681", "price": "2964.43000000", "time": "2025-07-13T11:42:45.651538Z", "fetched_at": "2025-07-13T11:46:16.068698+00:00", "symbol": "ETH-USD"}, {"trade_id": 666211871, "side": "sell", "size": "0.51303321", "price": "2964.43000000", "time": "2025-07-13T11:42:45.651538Z", "fetched_at": "2025-07-13T11:46:16.068698+00:00", "symbol": "ETH-USD"}, {"trade_id": 666211870, "side": "sell", "size": "1.32987047", "price": "2964.15000000", "time": "2025-07-13T11:42:45.651538Z", "fetched_at": "2025-07-13T11:46:16.068698+00:00", "symbol": "ETH-USD"}, {"trade_id": 666211869, "side": "sell", "size": "0.59031336", "price": "2964.15000000", "time": "2025-07-13T11:42:45.651538Z", "fetched_at": "2025-07-13T11:46:16.068698+00:00", "symbol": "ETH-USD"}, {"trade_id": 666211868, "side": "sell", "size": "0.30000000", "price": "2964.14000000", "time": "2025-07-13T11:42:45.651538Z", "fetched_at": "2025-07-13T11:46:16.068698+00:00", "symbol": "ETH-USD"}, {"trade_id": 666211867, "side": "sell", "size": "0.74604493", "price": "2964.11000000", "time": "2025-07-13T11:42:45.651538Z", "fetched_at": "2025-07-13T11:46:16.068698+00:00", "symbol": "ETH-USD"}, {"trade_id": 666211866, "side": "sell", "size": "0.41501888", "price": "2964.11000000", "time": "2025-07-13T11:42:45.651538Z", "fetched_at": "2025-07-13T11:46:16.068698+00:00", "symbol": "ETH-USD"}, {"trade_id": 666211865, "side": "sell", "size": "0.10138478", "price": "2964.10000000", "time": "2025-07-13T11:42:45.651538Z", "fetched_at": "2025-07-13T11:46:16.068698+00:00", "symbol": "ETH-USD"}, {"trade_id": 666211864, "side": "sell", "size": "0.00127809", "price": "2964.06000000", "time": "2025-07-13T11:42:45.651538Z", "fetched_at": "2025-07-13T11:46:16.068698+00:00", "symbol": "ETH-USD"}, {"trade_id": 666211863, "side": "buy", "size": "0.09324111", "price": "2963.74000000", "time": "2025-07-13T11:42:44.823225Z", "fetched_at": "2025-07-13T11:46:16.068698+00:00", "symbol": "ETH-USD"}, {"trade_id": 666211862, "side": "buy", "size": "0.00337411", "price": "2963.75000000", "time": "2025-07-13T11:42:44.823225Z", "fetched_at": "2025-07-13T11:46:16.068698+00:00", "symbol": "ETH-USD"}, {"trade_id": 666211861, "side": "buy", "size": "0.00100000", "price": "2963.84000000", "time": "2025-07-13T11:42:44.823225Z", "fetched_at": "2025-07-13T11:46:16.068698+00:00", "symbol": "ETH-USD"}, {"trade_id": 666211860, "side": "buy", "size": "0.00100000", "price": "2964.06000000", "time": "2025-07-13T11:42:44.823225Z", "fetched_at": "2025-07-13T11:46:16.068698+00:00", "symbol": "ETH-USD"}, {"trade_id": 666211859, "side": "buy", "size": "0.00343772", "price": "2964.17000000", "time": "2025-07-13T11:42:44.823225Z", "fetched_at": "2025-07-13T11:46:16.068698+00:00", "symbol": "ETH-USD"}, {"trade_id": 666211858, "side": "buy", "size": "0.00001349", "price": "2964.17000000", "time": "2025-07-13T11:42:44.823225Z", "fetched_at": "2025-07-13T11:46:16.068698+00:00", "symbol": "ETH-USD"}, {"trade_id": 666211857, "side": "buy", "size": "0.01623051", "price": "2964.17000000", "time": "2025-07-13T11:42:44.823225Z", "fetched_at": "2025-07-13T11:46:16.068698+00:00", "symbol": "ETH-USD"}, {"trade_id": 666211856, "side": "buy", "size": "0.04328024", "price": "2964.17000000", "time": "2025-07-13T11:42:44.823225Z", "fetched_at": "2025-07-13T11:46:16.068698+00:00", "symbol": "ETH-USD"}, {"trade_id": 666211855, "side": "buy", "size": "0.00000337", "price": "2964.17000000", "time": "2025-07-13T11:42:44.823225Z", "fetched_at": "2025-07-13T11:46:16.068698+00:00", "symbol": "ETH-USD"}, {"trade_id": 666211854, "side": "buy", "size": "0.00000337", "price": "2964.17000000", "time": "2025-07-13T11:42:44.823225Z", "fetched_at": "2025-07-13T11:46:16.068698+00:00", "symbol": "ETH-USD"}, {"trade_id": 666211853, "side": "buy", "size": "0.00000337", "price": "2964.17000000", "time": "2025-07-13T11:42:44.823225Z", "fetched_at": "2025-07-13T11:46:16.068698+00:00", "symbol": "ETH-USD"}, {"trade_id": 666211852, "side": "buy", "size": "0.00001012", "price": "2964.28000000", "time": "2025-07-13T11:42:44.549485Z", "fetched_at": "2025-07-13T11:46:16.068698+00:00", "symbol": "ETH-USD"}, {"trade_id": 666211851, "side": "buy", "size": "0.00100000", "price": "2964.28000000", "time": "2025-07-13T11:42:44.549485Z", "fetched_at": "2025-07-13T11:46:16.068698+00:00", "symbol": "ETH-USD"}, {"trade_id": 666211850, "side": "buy", "size": "0.00000337", "price": "2964.38000000", "time": "2025-07-13T11:42:44.549406Z", "fetched_at": "2025-07-13T11:46:16.068698+00:00", "symbol": "ETH-USD"}, {"trade_id": 666211849, "side": "buy", "size": "0.00337331", "price": "2964.45000000", "time": "2025-07-13T11:42:44.549406Z", "fetched_at": "2025-07-13T11:46:16.068698+00:00", "symbol": "ETH-USD"}, {"trade_id": 666211848, "side": "buy", "size": "0.00001303", "price": "2964.80000000", "time": "2025-07-13T11:42:41.655631Z", "fetched_at": "2025-07-13T11:46:16.068698+00:00", "symbol": "ETH-USD"}, {"trade_id": 666211847, "side": "buy", "size": "0.01686163", "price": "2964.80000000", "time": "2025-07-13T11:42:41.652043Z", "fetched_at": "2025-07-13T11:46:16.068698+00:00", "symbol": "ETH-USD"}, {"trade_id": 666211846, "side": "buy", "size": "0.00195291", "price": "2964.80000000", "time": "2025-07-13T11:42:41.652043Z", "fetched_at": "2025-07-13T11:46:16.068698+00:00", "symbol": "ETH-USD"}, {"trade_id": 666211845, "side": "buy", "size": "0.00001546", "price": "2964.80000000", "time": "2025-07-13T11:42:41.652043Z", "fetched_at": "2025-07-13T11:46:16.068698+00:00", "symbol": "ETH-USD"}, {"trade_id": 666211844, "side": "buy", "size": "0.02197253", "price": "2964.80000000", "time": "2025-07-13T11:42:38.374282Z", "fetched_at": "2025-07-13T11:46:16.068698+00:00", "symbol": "ETH-USD"}, {"trade_id": 666211843, "side": "buy", "size": "0.00001747", "price": "2964.80000000", "time": "2025-07-13T11:42:38.374282Z", "fetched_at": "2025-07-13T11:46:16.068698+00:00", "symbol": "ETH-USD"}, {"trade_id": 666211842, "side": "buy", "size": "0.01481995", "price": "2964.80000000", "time": "2025-07-13T11:42:38.321265Z", "fetched_at": "2025-07-13T11:46:16.068698+00:00", "symbol": "ETH-USD"}, {"trade_id": 666211841, "side": "buy", "size": "0.01187938", "price": "2964.80000000", "time": "2025-07-13T11:42:38.321265Z", "fetched_at": "2025-07-13T11:46:16.068698+00:00", "symbol": "ETH-USD"}, {"trade_id": 666211840, "side": "buy", "size": "0.01483067", "price": "2964.80000000", "time": "2025-07-13T11:42:38.321265Z", "fetched_at": "2025-07-13T11:46:16.068698+00:00", "symbol": "ETH-USD"}, {"trade_id": 666211839, "side": "sell", "size": "0.01802889", "price": "2964.81000000", "time": "2025-07-13T11:42:34.738087Z", "fetched_at": "2025-07-13T11:46:16.068698+00:00", "symbol": "ETH-USD"}, {"trade_id": 666211838, "side": "sell", "size": "0.00288833", "price": "2964.81000000", "time": "2025-07-13T11:42:33.512553Z", "fetched_at": "2025-07-13T11:46:16.068698+00:00", "symbol": "ETH-USD"}, {"trade_id": 666211837, "side": "sell", "size": "0.00115055", "price": "2964.81000000", "time": "2025-07-13T11:42:33.512553Z", "fetched_at": "2025-07-13T11:46:16.068698+00:00", "symbol": "ETH-USD"}, {"trade_id": 666211836, "side": "sell", "size": "0.00096010", "price": "2964.81000000", "time": "2025-07-13T11:42:33.512553Z", "fetched_at": "2025-07-13T11:46:16.068698+00:00", "symbol": "ETH-USD"}, {"trade_id": 666211835, "side": "sell", "size": "0.00124011", "price": "2964.81000000", "time": "2025-07-13T11:42:33.512553Z", "fetched_at": "2025-07-13T11:46:16.068698+00:00", "symbol": "ETH-USD"}, {"trade_id": 666211834, "side": "sell", "size": "0.00011179", "price": "2964.81000000", "time": "2025-07-13T11:42:33.512553Z", "fetched_at": "2025-07-13T11:46:16.068698+00:00", "symbol": "ETH-USD"}, {"trade_id": 666211833, "side": "sell", "size": "0.00020669", "price": "2964.81000000", "time": "2025-07-13T11:42:33.512553Z", "fetched_at": "2025-07-13T11:46:16.068698+00:00", "symbol": "ETH-USD"}, {"trade_id": 666211832, "side": "sell", "size": "0.01717411", "price": "2964.82000000", "time": "2025-07-13T11:42:32.205745Z", "fetched_at": "2025-07-13T11:46:16.068698+00:00", "symbol": "ETH-USD"}, {"trade_id": 666211831, "side": "sell", "size": "0.00079465", "price": "2964.81000000", "time": "2025-07-13T11:42:32.205745Z", "fetched_at": "2025-07-13T11:46:16.068698+00:00", "symbol": "ETH-USD"}, {"trade_id": 666211830, "side": "sell", "size": "0.00100000", "price": "2964.72000000", "time": "2025-07-13T11:42:32.205745Z", "fetched_at": "2025-07-13T11:46:16.068698+00:00", "symbol": "ETH-USD"}, {"trade_id": 666211829, "side": "sell", "size": "0.00100000", "price": "2964.50000000", "time": "2025-07-13T11:42:32.205745Z", "fetched_at": "2025-07-13T11:46:16.068698+00:00", "symbol": "ETH-USD"}, {"trade_id": 666211828, "side": "sell", "size": "0.01753124", "price": "2964.43000000", "time": "2025-07-13T11:42:32.205745Z", "fetched_at": "2025-07-13T11:46:16.068698+00:00", "symbol": "ETH-USD"}, {"trade_id": 666211827, "side": "sell", "size": "0.01134998", "price": "2964.43000000", "time": "2025-07-13T11:42:31.378413Z", "fetched_at": "2025-07-13T11:46:16.068698+00:00", "symbol": "ETH-USD"}, {"trade_id": 666211826, "side": "sell", "size": "0.00024001", "price": "2964.33000000", "time": "2025-07-13T11:42:31.378413Z", "fetched_at": "2025-07-13T11:46:16.068698+00:00", "symbol": "ETH-USD"}, {"trade_id": 666211825, "side": "sell", "size": "0.00031001", "price": "2964.33000000", "time": "2025-07-13T11:42:31.378413Z", "fetched_at": "2025-07-13T11:46:16.068698+00:00", "symbol": "ETH-USD"}, {"trade_id": 666211824, "side": "sell", "size": "0.00100000", "price": "2964.28000000", "time": "2025-07-13T11:42:31.282569Z", "fetched_at": "2025-07-13T11:46:16.068698+00:00", "symbol": "ETH-USD"}, {"trade_id": 666211823, "side": "sell", "size": "0.00000754", "price": "2964.18000000", "time": "2025-07-13T11:42:31.282487Z", "fetched_at": "2025-07-13T11:46:16.068698+00:00", "symbol": "ETH-USD"}, {"trade_id": 666211822, "side": "sell", "size": "2.99999246", "price": "2964.18000000", "time": "2025-07-13T11:42:31.282371Z", "fetched_at": "2025-07-13T11:46:16.068698+00:00", "symbol": "ETH-USD"}, {"trade_id": 666211821, "side": "sell", "size": "0.00009180", "price": "2964.18000000", "time": "2025-07-13T11:42:31.282371Z", "fetched_at": "2025-07-13T11:46:16.068698+00:00", "symbol": "ETH-USD"}, {"trade_id": 666211820, "side": "sell", "size": "0.00012574", "price": "2964.18000000", "time": "2025-07-13T11:42:31.282371Z", "fetched_at": "2025-07-13T11:46:16.068698+00:00", "symbol": "ETH-USD"}, {"trade_id": 666211819, "side": "buy", "size": "0.02670241", "price": "2964.17000000", "time": "2025-07-13T11:42:30.734941Z", "fetched_at": "2025-07-13T11:46:16.068698+00:00", "symbol": "ETH-USD"}, {"trade_id": 666211818, "side": "sell", "size": "0.00100000", "price": "2964.06000000", "time": "2025-07-13T11:42:28.429997Z", "fetched_at": "2025-07-13T11:46:16.068698+00:00", "symbol": "ETH-USD"}, {"trade_id": 666211817, "side": "sell", "size": "1.32448096", "price": "2963.98000000", "time": "2025-07-13T11:42:28.429801Z", "fetched_at": "2025-07-13T11:46:16.068698+00:00", "symbol": "ETH-USD"}, {"trade_id": 666211816, "side": "sell", "size": "0.85580438", "price": "2963.93000000", "time": "2025-07-13T11:42:28.416956Z", "fetched_at": "2025-07-13T11:46:16.068698+00:00", "symbol": "ETH-USD"}, {"trade_id": 666211815, "side": "sell", "size": "0.33703022", "price": "2963.93000000", "time": "2025-07-13T11:42:28.416572Z", "fetched_at": "2025-07-13T11:46:16.068698+00:00", "symbol": "ETH-USD"}, {"trade_id": 666211814, "side": "sell", "size": "0.01701000", "price": "2963.93000000", "time": "2025-07-13T11:42:28.416091Z", "fetched_at": "2025-07-13T11:46:16.068698+00:00", "symbol": "ETH-USD"}, {"trade_id": 666211813, "side": "sell", "size": "0.01701000", "price": "2963.93000000", "time": "2025-07-13T11:42:28.415852Z", "fetched_at": "2025-07-13T11:46:16.068698+00:00", "symbol": "ETH-USD"}, {"trade_id": 666211812, "side": "sell", "size": "0.01701000", "price": "2963.93000000", "time": "2025-07-13T11:42:28.415740Z", "fetched_at": "2025-07-13T11:46:16.068698+00:00", "symbol": "ETH-USD"}, {"trade_id": 666211811, "side": "sell", "size": "0.01701000", "price": "2963.93000000", "time": "2025-07-13T11:42:28.415692Z", "fetched_at": "2025-07-13T11:46:16.068698+00:00", "symbol": "ETH-USD"}, {"trade_id": 666211810, "side": "sell", "size": "0.05706843", "price": "2963.93000000", "time": "2025-07-13T11:42:28.414204Z", "fetched_at": "2025-07-13T11:46:16.068698+00:00", "symbol": "ETH-USD"}, {"trade_id": 666211809, "side": "sell", "size": "0.32146753", "price": "2963.90000000", "time": "2025-07-13T11:42:28.414204Z", "fetched_at": "2025-07-13T11:46:16.068698+00:00", "symbol": "ETH-USD"}, {"trade_id": 666211808, "side": "sell", "size": "2.33022779", "price": "2963.90000000", "time": "2025-07-13T11:42:28.414150Z", "fetched_at": "2025-07-13T11:46:16.068698+00:00", "symbol": "ETH-USD"}, {"trade_id": 666211807, "side": "sell", "size": "0.45900000", "price": "2963.89000000", "time": "2025-07-13T11:42:28.414150Z", "fetched_at": "2025-07-13T11:46:16.068698+00:00", "symbol": "ETH-USD"}, {"trade_id": 666211806, "side": "sell", "size": "0.38090098", "price": "2963.86000000", "time": "2025-07-13T11:42:28.414150Z", "fetched_at": "2025-07-13T11:46:16.068698+00:00", "symbol": "ETH-USD"}, {"trade_id": 666211805, "side": "sell", "size": "0.32400910", "price": "2963.83000000", "time": "2025-07-13T11:42:28.414150Z", "fetched_at": "2025-07-13T11:46:16.068698+00:00", "symbol": "ETH-USD"}, {"trade_id": 666211804, "side": "sell", "size": "0.65798306", "price": "2963.83000000", "time": "2025-07-13T11:42:28.414150Z", "fetched_at": "2025-07-13T11:46:16.068698+00:00", "symbol": "ETH-USD"}, {"trade_id": 666211803, "side": "sell", "size": "0.30000000", "price": "2963.80000000", "time": "2025-07-13T11:42:28.414150Z", "fetched_at": "2025-07-13T11:46:16.068698+00:00", "symbol": "ETH-USD"}, {"trade_id": 666211802, "side": "sell", "size": "0.24288447", "price": "2963.79000000", "time": "2025-07-13T11:42:28.414150Z", "fetched_at": "2025-07-13T11:46:16.068698+00:00", "symbol": "ETH-USD"}, {"trade_id": 666211801, "side": "sell", "size": "0.07950020", "price": "2963.78000000", "time": "2025-07-13T11:42:28.414150Z", "fetched_at": "2025-07-13T11:46:16.068698+00:00", "symbol": "ETH-USD"}, {"trade_id": 666211800, "side": "sell", "size": "0.22153696", "price": "2963.78000000", "time": "2025-07-13T11:42:28.414009Z", "fetched_at": "2025-07-13T11:46:16.068698+00:00", "symbol": "ETH-USD"}, {"trade_id": 666211799, "side": "sell", "size": "0.30000000", "price": "2963.70000000", "time": "2025-07-13T11:42:28.414009Z", "fetched_at": "2025-07-13T11:46:16.068698+00:00", "symbol": "ETH-USD"}, {"trade_id": 666211798, "side": "sell", "size": "0.17597021", "price": "2963.70000000", "time": "2025-07-13T11:42:28.414009Z", "fetched_at": "2025-07-13T11:46:16.068698+00:00", "symbol": "ETH-USD"}, {"trade_id": 666211797, "side": "sell", "size": "0.14764957", "price": "2963.70000000", "time": "2025-07-13T11:42:28.413962Z", "fetched_at": "2025-07-13T11:46:16.068698+00:00", "symbol": "ETH-USD"}, {"trade_id": 666211796, "side": "sell", "size": "0.17042916", "price": "2963.70000000", "time": "2025-07-13T11:42:28.413354Z", "fetched_at": "2025-07-13T11:46:16.068698+00:00", "symbol": "ETH-USD"}, {"trade_id": 666211795, "side": "sell", "size": "0.76117083", "price": "2963.70000000", "time": "2025-07-13T11:42:28.413354Z", "fetched_at": "2025-07-13T11:46:16.068698+00:00", "symbol": "ETH-USD"}, {"trade_id": 666211794, "side": "sell", "size": "0.04657937", "price": "2963.64000000", "time": "2025-07-13T11:42:28.413354Z", "fetched_at": "2025-07-13T11:46:16.068698+00:00", "symbol": "ETH-USD"}, {"trade_id": 666211793, "side": "sell", "size": "0.07775296", "price": "2963.63000000", "time": "2025-07-13T11:42:28.413354Z", "fetched_at": "2025-07-13T11:46:16.068698+00:00", "symbol": "ETH-USD"}, {"trade_id": 666211792, "side": "sell", "size": "1.28865250", "price": "2963.61000000", "time": "2025-07-13T11:42:28.413354Z", "fetched_at": "2025-07-13T11:46:16.068698+00:00", "symbol": "ETH-USD"}, {"trade_id": 666211791, "side": "sell", "size": "1.02779090", "price": "2963.60000000", "time": "2025-07-13T11:42:28.413354Z", "fetched_at": "2025-07-13T11:46:16.068698+00:00", "symbol": "ETH-USD"}, {"trade_id": 666211790, "side": "sell", "size": "0.30000000", "price": "2963.59000000", "time": "2025-07-13T11:42:28.413354Z", "fetched_at": "2025-07-13T11:46:16.068698+00:00", "symbol": "ETH-USD"}, {"trade_id": 666211789, "side": "sell", "size": "0.62361978", "price": "2963.55000000", "time": "2025-07-13T11:42:28.413354Z", "fetched_at": "2025-07-13T11:46:16.068698+00:00", "symbol": "ETH-USD"}, {"trade_id": 666211788, "side": "sell", "size": "0.31467022", "price": "2963.55000000", "time": "2025-07-13T11:42:28.412736Z", "fetched_at": "2025-07-13T11:46:16.068698+00:00", "symbol": "ETH-USD"}, {"trade_id": 666211787, "side": "sell", "size": "0.27002200", "price": "2963.55000000", "time": "2025-07-13T11:42:28.412736Z", "fetched_at": "2025-07-13T11:46:16.068698+00:00", "symbol": "ETH-USD"}, {"trade_id": 666211786, "side": "sell", "size": "0.60000000", "price": "2963.55000000", "time": "2025-07-13T11:42:28.412736Z", "fetched_at": "2025-07-13T11:46:16.068698+00:00", "symbol": "ETH-USD"}, {"trade_id": 666211785, "side": "sell", "size": "0.45900000", "price": "2963.55000000", "time": "2025-07-13T11:42:28.412736Z", "fetched_at": "2025-07-13T11:46:16.068698+00:00", "symbol": "ETH-USD"}, {"trade_id": 666211784, "side": "buy", "size": "0.00001182", "price": "2963.84000000", "time": "2025-07-13T11:42:25.041654Z", "fetched_at": "2025-07-13T11:46:16.068698+00:00", "symbol": "ETH-USD"}, {"trade_id": 666211783, "side": "buy", "size": "0.00310238", "price": "2963.84000000", "time": "2025-07-13T11:42:24.967823Z", "fetched_at": "2025-07-13T11:46:16.068698+00:00", "symbol": "ETH-USD"}, {"trade_id": 666211782, "side": "buy", "size": "0.00361692", "price": "2963.84000000", "time": "2025-07-13T11:42:24.967823Z", "fetched_at": "2025-07-13T11:46:16.068698+00:00", "symbol": "ETH-USD"}, {"trade_id": 666211781, "side": "buy", "size": "0.00300070", "price": "2963.84000000", "time": "2025-07-13T11:42:24.967823Z", "fetched_at": "2025-07-13T11:46:16.068698+00:00", "symbol": "ETH-USD"}, {"trade_id": 666211780, "side": "buy", "size": "0.05860334", "price": "2963.42000000", "time": "2025-07-13T11:42:23.541433Z", "fetched_at": "2025-07-13T11:46:16.068698+00:00", "symbol": "ETH-USD"}, {"trade_id": 666211779, "side": "buy", "size": "0.00802418", "price": "2963.42000000", "time": "2025-07-13T11:42:23.541433Z", "fetched_at": "2025-07-13T11:46:16.068698+00:00", "symbol": "ETH-USD"}, {"trade_id": 666211778, "side": "buy", "size": "0.07727699", "price": "2963.43000000", "time": "2025-07-13T11:42:23.541433Z", "fetched_at": "2025-07-13T11:46:16.068698+00:00", "symbol": "ETH-USD"}, {"trade_id": 666211777, "side": "buy", "size": "0.05163577", "price": "2963.44000000", "time": "2025-07-13T11:42:23.541433Z", "fetched_at": "2025-07-13T11:46:16.068698+00:00", "symbol": "ETH-USD"}, {"trade_id": 666211776, "side": "buy", "size": "0.00337445", "price": "2963.45000000", "time": "2025-07-13T11:42:23.541433Z", "fetched_at": "2025-07-13T11:46:16.068698+00:00", "symbol": "ETH-USD"}, {"trade_id": 666211775, "side": "buy", "size": "0.00100000", "price": "2963.62000000", "time": "2025-07-13T11:42:23.541433Z", "fetched_at": "2025-07-13T11:46:16.068698+00:00", "symbol": "ETH-USD"}, {"trade_id": 666211774, "side": "buy", "size": "0.35575807", "price": "2963.79000000", "time": "2025-07-13T11:42:23.440463Z", "fetched_at": "2025-07-13T11:46:16.068698+00:00", "symbol": "ETH-USD"}, {"trade_id": 666211773, "side": "buy", "size": "0.00100000", "price": "2963.84000000", "time": "2025-07-13T11:42:23.440463Z", "fetched_at": "2025-07-13T11:46:16.068698+00:00", "symbol": "ETH-USD"}, {"trade_id": 666211772, "side": "buy", "size": "0.06313257", "price": "2963.92000000", "time": "2025-07-13T11:42:23.439008Z", "fetched_at": "2025-07-13T11:46:16.068698+00:00", "symbol": "ETH-USD"}, {"trade_id": 666211771, "side": "buy", "size": "0.07286197", "price": "2963.93000000", "time": "2025-07-13T11:42:23.439008Z", "fetched_at": "2025-07-13T11:46:16.068698+00:00", "symbol": "ETH-USD"}, {"trade_id": 666211770, "side": "buy", "size": "0.01623051", "price": "2964.17000000", "time": "2025-07-13T11:42:23.437051Z", "fetched_at": "2025-07-13T11:46:16.068698+00:00", "symbol": "ETH-USD"}, {"trade_id": 666211769, "side": "buy", "size": "0.04328024", "price": "2964.17000000", "time": "2025-07-13T11:42:23.437051Z", "fetched_at": "2025-07-13T11:46:16.068698+00:00", "symbol": "ETH-USD"}, {"trade_id": 666211768, "side": "buy", "size": "0.00000337", "price": "2964.17000000", "time": "2025-07-13T11:42:23.437051Z", "fetched_at": "2025-07-13T11:46:16.068698+00:00", "symbol": "ETH-USD"}, {"trade_id": 666211767, "side": "buy", "size": "0.00000674", "price": "2964.17000000", "time": "2025-07-13T11:42:23.437051Z", "fetched_at": "2025-07-13T11:46:16.068698+00:00", "symbol": "ETH-USD"}, {"trade_id": 666211766, "side": "buy", "size": "0.00000674", "price": "2964.17000000", "time": "2025-07-13T11:42:23.437051Z", "fetched_at": "2025-07-13T11:46:16.068698+00:00", "symbol": "ETH-USD"}, {"trade_id": 666211765, "side": "buy", "size": "0.00001349", "price": "2964.17000000", "time": "2025-07-13T11:42:23.437051Z", "fetched_at": "2025-07-13T11:46:16.068698+00:00", "symbol": "ETH-USD"}, {"trade_id": 666211764, "side": "buy", "size": "0.00337363", "price": "2964.17000000", "time": "2025-07-13T11:42:23.437051Z", "fetched_at": "2025-07-13T11:46:16.068698+00:00", "symbol": "ETH-USD"}, {"trade_id": 666211763, "side": "buy", "size": "0.00000548", "price": "2964.17000000", "time": "2025-07-13T11:42:23.437051Z", "fetched_at": "2025-07-13T11:46:16.068698+00:00", "symbol": "ETH-USD"}, {"trade_id": 666211762, "side": "sell", "size": "0.04097606", "price": "2964.18000000", "time": "2025-07-13T11:42:19.618700Z", "fetched_at": "2025-07-13T11:46:16.068698+00:00", "symbol": "ETH-USD"}, {"trade_id": 666211761, "side": "buy", "size": "0.00000464", "price": "2964.17000000", "time": "2025-07-13T11:42:18.753027Z", "fetched_at": "2025-07-13T11:46:16.068698+00:00", "symbol": "ETH-USD"}, {"trade_id": 666211760, "side": "buy", "size": "0.00337363", "price": "2964.17000000", "time": "2025-07-13T11:42:18.753027Z", "fetched_at": "2025-07-13T11:46:16.068698+00:00", "symbol": "ETH-USD"}, {"trade_id": 666211759, "side": "buy", "size": "0.04392123", "price": "2964.17000000", "time": "2025-07-13T11:42:18.753027Z", "fetched_at": "2025-07-13T11:46:16.068698+00:00", "symbol": "ETH-USD"}, {"trade_id": 666211758, "side": "buy", "size": "0.00113050", "price": "2964.17000000", "time": "2025-07-13T11:42:18.753027Z", "fetched_at": "2025-07-13T11:46:16.068698+00:00", "symbol": "ETH-USD"}, {"trade_id": 666211757, "side": "buy", "size": "0.01724226", "price": "2964.17000000", "time": "2025-07-13T11:42:17.867288Z", "fetched_at": "2025-07-13T11:46:16.068698+00:00", "symbol": "ETH-USD"}, {"trade_id": 666211756, "side": "buy", "size": "0.05351393", "price": "2963.84000000", "time": "2025-07-13T11:42:15.238307Z", "fetched_at": "2025-07-13T11:46:16.068698+00:00", "symbol": "ETH-USD"}, {"trade_id": 666211755, "side": "buy", "size": "0.00100000", "price": "2963.84000000", "time": "2025-07-13T11:42:15.238307Z", "fetched_at": "2025-07-13T11:46:16.068698+00:00", "symbol": "ETH-USD"}, {"trade_id": 666211754, "side": "buy", "size": "0.08017322", "price": "2963.85000000", "time": "2025-07-13T11:42:15.238307Z", "fetched_at": "2025-07-13T11:46:16.068698+00:00", "symbol": "ETH-USD"}, {"trade_id": 666211753, "side": "buy", "size": "0.00337398", "price": "2963.86000000", "time": "2025-07-13T11:42:15.238307Z", "fetched_at": "2025-07-13T11:46:16.068698+00:00", "symbol": "ETH-USD"}