[{"trade_id": 666246131, "side": "sell", "size": "0.03339311", "price": "2994.59000000", "time": "2025-07-13T14:13:24.149863Z", "fetched_at": "2025-07-13T14:13:27.854082+00:00", "symbol": "ETH-USD"}, {"trade_id": 666246130, "side": "buy", "size": "0.00158920", "price": "2994.58000000", "time": "2025-07-13T14:13:23.943746Z", "fetched_at": "2025-07-13T14:13:27.854082+00:00", "symbol": "ETH-USD"}, {"trade_id": 666246129, "side": "sell", "size": "0.02603535", "price": "2994.54000000", "time": "2025-07-13T14:13:23.192464Z", "fetched_at": "2025-07-13T14:13:27.854082+00:00", "symbol": "ETH-USD"}, {"trade_id": 666246128, "side": "buy", "size": "3.21741829", "price": "2994.19000000", "time": "2025-07-13T14:13:22.715442Z", "fetched_at": "2025-07-13T14:13:27.854082+00:00", "symbol": "ETH-USD"}, {"trade_id": 666246127, "side": "buy", "size": "0.15000000", "price": "2994.20000000", "time": "2025-07-13T14:13:22.715442Z", "fetched_at": "2025-07-13T14:13:27.854082+00:00", "symbol": "ETH-USD"}, {"trade_id": 666246126, "side": "buy", "size": "0.00100000", "price": "2994.20000000", "time": "2025-07-13T14:13:22.715442Z", "fetched_at": "2025-07-13T14:13:27.854082+00:00", "symbol": "ETH-USD"}, {"trade_id": 666246125, "side": "buy", "size": "0.19030171", "price": "2994.21000000", "time": "2025-07-13T14:13:22.715442Z", "fetched_at": "2025-07-13T14:13:27.854082+00:00", "symbol": "ETH-USD"}, {"trade_id": 666246124, "side": "buy", "size": "0.00100000", "price": "2994.42000000", "time": "2025-07-13T14:13:22.715442Z", "fetched_at": "2025-07-13T14:13:27.854082+00:00", "symbol": "ETH-USD"}, {"trade_id": 666246123, "side": "buy", "size": "0.00107366", "price": "2994.44000000", "time": "2025-07-13T14:13:22.715442Z", "fetched_at": "2025-07-13T14:13:27.854082+00:00", "symbol": "ETH-USD"}, {"trade_id": 666246122, "side": "buy", "size": "0.04148688", "price": "2994.44000000", "time": "2025-07-13T14:13:22.715442Z", "fetched_at": "2025-07-13T14:13:27.854082+00:00", "symbol": "ETH-USD"}, {"trade_id": 666246121, "side": "buy", "size": "0.07649176", "price": "2994.44000000", "time": "2025-07-13T14:13:22.715442Z", "fetched_at": "2025-07-13T14:13:27.854082+00:00", "symbol": "ETH-USD"}, {"trade_id": 666246120, "side": "buy", "size": "0.00335855", "price": "2994.57000000", "time": "2025-07-13T14:13:22.715442Z", "fetched_at": "2025-07-13T14:13:27.854082+00:00", "symbol": "ETH-USD"}, {"trade_id": 666246119, "side": "sell", "size": "0.26826081", "price": "2994.60000000", "time": "2025-07-13T14:13:21.747949Z", "fetched_at": "2025-07-13T14:13:27.854082+00:00", "symbol": "ETH-USD"}, {"trade_id": 666246118, "side": "sell", "size": "0.16696943", "price": "2994.56000000", "time": "2025-07-13T14:13:21.747949Z", "fetched_at": "2025-07-13T14:13:27.854082+00:00", "symbol": "ETH-USD"}, {"trade_id": 666246117, "side": "sell", "size": "0.00033950", "price": "2994.55000000", "time": "2025-07-13T14:13:21.747949Z", "fetched_at": "2025-07-13T14:13:27.854082+00:00", "symbol": "ETH-USD"}, {"trade_id": 666246116, "side": "sell", "size": "0.00024419", "price": "2994.55000000", "time": "2025-07-13T14:13:21.747949Z", "fetched_at": "2025-07-13T14:13:27.854082+00:00", "symbol": "ETH-USD"}, {"trade_id": 666246115, "side": "sell", "size": "0.00031000", "price": "2994.55000000", "time": "2025-07-13T14:13:21.747949Z", "fetched_at": "2025-07-13T14:13:27.854082+00:00", "symbol": "ETH-USD"}, {"trade_id": 666246114, "side": "buy", "size": "0.00100000", "price": "2994.64000000", "time": "2025-07-13T14:13:20.663881Z", "fetched_at": "2025-07-13T14:13:27.854082+00:00", "symbol": "ETH-USD"}, {"trade_id": 666246113, "side": "buy", "size": "0.00080960", "price": "2994.67000000", "time": "2025-07-13T14:13:20.663881Z", "fetched_at": "2025-07-13T14:13:27.854082+00:00", "symbol": "ETH-USD"}, {"trade_id": 666246112, "side": "buy", "size": "0.02141805", "price": "2994.67000000", "time": "2025-07-13T14:13:20.663881Z", "fetched_at": "2025-07-13T14:13:27.854082+00:00", "symbol": "ETH-USD"}, {"trade_id": 666246111, "side": "buy", "size": "0.05725839", "price": "2994.67000000", "time": "2025-07-13T14:13:20.663881Z", "fetched_at": "2025-07-13T14:13:27.854082+00:00", "symbol": "ETH-USD"}, {"trade_id": 666246110, "side": "buy", "size": "0.00335816", "price": "2994.92000000", "time": "2025-07-13T14:13:20.224355Z", "fetched_at": "2025-07-13T14:13:27.854082+00:00", "symbol": "ETH-USD"}, {"trade_id": 666246109, "side": "buy", "size": "0.00335819", "price": "2994.89000000", "time": "2025-07-13T14:13:20.176031Z", "fetched_at": "2025-07-13T14:13:27.854082+00:00", "symbol": "ETH-USD"}, {"trade_id": 666246108, "side": "buy", "size": "0.00335824", "price": "2994.85000000", "time": "2025-07-13T14:13:20.119860Z", "fetched_at": "2025-07-13T14:13:27.854082+00:00", "symbol": "ETH-USD"}, {"trade_id": 666246107, "side": "buy", "size": "0.00001001", "price": "2994.85000000", "time": "2025-07-13T14:13:20.119860Z", "fetched_at": "2025-07-13T14:13:27.854082+00:00", "symbol": "ETH-USD"}, {"trade_id": 666246106, "side": "buy", "size": "0.00001669", "price": "2994.85000000", "time": "2025-07-13T14:13:20.119860Z", "fetched_at": "2025-07-13T14:13:27.854082+00:00", "symbol": "ETH-USD"}, {"trade_id": 666246105, "side": "sell", "size": "0.00832426", "price": "2994.86000000", "time": "2025-07-13T14:13:19.928966Z", "fetched_at": "2025-07-13T14:13:27.854082+00:00", "symbol": "ETH-USD"}, {"trade_id": 666246104, "side": "sell", "size": "0.20497374", "price": "2994.86000000", "time": "2025-07-13T14:13:18.974688Z", "fetched_at": "2025-07-13T14:13:27.854082+00:00", "symbol": "ETH-USD"}, {"trade_id": 666246103, "side": "buy", "size": "0.60000000", "price": "2994.96000000", "time": "2025-07-13T14:13:18.656054Z", "fetched_at": "2025-07-13T14:13:27.854082+00:00", "symbol": "ETH-USD"}, {"trade_id": 666246102, "side": "buy", "size": "0.00335817", "price": "2994.91000000", "time": "2025-07-13T14:13:18.645392Z", "fetched_at": "2025-07-13T14:13:27.854082+00:00", "symbol": "ETH-USD"}, {"trade_id": 666246101, "side": "buy", "size": "0.00797339", "price": "2994.96000000", "time": "2025-07-13T14:13:18.645392Z", "fetched_at": "2025-07-13T14:13:27.854082+00:00", "symbol": "ETH-USD"}, {"trade_id": 666246100, "side": "buy", "size": "0.60000000", "price": "2995.02000000", "time": "2025-07-13T14:13:18.633508Z", "fetched_at": "2025-07-13T14:13:27.854082+00:00", "symbol": "ETH-USD"}, {"trade_id": 666246099, "side": "buy", "size": "0.71758592", "price": "2995.04000000", "time": "2025-07-13T14:13:18.630022Z", "fetched_at": "2025-07-13T14:13:27.854082+00:00", "symbol": "ETH-USD"}, {"trade_id": 666246098, "side": "buy", "size": "0.15000000", "price": "2995.05000000", "time": "2025-07-13T14:13:18.630022Z", "fetched_at": "2025-07-13T14:13:27.854082+00:00", "symbol": "ETH-USD"}, {"trade_id": 666246097, "side": "buy", "size": "0.07581403", "price": "2995.06000000", "time": "2025-07-13T14:13:18.630022Z", "fetched_at": "2025-07-13T14:13:27.854082+00:00", "symbol": "ETH-USD"}, {"trade_id": 666246096, "side": "sell", "size": "0.00066153", "price": "2995.26000000", "time": "2025-07-13T14:13:18.332416Z", "fetched_at": "2025-07-13T14:13:27.854082+00:00", "symbol": "ETH-USD"}, {"trade_id": 666246095, "side": "sell", "size": "0.00892254", "price": "2995.26000000", "time": "2025-07-13T14:13:17.948603Z", "fetched_at": "2025-07-13T14:13:27.854082+00:00", "symbol": "ETH-USD"}, {"trade_id": 666246094, "side": "buy", "size": "0.20705944", "price": "2995.05000000", "time": "2025-07-13T14:13:17.198577Z", "fetched_at": "2025-07-13T14:13:27.854082+00:00", "symbol": "ETH-USD"}, {"trade_id": 666246093, "side": "buy", "size": "0.00335800", "price": "2995.06000000", "time": "2025-07-13T14:13:17.198577Z", "fetched_at": "2025-07-13T14:13:27.854082+00:00", "symbol": "ETH-USD"}, {"trade_id": 666246092, "side": "buy", "size": "0.00145000", "price": "2995.16000000", "time": "2025-07-13T14:13:17.198577Z", "fetched_at": "2025-07-13T14:13:27.854082+00:00", "symbol": "ETH-USD"}, {"trade_id": 666246091, "side": "buy", "size": "0.02286355", "price": "2995.16000000", "time": "2025-07-13T14:13:17.198577Z", "fetched_at": "2025-07-13T14:13:27.854082+00:00", "symbol": "ETH-USD"}, {"trade_id": 666246090, "side": "buy", "size": "0.06469533", "price": "2995.27000000", "time": "2025-07-13T14:13:16.477637Z", "fetched_at": "2025-07-13T14:13:27.854082+00:00", "symbol": "ETH-USD"}, {"trade_id": 666246089, "side": "buy", "size": "0.14204398", "price": "2995.28000000", "time": "2025-07-13T14:13:16.477637Z", "fetched_at": "2025-07-13T14:13:27.854082+00:00", "symbol": "ETH-USD"}, {"trade_id": 666246088, "side": "sell", "size": "0.00100000", "price": "2995.08000000", "time": "2025-07-13T14:13:16.320449Z", "fetched_at": "2025-07-13T14:13:27.854082+00:00", "symbol": "ETH-USD"}, {"trade_id": 666246087, "side": "sell", "size": "0.00450348", "price": "2995.01000000", "time": "2025-07-13T14:13:16.320449Z", "fetched_at": "2025-07-13T14:13:27.854082+00:00", "symbol": "ETH-USD"}, {"trade_id": 666246086, "side": "sell", "size": "0.00039834", "price": "2995.00000000", "time": "2025-07-13T14:13:16.320449Z", "fetched_at": "2025-07-13T14:13:27.854082+00:00", "symbol": "ETH-USD"}, {"trade_id": 666246085, "side": "sell", "size": "0.00051305", "price": "2995.00000000", "time": "2025-07-13T14:13:16.320449Z", "fetched_at": "2025-07-13T14:13:27.854082+00:00", "symbol": "ETH-USD"}, {"trade_id": 666246084, "side": "sell", "size": "0.00008708", "price": "2995.00000000", "time": "2025-07-13T14:13:16.320449Z", "fetched_at": "2025-07-13T14:13:27.854082+00:00", "symbol": "ETH-USD"}, {"trade_id": 666246083, "side": "sell", "size": "0.01385028", "price": "2995.00000000", "time": "2025-07-13T14:13:16.320449Z", "fetched_at": "2025-07-13T14:13:27.854082+00:00", "symbol": "ETH-USD"}, {"trade_id": 666246082, "side": "sell", "size": "1.00000000", "price": "2995.00000000", "time": "2025-07-13T14:13:16.320449Z", "fetched_at": "2025-07-13T14:13:27.854082+00:00", "symbol": "ETH-USD"}, {"trade_id": 666246081, "side": "sell", "size": "0.20000000", "price": "2995.00000000", "time": "2025-07-13T14:13:16.320449Z", "fetched_at": "2025-07-13T14:13:27.854082+00:00", "symbol": "ETH-USD"}, {"trade_id": 666246080, "side": "sell", "size": "0.06049415", "price": "2995.00000000", "time": "2025-07-13T14:13:16.320449Z", "fetched_at": "2025-07-13T14:13:27.854082+00:00", "symbol": "ETH-USD"}, {"trade_id": 666246079, "side": "sell", "size": "1.94220130", "price": "2995.00000000", "time": "2025-07-13T14:13:16.320449Z", "fetched_at": "2025-07-13T14:13:27.854082+00:00", "symbol": "ETH-USD"}, {"trade_id": 666246078, "side": "sell", "size": "0.00008888", "price": "2995.00000000", "time": "2025-07-13T14:13:15.419769Z", "fetched_at": "2025-07-13T14:13:27.854082+00:00", "symbol": "ETH-USD"}, {"trade_id": 666246077, "side": "sell", "size": "0.05770982", "price": "2995.00000000", "time": "2025-07-13T14:13:15.407637Z", "fetched_at": "2025-07-13T14:13:27.854082+00:00", "symbol": "ETH-USD"}, {"trade_id": 666246076, "side": "sell", "size": "0.00682586", "price": "2994.99000000", "time": "2025-07-13T14:13:15.407637Z", "fetched_at": "2025-07-13T14:13:27.854082+00:00", "symbol": "ETH-USD"}, {"trade_id": 666246075, "side": "sell", "size": "0.00040036", "price": "2994.98000000", "time": "2025-07-13T14:13:15.407637Z", "fetched_at": "2025-07-13T14:13:27.854082+00:00", "symbol": "ETH-USD"}, {"trade_id": 666246074, "side": "sell", "size": "0.00274223", "price": "2994.98000000", "time": "2025-07-13T14:13:15.387823Z", "fetched_at": "2025-07-13T14:13:27.854082+00:00", "symbol": "ETH-USD"}, {"trade_id": 666246073, "side": "sell", "size": "0.00048274", "price": "2994.97000000", "time": "2025-07-13T14:13:15.387823Z", "fetched_at": "2025-07-13T14:13:27.854082+00:00", "symbol": "ETH-USD"}, {"trade_id": 666246072, "side": "sell", "size": "0.00232391", "price": "2994.97000000", "time": "2025-07-13T14:13:14.359588Z", "fetched_at": "2025-07-13T14:13:27.854082+00:00", "symbol": "ETH-USD"}, {"trade_id": 666246071, "side": "sell", "size": "0.01216555", "price": "2994.96000000", "time": "2025-07-13T14:13:14.359588Z", "fetched_at": "2025-07-13T14:13:27.854082+00:00", "symbol": "ETH-USD"}, {"trade_id": 666246070, "side": "sell", "size": "0.00681731", "price": "2994.95000000", "time": "2025-07-13T14:13:14.359588Z", "fetched_at": "2025-07-13T14:13:27.854082+00:00", "symbol": "ETH-USD"}, {"trade_id": 666246069, "side": "sell", "size": "0.00581814", "price": "2994.94000000", "time": "2025-07-13T14:13:14.359588Z", "fetched_at": "2025-07-13T14:13:27.854082+00:00", "symbol": "ETH-USD"}, {"trade_id": 666246068, "side": "sell", "size": "0.00550110", "price": "2994.93000000", "time": "2025-07-13T14:13:14.359588Z", "fetched_at": "2025-07-13T14:13:27.854082+00:00", "symbol": "ETH-USD"}, {"trade_id": 666246067, "side": "sell", "size": "0.00583896", "price": "2994.92000000", "time": "2025-07-13T14:13:14.359588Z", "fetched_at": "2025-07-13T14:13:27.854082+00:00", "symbol": "ETH-USD"}, {"trade_id": 666246066, "side": "sell", "size": "0.00000249", "price": "2994.91000000", "time": "2025-07-13T14:13:14.359588Z", "fetched_at": "2025-07-13T14:13:27.854082+00:00", "symbol": "ETH-USD"}, {"trade_id": 666246065, "side": "sell", "size": "0.00013972", "price": "2994.86000000", "time": "2025-07-13T14:13:14.359588Z", "fetched_at": "2025-07-13T14:13:27.854082+00:00", "symbol": "ETH-USD"}, {"trade_id": 666246064, "side": "sell", "size": "0.00100000", "price": "2994.86000000", "time": "2025-07-13T14:13:14.359588Z", "fetched_at": "2025-07-13T14:13:27.854082+00:00", "symbol": "ETH-USD"}, {"trade_id": 666246063, "side": "sell", "size": "0.14320840", "price": "2994.68000000", "time": "2025-07-13T14:13:12.546843Z", "fetched_at": "2025-07-13T14:13:27.854082+00:00", "symbol": "ETH-USD"}, {"trade_id": 666246062, "side": "sell", "size": "0.01267492", "price": "2994.52000000", "time": "2025-07-13T14:13:11.064185Z", "fetched_at": "2025-07-13T14:13:27.854082+00:00", "symbol": "ETH-USD"}, {"trade_id": 666246061, "side": "sell", "size": "0.03180479", "price": "2994.54000000", "time": "2025-07-13T14:13:10.823981Z", "fetched_at": "2025-07-13T14:13:27.854082+00:00", "symbol": "ETH-USD"}, {"trade_id": 666246060, "side": "sell", "size": "0.01623314", "price": "2994.64000000", "time": "2025-07-13T14:13:10.243644Z", "fetched_at": "2025-07-13T14:13:27.854082+00:00", "symbol": "ETH-USD"}, {"trade_id": 666246059, "side": "buy", "size": "0.28800314", "price": "2994.65000000", "time": "2025-07-13T14:13:09.517404Z", "fetched_at": "2025-07-13T14:13:27.854082+00:00", "symbol": "ETH-USD"}, {"trade_id": 666246058, "side": "sell", "size": "0.59610968", "price": "2994.64000000", "time": "2025-07-13T14:13:09.509444Z", "fetched_at": "2025-07-13T14:13:27.854082+00:00", "symbol": "ETH-USD"}, {"trade_id": 666246057, "side": "sell", "size": "0.83483882", "price": "2994.59000000", "time": "2025-07-13T14:13:09.509444Z", "fetched_at": "2025-07-13T14:13:27.854082+00:00", "symbol": "ETH-USD"}, {"trade_id": 666246056, "side": "sell", "size": "0.64610456", "price": "2994.58000000", "time": "2025-07-13T14:13:09.509444Z", "fetched_at": "2025-07-13T14:13:27.854082+00:00", "symbol": "ETH-USD"}, {"trade_id": 666246055, "side": "sell", "size": "0.40201512", "price": "2994.57000000", "time": "2025-07-13T14:13:09.509444Z", "fetched_at": "2025-07-13T14:13:27.854082+00:00", "symbol": "ETH-USD"}, {"trade_id": 666246054, "side": "sell", "size": "0.02668053", "price": "2994.32000000", "time": "2025-07-13T14:13:09.505213Z", "fetched_at": "2025-07-13T14:13:27.854082+00:00", "symbol": "ETH-USD"}, {"trade_id": 666246053, "side": "sell", "size": "0.38066010", "price": "2994.28000000", "time": "2025-07-13T14:13:09.505213Z", "fetched_at": "2025-07-13T14:13:27.854082+00:00", "symbol": "ETH-USD"}, {"trade_id": 666246052, "side": "sell", "size": "0.16698560", "price": "2994.27000000", "time": "2025-07-13T14:13:09.505213Z", "fetched_at": "2025-07-13T14:13:27.854082+00:00", "symbol": "ETH-USD"}, {"trade_id": 666246051, "side": "buy", "size": "0.00335883", "price": "2994.32000000", "time": "2025-07-13T14:13:09.110031Z", "fetched_at": "2025-07-13T14:13:27.854082+00:00", "symbol": "ETH-USD"}, {"trade_id": 666246050, "side": "buy", "size": "0.14075563", "price": "2994.32000000", "time": "2025-07-13T14:13:09.110031Z", "fetched_at": "2025-07-13T14:13:27.854082+00:00", "symbol": "ETH-USD"}, {"trade_id": 666246049, "side": "buy", "size": "0.02393865", "price": "2994.32000000", "time": "2025-07-13T14:13:09.110031Z", "fetched_at": "2025-07-13T14:13:27.854082+00:00", "symbol": "ETH-USD"}, {"trade_id": 666246048, "side": "sell", "size": "0.07937464", "price": "2994.70000000", "time": "2025-07-13T14:13:08.803827Z", "fetched_at": "2025-07-13T14:13:27.854082+00:00", "symbol": "ETH-USD"}, {"trade_id": 666246047, "side": "sell", "size": "0.23786120", "price": "2994.68000000", "time": "2025-07-13T14:13:08.803827Z", "fetched_at": "2025-07-13T14:13:27.854082+00:00", "symbol": "ETH-USD"}, {"trade_id": 666246046, "side": "sell", "size": "0.15000000", "price": "2994.67000000", "time": "2025-07-13T14:13:08.803827Z", "fetched_at": "2025-07-13T14:13:27.854082+00:00", "symbol": "ETH-USD"}, {"trade_id": 666246045, "side": "sell", "size": "0.00100000", "price": "2994.64000000", "time": "2025-07-13T14:13:08.803827Z", "fetched_at": "2025-07-13T14:13:27.854082+00:00", "symbol": "ETH-USD"}, {"trade_id": 666246044, "side": "sell", "size": "0.42111900", "price": "2994.61000000", "time": "2025-07-13T14:13:08.803827Z", "fetched_at": "2025-07-13T14:13:27.854082+00:00", "symbol": "ETH-USD"}, {"trade_id": 666246043, "side": "sell", "size": "0.00088516", "price": "2994.42000000", "time": "2025-07-13T14:13:08.803827Z", "fetched_at": "2025-07-13T14:13:27.854082+00:00", "symbol": "ETH-USD"}, {"trade_id": 666246042, "side": "sell", "size": "0.10976000", "price": "2994.33000000", "time": "2025-07-13T14:13:08.803827Z", "fetched_at": "2025-07-13T14:13:27.854082+00:00", "symbol": "ETH-USD"}, {"trade_id": 666246041, "side": "sell", "size": "0.00011484", "price": "2994.42000000", "time": "2025-07-13T14:13:07.970264Z", "fetched_at": "2025-07-13T14:13:27.854082+00:00", "symbol": "ETH-USD"}, {"trade_id": 666246040, "side": "sell", "size": "0.00002469", "price": "2994.25000000", "time": "2025-07-13T14:13:07.970264Z", "fetched_at": "2025-07-13T14:13:27.854082+00:00", "symbol": "ETH-USD"}, {"trade_id": 666246039, "side": "sell", "size": "0.00010699", "price": "2994.25000000", "time": "2025-07-13T14:13:07.970264Z", "fetched_at": "2025-07-13T14:13:27.854082+00:00", "symbol": "ETH-USD"}, {"trade_id": 666246038, "side": "sell", "size": "0.00007761", "price": "2994.25000000", "time": "2025-07-13T14:13:07.970264Z", "fetched_at": "2025-07-13T14:13:27.854082+00:00", "symbol": "ETH-USD"}, {"trade_id": 666246037, "side": "sell", "size": "0.01809513", "price": "2994.25000000", "time": "2025-07-13T14:13:07.695234Z", "fetched_at": "2025-07-13T14:13:27.854082+00:00", "symbol": "ETH-USD"}, {"trade_id": 666246036, "side": "sell", "size": "0.08033314", "price": "2994.26000000", "time": "2025-07-13T14:13:07.630406Z", "fetched_at": "2025-07-13T14:13:27.854082+00:00", "symbol": "ETH-USD"}, {"trade_id": 666246035, "side": "sell", "size": "0.40000000", "price": "2994.20000000", "time": "2025-07-13T14:13:07.630406Z", "fetched_at": "2025-07-13T14:13:27.854082+00:00", "symbol": "ETH-USD"}, {"trade_id": 666246034, "side": "sell", "size": "0.20000000", "price": "2994.20000000", "time": "2025-07-13T14:13:07.630406Z", "fetched_at": "2025-07-13T14:13:27.854082+00:00", "symbol": "ETH-USD"}, {"trade_id": 666246033, "side": "sell", "size": "0.00100000", "price": "2994.20000000", "time": "2025-07-13T14:13:07.630406Z", "fetched_at": "2025-07-13T14:13:27.854082+00:00", "symbol": "ETH-USD"}, {"trade_id": 666246032, "side": "sell", "size": "0.15000000", "price": "2994.19000000", "time": "2025-07-13T14:13:07.630406Z", "fetched_at": "2025-07-13T14:13:27.854082+00:00", "symbol": "ETH-USD"}, {"trade_id": 666246031, "side": "sell", "size": "0.16699575", "price": "2994.09000000", "time": "2025-07-13T14:13:07.630406Z", "fetched_at": "2025-07-13T14:13:27.854082+00:00", "symbol": "ETH-USD"}, {"trade_id": 666246030, "side": "sell", "size": "0.00031001", "price": "2993.98000000", "time": "2025-07-13T14:13:07.630406Z", "fetched_at": "2025-07-13T14:13:27.854082+00:00", "symbol": "ETH-USD"}, {"trade_id": 666246029, "side": "sell", "size": "0.00005589", "price": "2993.98000000", "time": "2025-07-13T14:13:07.630406Z", "fetched_at": "2025-07-13T14:13:27.854082+00:00", "symbol": "ETH-USD"}, {"trade_id": 666246028, "side": "sell", "size": "0.00024003", "price": "2993.98000000", "time": "2025-07-13T14:13:07.630406Z", "fetched_at": "2025-07-13T14:13:27.854082+00:00", "symbol": "ETH-USD"}, {"trade_id": 666246027, "side": "sell", "size": "0.00006698", "price": "2993.98000000", "time": "2025-07-13T14:13:07.630406Z", "fetched_at": "2025-07-13T14:13:27.854082+00:00", "symbol": "ETH-USD"}, {"trade_id": 666246026, "side": "sell", "size": "0.00100000", "price": "2993.98000000", "time": "2025-07-13T14:13:07.630406Z", "fetched_at": "2025-07-13T14:13:27.854082+00:00", "symbol": "ETH-USD"}, {"trade_id": 666246025, "side": "sell", "size": "0.83505264", "price": "2993.83000000", "time": "2025-07-13T14:13:06.567505Z", "fetched_at": "2025-07-13T14:13:27.854082+00:00", "symbol": "ETH-USD"}, {"trade_id": 666246024, "side": "sell", "size": "0.16701127", "price": "2993.81000000", "time": "2025-07-13T14:13:06.567505Z", "fetched_at": "2025-07-13T14:13:27.854082+00:00", "symbol": "ETH-USD"}, {"trade_id": 666246023, "side": "sell", "size": "0.26579373", "price": "2993.80000000", "time": "2025-07-13T14:13:06.567505Z", "fetched_at": "2025-07-13T14:13:27.854082+00:00", "symbol": "ETH-USD"}, {"trade_id": 666246022, "side": "sell", "size": "0.26234148", "price": "2993.78000000", "time": "2025-07-13T14:13:06.566094Z", "fetched_at": "2025-07-13T14:13:27.854082+00:00", "symbol": "ETH-USD"}, {"trade_id": 666246021, "side": "sell", "size": "0.00100000", "price": "2993.76000000", "time": "2025-07-13T14:13:06.566094Z", "fetched_at": "2025-07-13T14:13:27.854082+00:00", "symbol": "ETH-USD"}, {"trade_id": 666246020, "side": "sell", "size": "0.18298896", "price": "2993.58000000", "time": "2025-07-13T14:13:06.564926Z", "fetched_at": "2025-07-13T14:13:27.854082+00:00", "symbol": "ETH-USD"}, {"trade_id": 666246019, "side": "sell", "size": "0.01701000", "price": "2993.58000000", "time": "2025-07-13T14:13:06.563235Z", "fetched_at": "2025-07-13T14:13:27.854082+00:00", "symbol": "ETH-USD"}, {"trade_id": 666246018, "side": "sell", "size": "0.00100000", "price": "2993.54000000", "time": "2025-07-13T14:13:06.563167Z", "fetched_at": "2025-07-13T14:13:27.854082+00:00", "symbol": "ETH-USD"}, {"trade_id": 666246017, "side": "sell", "size": "0.00169924", "price": "2993.53000000", "time": "2025-07-13T14:13:06.563167Z", "fetched_at": "2025-07-13T14:13:27.854082+00:00", "symbol": "ETH-USD"}, {"trade_id": 666246016, "side": "sell", "size": "0.00031000", "price": "2993.31000000", "time": "2025-07-13T14:13:06.563167Z", "fetched_at": "2025-07-13T14:13:27.854082+00:00", "symbol": "ETH-USD"}, {"trade_id": 666246015, "side": "sell", "size": "0.00005589", "price": "2993.31000000", "time": "2025-07-13T14:13:06.563167Z", "fetched_at": "2025-07-13T14:13:27.854082+00:00", "symbol": "ETH-USD"}, {"trade_id": 666246014, "side": "sell", "size": "0.00010334", "price": "2993.31000000", "time": "2025-07-13T14:13:06.563167Z", "fetched_at": "2025-07-13T14:13:27.854082+00:00", "symbol": "ETH-USD"}, {"trade_id": 666246013, "side": "sell", "size": "0.00024001", "price": "2993.31000000", "time": "2025-07-13T14:13:06.563167Z", "fetched_at": "2025-07-13T14:13:27.854082+00:00", "symbol": "ETH-USD"}, {"trade_id": 666246012, "side": "sell", "size": "0.01576430", "price": "2993.46000000", "time": "2025-07-13T14:13:04.044011Z", "fetched_at": "2025-07-13T14:13:27.854082+00:00", "symbol": "ETH-USD"}, {"trade_id": 666246011, "side": "sell", "size": "0.00024002", "price": "2993.33000000", "time": "2025-07-13T14:13:04.044011Z", "fetched_at": "2025-07-13T14:13:27.854082+00:00", "symbol": "ETH-USD"}, {"trade_id": 666246010, "side": "sell", "size": "0.00030999", "price": "2993.33000000", "time": "2025-07-13T14:13:04.044011Z", "fetched_at": "2025-07-13T14:13:27.854082+00:00", "symbol": "ETH-USD"}, {"trade_id": 666246009, "side": "sell", "size": "0.00005588", "price": "2993.33000000", "time": "2025-07-13T14:13:04.044011Z", "fetched_at": "2025-07-13T14:13:27.854082+00:00", "symbol": "ETH-USD"}, {"trade_id": 666246008, "side": "sell", "size": "0.00013582", "price": "2993.31000000", "time": "2025-07-13T14:13:04.044011Z", "fetched_at": "2025-07-13T14:13:27.854082+00:00", "symbol": "ETH-USD"}, {"trade_id": 666246007, "side": "buy", "size": "0.02143618", "price": "2993.07000000", "time": "2025-07-13T14:13:01.297747Z", "fetched_at": "2025-07-13T14:13:27.854082+00:00", "symbol": "ETH-USD"}, {"trade_id": 666246006, "side": "buy", "size": "0.00114128", "price": "2993.07000000", "time": "2025-07-13T14:13:01.297747Z", "fetched_at": "2025-07-13T14:13:27.854082+00:00", "symbol": "ETH-USD"}, {"trade_id": 666246005, "side": "buy", "size": "0.05730236", "price": "2993.07000000", "time": "2025-07-13T14:13:01.297747Z", "fetched_at": "2025-07-13T14:13:27.854082+00:00", "symbol": "ETH-USD"}, {"trade_id": 666246004, "side": "buy", "size": "0.02518508", "price": "2992.52000000", "time": "2025-07-13T14:13:01.099288Z", "fetched_at": "2025-07-13T14:13:27.854082+00:00", "symbol": "ETH-USD"}, {"trade_id": 666246003, "side": "buy", "size": "0.38863457", "price": "2992.58000000", "time": "2025-07-13T14:13:01.099288Z", "fetched_at": "2025-07-13T14:13:27.854082+00:00", "symbol": "ETH-USD"}, {"trade_id": 666246002, "side": "buy", "size": "0.83539435", "price": "2992.59000000", "time": "2025-07-13T14:13:01.099288Z", "fetched_at": "2025-07-13T14:13:27.854082+00:00", "symbol": "ETH-USD"}, {"trade_id": 666246001, "side": "buy", "size": "0.16707869", "price": "2992.60000000", "time": "2025-07-13T14:13:01.099288Z", "fetched_at": "2025-07-13T14:13:27.854082+00:00", "symbol": "ETH-USD"}, {"trade_id": 666246000, "side": "buy", "size": "0.57789504", "price": "2992.60000000", "time": "2025-07-13T14:13:01.099288Z", "fetched_at": "2025-07-13T14:13:27.854082+00:00", "symbol": "ETH-USD"}, {"trade_id": 666245999, "side": "buy", "size": "0.73047272", "price": "2992.61000000", "time": "2025-07-13T14:13:01.099288Z", "fetched_at": "2025-07-13T14:13:27.854082+00:00", "symbol": "ETH-USD"}, {"trade_id": 666245998, "side": "buy", "size": "0.22843658", "price": "2992.62000000", "time": "2025-07-13T14:13:01.099288Z", "fetched_at": "2025-07-13T14:13:27.854082+00:00", "symbol": "ETH-USD"}, {"trade_id": 666245997, "side": "buy", "size": "0.05036969", "price": "2992.62000000", "time": "2025-07-13T14:13:01.099288Z", "fetched_at": "2025-07-13T14:13:27.854082+00:00", "symbol": "ETH-USD"}, {"trade_id": 666245996, "side": "buy", "size": "0.33596668", "price": "2992.63000000", "time": "2025-07-13T14:13:01.099288Z", "fetched_at": "2025-07-13T14:13:27.854082+00:00", "symbol": "ETH-USD"}, {"trade_id": 666245995, "side": "buy", "size": "1.44620207", "price": "2992.64000000", "time": "2025-07-13T14:13:01.099288Z", "fetched_at": "2025-07-13T14:13:27.854082+00:00", "symbol": "ETH-USD"}, {"trade_id": 666245994, "side": "buy", "size": "1.88339911", "price": "2992.64000000", "time": "2025-07-13T14:13:01.099288Z", "fetched_at": "2025-07-13T14:13:27.854082+00:00", "symbol": "ETH-USD"}, {"trade_id": 666245993, "side": "buy", "size": "4.75483720", "price": "2992.65000000", "time": "2025-07-13T14:13:01.099288Z", "fetched_at": "2025-07-13T14:13:27.854082+00:00", "symbol": "ETH-USD"}, {"trade_id": 666245992, "side": "buy", "size": "0.37183324", "price": "2992.66000000", "time": "2025-07-13T14:13:01.099288Z", "fetched_at": "2025-07-13T14:13:27.854082+00:00", "symbol": "ETH-USD"}, {"trade_id": 666245991, "side": "buy", "size": "0.65509937", "price": "2992.68000000", "time": "2025-07-13T14:13:01.099288Z", "fetched_at": "2025-07-13T14:13:27.854082+00:00", "symbol": "ETH-USD"}, {"trade_id": 666245990, "side": "buy", "size": "0.32387139", "price": "2992.73000000", "time": "2025-07-13T14:13:01.099288Z", "fetched_at": "2025-07-13T14:13:27.854082+00:00", "symbol": "ETH-USD"}, {"trade_id": 666245989, "side": "buy", "size": "0.00001336", "price": "2992.74000000", "time": "2025-07-13T14:13:01.099288Z", "fetched_at": "2025-07-13T14:13:27.854082+00:00", "symbol": "ETH-USD"}, {"trade_id": 666245988, "side": "buy", "size": "0.45900000", "price": "2992.77000000", "time": "2025-07-13T14:13:01.099288Z", "fetched_at": "2025-07-13T14:13:27.854082+00:00", "symbol": "ETH-USD"}, {"trade_id": 666245987, "side": "buy", "size": "0.00193466", "price": "2992.77000000", "time": "2025-07-13T14:13:01.099288Z", "fetched_at": "2025-07-13T14:13:27.854082+00:00", "symbol": "ETH-USD"}, {"trade_id": 666245986, "side": "buy", "size": "0.00027124", "price": "2992.77000000", "time": "2025-07-13T14:13:01.099288Z", "fetched_at": "2025-07-13T14:13:27.854082+00:00", "symbol": "ETH-USD"}, {"trade_id": 666245985, "side": "buy", "size": "2.76917842", "price": "2992.78000000", "time": "2025-07-13T14:13:01.099288Z", "fetched_at": "2025-07-13T14:13:27.854082+00:00", "symbol": "ETH-USD"}, {"trade_id": 666245984, "side": "buy", "size": "0.66979118", "price": "2992.78000000", "time": "2025-07-13T14:13:01.099288Z", "fetched_at": "2025-07-13T14:13:27.854082+00:00", "symbol": "ETH-USD"}, {"trade_id": 666245983, "side": "buy", "size": "0.15000000", "price": "2992.79000000", "time": "2025-07-13T14:13:01.099288Z", "fetched_at": "2025-07-13T14:13:27.854082+00:00", "symbol": "ETH-USD"}, {"trade_id": 666245982, "side": "buy", "size": "0.31257416", "price": "2992.79000000", "time": "2025-07-13T14:13:01.099288Z", "fetched_at": "2025-07-13T14:13:27.854082+00:00", "symbol": "ETH-USD"}, {"trade_id": 666245981, "side": "buy", "size": "0.08128257", "price": "2992.80000000", "time": "2025-07-13T14:13:01.099288Z", "fetched_at": "2025-07-13T14:13:27.854082+00:00", "symbol": "ETH-USD"}, {"trade_id": 666245980, "side": "buy", "size": "0.00336053", "price": "2992.81000000", "time": "2025-07-13T14:13:01.099288Z", "fetched_at": "2025-07-13T14:13:27.854082+00:00", "symbol": "ETH-USD"}, {"trade_id": 666245979, "side": "buy", "size": "0.01672541", "price": "2993.05000000", "time": "2025-07-13T14:13:01.099288Z", "fetched_at": "2025-07-13T14:13:27.854082+00:00", "symbol": "ETH-USD"}, {"trade_id": 666245978, "side": "buy", "size": "0.00129633", "price": "2993.05000000", "time": "2025-07-13T14:13:01.099288Z", "fetched_at": "2025-07-13T14:13:27.854082+00:00", "symbol": "ETH-USD"}, {"trade_id": 666245977, "side": "buy", "size": "0.00001002", "price": "2993.07000000", "time": "2025-07-13T14:13:01.099288Z", "fetched_at": "2025-07-13T14:13:27.854082+00:00", "symbol": "ETH-USD"}, {"trade_id": 666245976, "side": "buy", "size": "0.04372767", "price": "2993.07000000", "time": "2025-07-13T14:13:01.099288Z", "fetched_at": "2025-07-13T14:13:27.854082+00:00", "symbol": "ETH-USD"}, {"trade_id": 666245975, "side": "sell", "size": "0.01426339", "price": "2993.21000000", "time": "2025-07-13T14:12:59.924374Z", "fetched_at": "2025-07-13T14:13:27.854082+00:00", "symbol": "ETH-USD"}, {"trade_id": 666245974, "side": "sell", "size": "0.16703315", "price": "2993.42000000", "time": "2025-07-13T14:12:57.000832Z", "fetched_at": "2025-07-13T14:13:27.854082+00:00", "symbol": "ETH-USD"}, {"trade_id": 666245973, "side": "sell", "size": "0.00100000", "price": "2993.32000000", "time": "2025-07-13T14:12:57.000832Z", "fetched_at": "2025-07-13T14:13:27.854082+00:00", "symbol": "ETH-USD"}, {"trade_id": 666245972, "side": "sell", "size": "0.11132727", "price": "2993.30000000", "time": "2025-07-13T14:12:57.000832Z", "fetched_at": "2025-07-13T14:13:27.854082+00:00", "symbol": "ETH-USD"}, {"trade_id": 666245971, "side": "sell", "size": "0.00100000", "price": "2993.10000000", "time": "2025-07-13T14:12:57.000832Z", "fetched_at": "2025-07-13T14:13:27.854082+00:00", "symbol": "ETH-USD"}, {"trade_id": 666245970, "side": "sell", "size": "0.00277973", "price": "2993.09000000", "time": "2025-07-13T14:12:57.000832Z", "fetched_at": "2025-07-13T14:13:27.854082+00:00", "symbol": "ETH-USD"}, {"trade_id": 666245969, "side": "sell", "size": "0.00048004", "price": "2993.06000000", "time": "2025-07-13T14:12:57.000832Z", "fetched_at": "2025-07-13T14:13:27.854082+00:00", "symbol": "ETH-USD"}, {"trade_id": 666245968, "side": "sell", "size": "0.00061999", "price": "2993.06000000", "time": "2025-07-13T14:12:57.000832Z", "fetched_at": "2025-07-13T14:13:27.854082+00:00", "symbol": "ETH-USD"}, {"trade_id": 666245967, "side": "sell", "size": "0.00014204", "price": "2993.06000000", "time": "2025-07-13T14:12:57.000832Z", "fetched_at": "2025-07-13T14:13:27.854082+00:00", "symbol": "ETH-USD"}, {"trade_id": 666245966, "side": "sell", "size": "0.01267394", "price": "2993.01000000", "time": "2025-07-13T14:12:53.626557Z", "fetched_at": "2025-07-13T14:13:27.854082+00:00", "symbol": "ETH-USD"}, {"trade_id": 666245965, "side": "buy", "size": "0.01782665", "price": "2992.64000000", "time": "2025-07-13T14:12:53.446534Z", "fetched_at": "2025-07-13T14:13:27.854082+00:00", "symbol": "ETH-USD"}, {"trade_id": 666245964, "side": "buy", "size": "0.00336071", "price": "2992.65000000", "time": "2025-07-13T14:12:53.446534Z", "fetched_at": "2025-07-13T14:13:27.854082+00:00", "symbol": "ETH-USD"}, {"trade_id": 666245963, "side": "sell", "size": "0.00314724", "price": "2993.06000000", "time": "2025-07-13T14:12:53.006609Z", "fetched_at": "2025-07-13T14:13:27.854082+00:00", "symbol": "ETH-USD"}, {"trade_id": 666245962, "side": "buy", "size": "0.14433391", "price": "2992.97000000", "time": "2025-07-13T14:12:52.506678Z", "fetched_at": "2025-07-13T14:13:27.854082+00:00", "symbol": "ETH-USD"}, {"trade_id": 666245961, "side": "buy", "size": "0.00087189", "price": "2992.98000000", "time": "2025-07-13T14:12:52.506678Z", "fetched_at": "2025-07-13T14:13:27.854082+00:00", "symbol": "ETH-USD"}, {"trade_id": 666245960, "side": "sell", "size": "0.00100000", "price": "2992.88000000", "time": "2025-07-13T14:12:52.268053Z", "fetched_at": "2025-07-13T14:13:27.854082+00:00", "symbol": "ETH-USD"}, {"trade_id": 666245959, "side": "sell", "size": "0.19998882", "price": "2992.85000000", "time": "2025-07-13T14:12:52.268053Z", "fetched_at": "2025-07-13T14:13:27.854082+00:00", "symbol": "ETH-USD"}, {"trade_id": 666245958, "side": "sell", "size": "0.19994084", "price": "2992.84000000", "time": "2025-07-13T14:12:52.268053Z", "fetched_at": "2025-07-13T14:13:27.854082+00:00", "symbol": "ETH-USD"}, {"trade_id": 666245957, "side": "sell", "size": "0.00007091", "price": "2992.66000000", "time": "2025-07-13T14:12:52.268053Z", "fetched_at": "2025-07-13T14:13:27.854082+00:00", "symbol": "ETH-USD"}, {"trade_id": 666245956, "side": "sell", "size": "0.00100000", "price": "2992.66000000", "time": "2025-07-13T14:12:52.268053Z", "fetched_at": "2025-07-13T14:13:27.854082+00:00", "symbol": "ETH-USD"}, {"trade_id": 666245955, "side": "sell", "size": "0.00100000", "price": "2992.44000000", "time": "2025-07-13T14:12:51.750841Z", "fetched_at": "2025-07-13T14:13:27.854082+00:00", "symbol": "ETH-USD"}, {"trade_id": 666245954, "side": "sell", "size": "0.00010000", "price": "2992.32000000", "time": "2025-07-13T14:12:51.750841Z", "fetched_at": "2025-07-13T14:13:27.854082+00:00", "symbol": "ETH-USD"}, {"trade_id": 666245953, "side": "sell", "size": "0.00062004", "price": "2992.23000000", "time": "2025-07-13T14:12:51.750841Z", "fetched_at": "2025-07-13T14:13:27.854082+00:00", "symbol": "ETH-USD"}, {"trade_id": 666245952, "side": "sell", "size": "0.00005588", "price": "2992.19000000", "time": "2025-07-13T14:12:51.750841Z", "fetched_at": "2025-07-13T14:13:27.854082+00:00", "symbol": "ETH-USD"}, {"trade_id": 666245951, "side": "sell", "size": "0.00031474", "price": "2992.19000000", "time": "2025-07-13T14:12:51.750841Z", "fetched_at": "2025-07-13T14:13:27.854082+00:00", "symbol": "ETH-USD"}, {"trade_id": 666245950, "side": "sell", "size": "0.00018065", "price": "2992.18000000", "time": "2025-07-13T14:12:51.750841Z", "fetched_at": "2025-07-13T14:13:27.854082+00:00", "symbol": "ETH-USD"}, {"trade_id": 666245949, "side": "buy", "size": "0.10127885", "price": "2992.17000000", "time": "2025-07-13T14:12:51.352103Z", "fetched_at": "2025-07-13T14:13:27.854082+00:00", "symbol": "ETH-USD"}, {"trade_id": 666245948, "side": "buy", "size": "0.00278594", "price": "2992.17000000", "time": "2025-07-13T14:12:51.296053Z", "fetched_at": "2025-07-13T14:13:27.854082+00:00", "symbol": "ETH-USD"}, {"trade_id": 666245947, "side": "buy", "size": "0.70482043", "price": "2992.17000000", "time": "2025-07-13T14:12:51.296053Z", "fetched_at": "2025-07-13T14:13:27.854082+00:00", "symbol": "ETH-USD"}, {"trade_id": 666245946, "side": "buy", "size": "0.00012957", "price": "2992.17000000", "time": "2025-07-13T14:12:51.057753Z", "fetched_at": "2025-07-13T14:13:27.854082+00:00", "symbol": "ETH-USD"}, {"trade_id": 666245945, "side": "sell", "size": "0.00016529", "price": "2992.19000000", "time": "2025-07-13T14:12:50.419267Z", "fetched_at": "2025-07-13T14:13:27.854082+00:00", "symbol": "ETH-USD"}, {"trade_id": 666245944, "side": "sell", "size": "0.00010334", "price": "2992.18000000", "time": "2025-07-13T14:12:50.419267Z", "fetched_at": "2025-07-13T14:13:27.854082+00:00", "symbol": "ETH-USD"}, {"trade_id": 666245943, "side": "buy", "size": "0.00084673", "price": "2991.85000000", "time": "2025-07-13T14:12:48.444524Z", "fetched_at": "2025-07-13T14:13:27.854082+00:00", "symbol": "ETH-USD"}, {"trade_id": 666245942, "side": "buy", "size": "0.00000668", "price": "2991.85000000", "time": "2025-07-13T14:12:48.444524Z", "fetched_at": "2025-07-13T14:13:27.854082+00:00", "symbol": "ETH-USD"}, {"trade_id": 666245941, "side": "sell", "size": "0.00747735", "price": "2992.17000000", "time": "2025-07-13T14:12:48.093324Z", "fetched_at": "2025-07-13T14:13:27.854082+00:00", "symbol": "ETH-USD"}, {"trade_id": 666245940, "side": "sell", "size": "0.00044709", "price": "2992.16000000", "time": "2025-07-13T14:12:48.093324Z", "fetched_at": "2025-07-13T14:13:27.854082+00:00", "symbol": "ETH-USD"}, {"trade_id": 666245939, "side": "buy", "size": "0.17122721", "price": "2991.84000000", "time": "2025-07-13T14:12:47.799944Z", "fetched_at": "2025-07-13T14:13:27.854082+00:00", "symbol": "ETH-USD"}, {"trade_id": 666245938, "side": "buy", "size": "0.00336160", "price": "2991.85000000", "time": "2025-07-13T14:12:47.799944Z", "fetched_at": "2025-07-13T14:13:27.854082+00:00", "symbol": "ETH-USD"}, {"trade_id": 666245937, "side": "buy", "size": "0.00100000", "price": "2992.00000000", "time": "2025-07-13T14:12:47.799944Z", "fetched_at": "2025-07-13T14:13:27.854082+00:00", "symbol": "ETH-USD"}, {"trade_id": 666245936, "side": "buy", "size": "0.00001336", "price": "2992.22000000", "time": "2025-07-13T14:12:47.770046Z", "fetched_at": "2025-07-13T14:13:27.854082+00:00", "symbol": "ETH-USD"}, {"trade_id": 666245935, "side": "buy", "size": "0.00188329", "price": "2992.22000000", "time": "2025-07-13T14:12:47.770046Z", "fetched_at": "2025-07-13T14:13:27.854082+00:00", "symbol": "ETH-USD"}, {"trade_id": 666245934, "side": "buy", "size": "0.00100000", "price": "2992.22000000", "time": "2025-07-13T14:12:47.770046Z", "fetched_at": "2025-07-13T14:13:27.854082+00:00", "symbol": "ETH-USD"}, {"trade_id": 666245933, "side": "buy", "size": "0.00000668", "price": "2992.31000000", "time": "2025-07-13T14:12:46.922367Z", "fetched_at": "2025-07-13T14:13:27.854082+00:00", "symbol": "ETH-USD"}, {"trade_id": 666245932, "side": "buy", "size": "0.04516911", "price": "2992.31000000", "time": "2025-07-13T14:12:46.922367Z", "fetched_at": "2025-07-13T14:13:27.854082+00:00", "symbol": "ETH-USD"}, {"trade_id": 666245931, "side": "buy", "size": "0.05251054", "price": "2992.31000000", "time": "2025-07-13T14:12:46.922367Z", "fetched_at": "2025-07-13T14:13:27.854082+00:00", "symbol": "ETH-USD"}, {"trade_id": 666245930, "side": "sell", "size": "0.00029253", "price": "2992.32000000", "time": "2025-07-13T14:12:46.779653Z", "fetched_at": "2025-07-13T14:13:27.854082+00:00", "symbol": "ETH-USD"}, {"trade_id": 666245929, "side": "buy", "size": "0.01846354", "price": "2992.31000000", "time": "2025-07-13T14:12:46.547459Z", "fetched_at": "2025-07-13T14:13:27.854082+00:00", "symbol": "ETH-USD"}, {"trade_id": 666245928, "side": "sell", "size": "0.22024403", "price": "2992.32000000", "time": "2025-07-13T14:12:46.483883Z", "fetched_at": "2025-07-13T14:13:27.854082+00:00", "symbol": "ETH-USD"}, {"trade_id": 666245927, "side": "sell", "size": "0.15000000", "price": "2992.32000000", "time": "2025-07-13T14:12:46.483883Z", "fetched_at": "2025-07-13T14:13:27.854082+00:00", "symbol": "ETH-USD"}, {"trade_id": 666245926, "side": "buy", "size": "0.01772800", "price": "2992.44000000", "time": "2025-07-13T14:12:46.243405Z", "fetched_at": "2025-07-13T14:13:27.854082+00:00", "symbol": "ETH-USD"}, {"trade_id": 666245925, "side": "buy", "size": "0.00100000", "price": "2992.44000000", "time": "2025-07-13T14:12:46.243405Z", "fetched_at": "2025-07-13T14:13:27.854082+00:00", "symbol": "ETH-USD"}, {"trade_id": 666245924, "side": "buy", "size": "0.00345537", "price": "2992.44000000", "time": "2025-07-13T14:12:46.243405Z", "fetched_at": "2025-07-13T14:13:27.854082+00:00", "symbol": "ETH-USD"}, {"trade_id": 666245923, "side": "buy", "size": "0.01502118", "price": "2992.44000000", "time": "2025-07-13T14:12:46.243405Z", "fetched_at": "2025-07-13T14:13:27.854082+00:00", "symbol": "ETH-USD"}, {"trade_id": 666245922, "side": "buy", "size": "0.00047081", "price": "2992.44000000", "time": "2025-07-13T14:12:46.243405Z", "fetched_at": "2025-07-13T14:13:27.854082+00:00", "symbol": "ETH-USD"}, {"trade_id": 666245921, "side": "sell", "size": "0.02197163", "price": "2992.58000000", "time": "2025-07-13T14:12:45.851478Z", "fetched_at": "2025-07-13T14:13:27.854082+00:00", "symbol": "ETH-USD"}, {"trade_id": 666245920, "side": "sell", "size": "0.00043564", "price": "2992.58000000", "time": "2025-07-13T14:12:45.851478Z", "fetched_at": "2025-07-13T14:13:27.854082+00:00", "symbol": "ETH-USD"}, {"trade_id": 666245919, "side": "buy", "size": "0.04286984", "price": "2992.78000000", "time": "2025-07-13T14:12:44.410985Z", "fetched_at": "2025-07-13T14:13:27.854082+00:00", "symbol": "ETH-USD"}, {"trade_id": 666245918, "side": "buy", "size": "0.01072574", "price": "2992.80000000", "time": "2025-07-13T14:12:44.401051Z", "fetched_at": "2025-07-13T14:13:27.854082+00:00", "symbol": "ETH-USD"}, {"trade_id": 666245917, "side": "buy", "size": "0.02857858", "price": "2992.80000000", "time": "2025-07-13T14:12:44.401051Z", "fetched_at": "2025-07-13T14:13:27.854082+00:00", "symbol": "ETH-USD"}, {"trade_id": 666245916, "side": "buy", "size": "0.01722801", "price": "2992.80000000", "time": "2025-07-13T14:12:44.401051Z", "fetched_at": "2025-07-13T14:13:27.854082+00:00", "symbol": "ETH-USD"}, {"trade_id": 666245915, "side": "buy", "size": "0.60000000", "price": "2992.96000000", "time": "2025-07-13T14:12:44.373637Z", "fetched_at": "2025-07-13T14:13:27.854082+00:00", "symbol": "ETH-USD"}, {"trade_id": 666245914, "side": "buy", "size": "0.00336032", "price": "2992.99000000", "time": "2025-07-13T14:12:44.369134Z", "fetched_at": "2025-07-13T14:13:27.854082+00:00", "symbol": "ETH-USD"}, {"trade_id": 666245913, "side": "buy", "size": "0.00001362", "price": "2993.08000000", "time": "2025-07-13T14:12:44.365003Z", "fetched_at": "2025-07-13T14:13:27.854082+00:00", "symbol": "ETH-USD"}, {"trade_id": 666245912, "side": "buy", "size": "0.00491107", "price": "2993.08000000", "time": "2025-07-13T14:12:44.363648Z", "fetched_at": "2025-07-13T14:13:27.854082+00:00", "symbol": "ETH-USD"}, {"trade_id": 666245911, "side": "buy", "size": "0.02524823", "price": "2993.08000000", "time": "2025-07-13T14:12:44.363648Z", "fetched_at": "2025-07-13T14:13:27.854082+00:00", "symbol": "ETH-USD"}, {"trade_id": 666245910, "side": "buy", "size": "0.00753070", "price": "2993.08000000", "time": "2025-07-13T14:12:44.363648Z", "fetched_at": "2025-07-13T14:13:27.854082+00:00", "symbol": "ETH-USD"}, {"trade_id": 666245909, "side": "buy", "size": "0.02024860", "price": "2993.08000000", "time": "2025-07-13T14:12:42.960715Z", "fetched_at": "2025-07-13T14:13:27.854082+00:00", "symbol": "ETH-USD"}, {"trade_id": 666245908, "side": "buy", "size": "0.05046224", "price": "2993.07000000", "time": "2025-07-13T14:12:41.680563Z", "fetched_at": "2025-07-13T14:13:27.854082+00:00", "symbol": "ETH-USD"}, {"trade_id": 666245907, "side": "buy", "size": "0.00302905", "price": "2993.08000000", "time": "2025-07-13T14:12:41.680563Z", "fetched_at": "2025-07-13T14:13:27.854082+00:00", "symbol": "ETH-USD"}, {"trade_id": 666245906, "side": "buy", "size": "0.02065430", "price": "2993.08000000", "time": "2025-07-13T14:12:41.680563Z", "fetched_at": "2025-07-13T14:13:27.854082+00:00", "symbol": "ETH-USD"}, {"trade_id": 666245905, "side": "buy", "size": "0.04786708", "price": "2993.08000000", "time": "2025-07-13T14:12:41.680563Z", "fetched_at": "2025-07-13T14:13:27.854082+00:00", "symbol": "ETH-USD"}, {"trade_id": 666245904, "side": "buy", "size": "0.00002004", "price": "2993.08000000", "time": "2025-07-13T14:12:41.680563Z", "fetched_at": "2025-07-13T14:13:27.854082+00:00", "symbol": "ETH-USD"}, {"trade_id": 666245903, "side": "buy", "size": "0.01401900", "price": "2993.08000000", "time": "2025-07-13T14:12:41.680563Z", "fetched_at": "2025-07-13T14:13:27.854082+00:00", "symbol": "ETH-USD"}, {"trade_id": 666245902, "side": "buy", "size": "0.02929423", "price": "2993.08000000", "time": "2025-07-13T14:12:41.680563Z", "fetched_at": "2025-07-13T14:13:27.854082+00:00", "symbol": "ETH-USD"}, {"trade_id": 666245901, "side": "buy", "size": "0.65509937", "price": "2993.08000000", "time": "2025-07-13T14:12:41.680563Z", "fetched_at": "2025-07-13T14:13:27.854082+00:00", "symbol": "ETH-USD"}, {"trade_id": 666245900, "side": "buy", "size": "0.00535568", "price": "2993.08000000", "time": "2025-07-13T14:12:41.680563Z", "fetched_at": "2025-07-13T14:13:27.854082+00:00", "symbol": "ETH-USD"}, {"trade_id": 666245899, "side": "buy", "size": "0.01427960", "price": "2993.08000000", "time": "2025-07-13T14:12:41.680563Z", "fetched_at": "2025-07-13T14:13:27.854082+00:00", "symbol": "ETH-USD"}, {"trade_id": 666245898, "side": "buy", "size": "0.15000000", "price": "2993.08000000", "time": "2025-07-13T14:12:41.680563Z", "fetched_at": "2025-07-13T14:13:27.854082+00:00", "symbol": "ETH-USD"}, {"trade_id": 666245897, "side": "sell", "size": "0.08763750", "price": "2993.17000000", "time": "2025-07-13T14:12:35.747693Z", "fetched_at": "2025-07-13T14:13:27.854082+00:00", "symbol": "ETH-USD"}, {"trade_id": 666245896, "side": "sell", "size": "0.46053160", "price": "2993.13000000", "time": "2025-07-13T14:12:35.747693Z", "fetched_at": "2025-07-13T14:13:27.854082+00:00", "symbol": "ETH-USD"}, {"trade_id": 666245895, "side": "sell", "size": "0.00100000", "price": "2993.10000000", "time": "2025-07-13T14:12:35.747693Z", "fetched_at": "2025-07-13T14:13:27.854082+00:00", "symbol": "ETH-USD"}, {"trade_id": 666245894, "side": "sell", "size": "0.45083090", "price": "2992.88000000", "time": "2025-07-13T14:12:35.747693Z", "fetched_at": "2025-07-13T14:13:27.854082+00:00", "symbol": "ETH-USD"}, {"trade_id": 666245893, "side": "sell", "size": "0.02546502", "price": "2992.91000000", "time": "2025-07-13T14:12:34.672823Z", "fetched_at": "2025-07-13T14:13:27.854082+00:00", "symbol": "ETH-USD"}, {"trade_id": 666245892, "side": "sell", "size": "0.00100000", "price": "2992.88000000", "time": "2025-07-13T14:12:34.672823Z", "fetched_at": "2025-07-13T14:13:27.854082+00:00", "symbol": "ETH-USD"}, {"trade_id": 666245891, "side": "sell", "size": "0.01791332", "price": "2992.85000000", "time": "2025-07-13T14:12:34.626125Z", "fetched_at": "2025-07-13T14:13:27.854082+00:00", "symbol": "ETH-USD"}, {"trade_id": 666245890, "side": "sell", "size": "0.00050137", "price": "2992.74000000", "time": "2025-07-13T14:12:34.626125Z", "fetched_at": "2025-07-13T14:13:27.854082+00:00", "symbol": "ETH-USD"}, {"trade_id": 666245889, "side": "sell", "size": "0.00100000", "price": "2992.66000000", "time": "2025-07-13T14:12:34.626125Z", "fetched_at": "2025-07-13T14:13:27.854082+00:00", "symbol": "ETH-USD"}, {"trade_id": 666245888, "side": "sell", "size": "0.00100000", "price": "2992.44000000", "time": "2025-07-13T14:12:34.626125Z", "fetched_at": "2025-07-13T14:13:27.854082+00:00", "symbol": "ETH-USD"}, {"trade_id": 666245887, "side": "sell", "size": "0.00002604", "price": "2992.22000000", "time": "2025-07-13T14:12:34.626125Z", "fetched_at": "2025-07-13T14:13:27.854082+00:00", "symbol": "ETH-USD"}, {"trade_id": 666245886, "side": "sell", "size": "0.00100000", "price": "2992.22000000", "time": "2025-07-13T14:12:34.626125Z", "fetched_at": "2025-07-13T14:13:27.854082+00:00", "symbol": "ETH-USD"}, {"trade_id": 666245885, "side": "sell", "size": "0.00031006", "price": "2992.00000000", "time": "2025-07-13T14:12:34.579740Z", "fetched_at": "2025-07-13T14:13:27.854082+00:00", "symbol": "ETH-USD"}, {"trade_id": 666245884, "side": "sell", "size": "0.00002564", "price": "2992.00000000", "time": "2025-07-13T14:12:34.579740Z", "fetched_at": "2025-07-13T14:13:27.854082+00:00", "symbol": "ETH-USD"}, {"trade_id": 666245883, "side": "sell", "size": "0.00100000", "price": "2992.00000000", "time": "2025-07-13T14:12:34.579740Z", "fetched_at": "2025-07-13T14:13:27.854082+00:00", "symbol": "ETH-USD"}, {"trade_id": 666245882, "side": "sell", "size": "0.00013588", "price": "2991.75000000", "time": "2025-07-13T14:12:32.708959Z", "fetched_at": "2025-07-13T14:13:27.854082+00:00", "symbol": "ETH-USD"}, {"trade_id": 666245881, "side": "sell", "size": "0.00024001", "price": "2991.75000000", "time": "2025-07-13T14:12:32.708959Z", "fetched_at": "2025-07-13T14:13:27.854082+00:00", "symbol": "ETH-USD"}, {"trade_id": 666245880, "side": "sell", "size": "0.00031000", "price": "2991.75000000", "time": "2025-07-13T14:12:32.708959Z", "fetched_at": "2025-07-13T14:13:27.854082+00:00", "symbol": "ETH-USD"}, {"trade_id": 666245879, "side": "sell", "size": "0.00020669", "price": "2991.75000000", "time": "2025-07-13T14:12:32.708959Z", "fetched_at": "2025-07-13T14:13:27.854082+00:00", "symbol": "ETH-USD"}, {"trade_id": 666245878, "side": "buy", "size": "0.00868574", "price": "2991.74000000", "time": "2025-07-13T14:12:32.411898Z", "fetched_at": "2025-07-13T14:13:27.854082+00:00", "symbol": "ETH-USD"}, {"trade_id": 666245877, "side": "buy", "size": "0.02363292", "price": "2991.74000000", "time": "2025-07-13T14:12:31.590362Z", "fetched_at": "2025-07-13T14:13:27.854082+00:00", "symbol": "ETH-USD"}, {"trade_id": 666245876, "side": "sell", "size": "0.50000000", "price": "2991.61000000", "time": "2025-07-13T14:12:30.897341Z", "fetched_at": "2025-07-13T14:13:27.854082+00:00", "symbol": "ETH-USD"}, {"trade_id": 666245875, "side": "sell", "size": "0.00024001", "price": "2991.60000000", "time": "2025-07-13T14:12:30.897341Z", "fetched_at": "2025-07-13T14:13:27.854082+00:00", "symbol": "ETH-USD"}, {"trade_id": 666245874, "side": "sell", "size": "0.00031002", "price": "2991.60000000", "time": "2025-07-13T14:12:30.897341Z", "fetched_at": "2025-07-13T14:13:27.854082+00:00", "symbol": "ETH-USD"}, {"trade_id": 666245873, "side": "sell", "size": "0.00011177", "price": "2991.44000000", "time": "2025-07-13T14:12:30.897341Z", "fetched_at": "2025-07-13T14:13:27.854082+00:00", "symbol": "ETH-USD"}, {"trade_id": 666245872, "side": "sell", "size": "0.06340175", "price": "2991.35000000", "time": "2025-07-13T14:12:30.717295Z", "fetched_at": "2025-07-13T14:13:27.854082+00:00", "symbol": "ETH-USD"}, {"trade_id": 666245871, "side": "sell", "size": "0.04872270", "price": "2991.35000000", "time": "2025-07-13T14:12:30.296217Z", "fetched_at": "2025-07-13T14:13:27.854082+00:00", "symbol": "ETH-USD"}, {"trade_id": 666245870, "side": "sell", "size": "0.03246052", "price": "2991.35000000", "time": "2025-07-13T14:12:30.097261Z", "fetched_at": "2025-07-13T14:13:27.854082+00:00", "symbol": "ETH-USD"}, {"trade_id": 666245869, "side": "sell", "size": "0.00223516", "price": "2991.35000000", "time": "2025-07-13T14:12:29.604457Z", "fetched_at": "2025-07-13T14:13:27.854082+00:00", "symbol": "ETH-USD"}, {"trade_id": 666245868, "side": "buy", "size": "0.00238153", "price": "2991.15000000", "time": "2025-07-13T14:12:28.872085Z", "fetched_at": "2025-07-13T14:13:27.854082+00:00", "symbol": "ETH-USD"}, {"trade_id": 666245867, "side": "buy", "size": "0.00336238", "price": "2991.16000000", "time": "2025-07-13T14:12:28.872085Z", "fetched_at": "2025-07-13T14:13:27.854082+00:00", "symbol": "ETH-USD"}, {"trade_id": 666245866, "side": "buy", "size": "0.00100000", "price": "2991.34000000", "time": "2025-07-13T14:12:28.872085Z", "fetched_at": "2025-07-13T14:13:27.854082+00:00", "symbol": "ETH-USD"}, {"trade_id": 666245865, "side": "buy", "size": "0.00000334", "price": "2991.46000000", "time": "2025-07-13T14:12:28.872085Z", "fetched_at": "2025-07-13T14:13:27.854082+00:00", "symbol": "ETH-USD"}, {"trade_id": 666245864, "side": "buy", "size": "0.00000334", "price": "2991.46000000", "time": "2025-07-13T14:12:28.872085Z", "fetched_at": "2025-07-13T14:13:27.854082+00:00", "symbol": "ETH-USD"}, {"trade_id": 666245863, "side": "buy", "size": "0.00100000", "price": "2991.56000000", "time": "2025-07-13T14:12:28.832830Z", "fetched_at": "2025-07-13T14:13:27.854082+00:00", "symbol": "ETH-USD"}, {"trade_id": 666245862, "side": "buy", "size": "0.02064119", "price": "2991.59000000", "time": "2025-07-13T14:12:28.828931Z", "fetched_at": "2025-07-13T14:13:27.854082+00:00", "symbol": "ETH-USD"}, {"trade_id": 666245861, "side": "buy", "size": "0.04505965", "price": "2991.59000000", "time": "2025-07-13T14:12:28.828931Z", "fetched_at": "2025-07-13T14:13:27.854082+00:00", "symbol": "ETH-USD"}, {"trade_id": 666245860, "side": "buy", "size": "0.00000334", "price": "2991.59000000", "time": "2025-07-13T14:12:28.828931Z", "fetched_at": "2025-07-13T14:13:27.854082+00:00", "symbol": "ETH-USD"}, {"trade_id": 666245859, "side": "buy", "size": "0.00000668", "price": "2991.59000000", "time": "2025-07-13T14:12:28.828931Z", "fetched_at": "2025-07-13T14:13:27.854082+00:00", "symbol": "ETH-USD"}, {"trade_id": 666245858, "side": "buy", "size": "0.00094161", "price": "2991.59000000", "time": "2025-07-13T14:12:28.828931Z", "fetched_at": "2025-07-13T14:13:27.854082+00:00", "symbol": "ETH-USD"}, {"trade_id": 666245857, "side": "buy", "size": "8.52743755", "price": "2991.59000000", "time": "2025-07-13T14:12:28.828931Z", "fetched_at": "2025-07-13T14:13:27.854082+00:00", "symbol": "ETH-USD"}, {"trade_id": 666245856, "side": "buy", "size": "0.38185396", "price": "2991.59000000", "time": "2025-07-13T14:12:28.827422Z", "fetched_at": "2025-07-13T14:13:27.854082+00:00", "symbol": "ETH-USD"}, {"trade_id": 666245855, "side": "buy", "size": "0.70011994", "price": "2991.59000000", "time": "2025-07-13T14:12:28.827389Z", "fetched_at": "2025-07-13T14:13:27.854082+00:00", "symbol": "ETH-USD"}, {"trade_id": 666245854, "side": "buy", "size": "0.40198076", "price": "2991.59000000", "time": "2025-07-13T14:12:28.827200Z", "fetched_at": "2025-07-13T14:13:27.854082+00:00", "symbol": "ETH-USD"}, {"trade_id": 666245853, "side": "buy", "size": "0.21356664", "price": "2991.59000000", "time": "2025-07-13T14:12:28.826969Z", "fetched_at": "2025-07-13T14:13:27.854082+00:00", "symbol": "ETH-USD"}, {"trade_id": 666245852, "side": "buy", "size": "0.20299019", "price": "2991.59000000", "time": "2025-07-13T14:12:28.750384Z", "fetched_at": "2025-07-13T14:13:27.854082+00:00", "symbol": "ETH-USD"}, {"trade_id": 666245851, "side": "buy", "size": "1.06210220", "price": "2991.59000000", "time": "2025-07-13T14:12:28.738224Z", "fetched_at": "2025-07-13T14:13:27.854082+00:00", "symbol": "ETH-USD"}, {"trade_id": 666245850, "side": "buy", "size": "2.08028174", "price": "2991.59000000", "time": "2025-07-13T14:12:28.674910Z", "fetched_at": "2025-07-13T14:13:27.854082+00:00", "symbol": "ETH-USD"}, {"trade_id": 666245849, "side": "buy", "size": "1.14836543", "price": "2991.59000000", "time": "2025-07-13T14:12:28.637844Z", "fetched_at": "2025-07-13T14:13:27.854082+00:00", "symbol": "ETH-USD"}, {"trade_id": 666245848, "side": "buy", "size": "0.54218863", "price": "2991.59000000", "time": "2025-07-13T14:12:28.531662Z", "fetched_at": "2025-07-13T14:13:27.854082+00:00", "symbol": "ETH-USD"}, {"trade_id": 666245847, "side": "buy", "size": "0.21095077", "price": "2991.59000000", "time": "2025-07-13T14:12:28.443576Z", "fetched_at": "2025-07-13T14:13:27.854082+00:00", "symbol": "ETH-USD"}, {"trade_id": 666245846, "side": "buy", "size": "0.17351503", "price": "2991.59000000", "time": "2025-07-13T14:12:28.431437Z", "fetched_at": "2025-07-13T14:13:27.854082+00:00", "symbol": "ETH-USD"}, {"trade_id": 666245845, "side": "buy", "size": "0.47788164", "price": "2991.59000000", "time": "2025-07-13T14:12:28.428152Z", "fetched_at": "2025-07-13T14:13:27.854082+00:00", "symbol": "ETH-USD"}, {"trade_id": 666245844, "side": "buy", "size": "1.08849024", "price": "2991.59000000", "time": "2025-07-13T14:12:28.417185Z", "fetched_at": "2025-07-13T14:13:27.854082+00:00", "symbol": "ETH-USD"}, {"trade_id": 666245843, "side": "buy", "size": "0.14052908", "price": "2991.59000000", "time": "2025-07-13T14:12:28.416748Z", "fetched_at": "2025-07-13T14:13:27.854082+00:00", "symbol": "ETH-USD"}, {"trade_id": 666245842, "side": "buy", "size": "0.52930187", "price": "2991.59000000", "time": "2025-07-13T14:12:28.406590Z", "fetched_at": "2025-07-13T14:13:27.854082+00:00", "symbol": "ETH-USD"}, {"trade_id": 666245841, "side": "buy", "size": "0.36627252", "price": "2991.59000000", "time": "2025-07-13T14:12:28.384370Z", "fetched_at": "2025-07-13T14:13:27.854082+00:00", "symbol": "ETH-USD"}, {"trade_id": 666245840, "side": "buy", "size": "0.97758587", "price": "2991.59000000", "time": "2025-07-13T14:12:28.338847Z", "fetched_at": "2025-07-13T14:13:27.854082+00:00", "symbol": "ETH-USD"}, {"trade_id": 666245839, "side": "buy", "size": "4.72874831", "price": "2991.59000000", "time": "2025-07-13T14:12:28.323940Z", "fetched_at": "2025-07-13T14:13:27.854082+00:00", "symbol": "ETH-USD"}, {"trade_id": 666245838, "side": "buy", "size": "1.70971862", "price": "2991.59000000", "time": "2025-07-13T14:12:28.313521Z", "fetched_at": "2025-07-13T14:13:27.854082+00:00", "symbol": "ETH-USD"}, {"trade_id": 666245837, "side": "buy", "size": "2.76682261", "price": "2991.59000000", "time": "2025-07-13T14:12:25.813037Z", "fetched_at": "2025-07-13T14:13:27.854082+00:00", "symbol": "ETH-USD"}, {"trade_id": 666245836, "side": "buy", "size": "2.79210106", "price": "2991.59000000", "time": "2025-07-13T14:12:25.801520Z", "fetched_at": "2025-07-13T14:13:27.854082+00:00", "symbol": "ETH-USD"}, {"trade_id": 666245835, "side": "buy", "size": "0.20000000", "price": "2991.59000000", "time": "2025-07-13T14:12:25.794114Z", "fetched_at": "2025-07-13T14:13:27.854082+00:00", "symbol": "ETH-USD"}, {"trade_id": 666245834, "side": "buy", "size": "0.20000000", "price": "2991.59000000", "time": "2025-07-13T14:12:25.793653Z", "fetched_at": "2025-07-13T14:13:27.854082+00:00", "symbol": "ETH-USD"}, {"trade_id": 666245833, "side": "buy", "size": "0.20000000", "price": "2991.59000000", "time": "2025-07-13T14:12:25.793112Z", "fetched_at": "2025-07-13T14:13:27.854082+00:00", "symbol": "ETH-USD"}, {"trade_id": 666245832, "side": "buy", "size": "0.20000000", "price": "2991.59000000", "time": "2025-07-13T14:12:25.792973Z", "fetched_at": "2025-07-13T14:13:27.854082+00:00", "symbol": "ETH-USD"}, {"trade_id": 666245831, "side": "buy", "size": "2.29861353", "price": "2991.59000000", "time": "2025-07-13T14:12:25.792895Z", "fetched_at": "2025-07-13T14:13:27.854082+00:00", "symbol": "ETH-USD"}, {"trade_id": 666245830, "side": "buy", "size": "0.40000000", "price": "2991.59000000", "time": "2025-07-13T14:12:25.792733Z", "fetched_at": "2025-07-13T14:13:27.854082+00:00", "symbol": "ETH-USD"}, {"trade_id": 666245829, "side": "buy", "size": "3.93145000", "price": "2991.59000000", "time": "2025-07-13T14:12:25.790903Z", "fetched_at": "2025-07-13T14:13:27.854082+00:00", "symbol": "ETH-USD"}, {"trade_id": 666245828, "side": "buy", "size": "0.18633437", "price": "2991.59000000", "time": "2025-07-13T14:12:25.786263Z", "fetched_at": "2025-07-13T14:13:27.854082+00:00", "symbol": "ETH-USD"}, {"trade_id": 666245827, "side": "buy", "size": "0.91684969", "price": "2991.59000000", "time": "2025-07-13T14:12:25.786122Z", "fetched_at": "2025-07-13T14:13:27.854082+00:00", "symbol": "ETH-USD"}, {"trade_id": 666245826, "side": "buy", "size": "1.99008104", "price": "2991.59000000", "time": "2025-07-13T14:12:25.784833Z", "fetched_at": "2025-07-13T14:13:27.854082+00:00", "symbol": "ETH-USD"}, {"trade_id": 666245825, "side": "buy", "size": "0.35430183", "price": "2991.59000000", "time": "2025-07-13T14:12:25.781120Z", "fetched_at": "2025-07-13T14:13:27.854082+00:00", "symbol": "ETH-USD"}, {"trade_id": 666245824, "side": "buy", "size": "0.19850954", "price": "2991.59000000", "time": "2025-07-13T14:12:25.780398Z", "fetched_at": "2025-07-13T14:13:27.854082+00:00", "symbol": "ETH-USD"}, {"trade_id": 666245823, "side": "buy", "size": "0.26886734", "price": "2991.59000000", "time": "2025-07-13T14:12:25.777822Z", "fetched_at": "2025-07-13T14:13:27.854082+00:00", "symbol": "ETH-USD"}, {"trade_id": 666245822, "side": "buy", "size": "1.74335278", "price": "2991.59000000", "time": "2025-07-13T14:12:24.147693Z", "fetched_at": "2025-07-13T14:13:27.854082+00:00", "symbol": "ETH-USD"}, {"trade_id": 666245821, "side": "buy", "size": "5.68883522", "price": "2991.59000000", "time": "2025-07-13T14:12:24.131995Z", "fetched_at": "2025-07-13T14:13:27.854082+00:00", "symbol": "ETH-USD"}, {"trade_id": 666245820, "side": "buy", "size": "0.08698250", "price": "2991.60000000", "time": "2025-07-13T14:12:24.131995Z", "fetched_at": "2025-07-13T14:13:27.854082+00:00", "symbol": "ETH-USD"}, {"trade_id": 666245819, "side": "buy", "size": "0.01608083", "price": "2991.76000000", "time": "2025-07-13T14:12:23.731815Z", "fetched_at": "2025-07-13T14:13:27.854082+00:00", "symbol": "ETH-USD"}, {"trade_id": 666245818, "side": "buy", "size": "0.00047086", "price": "2991.76000000", "time": "2025-07-13T14:12:23.731815Z", "fetched_at": "2025-07-13T14:13:27.854082+00:00", "symbol": "ETH-USD"}, {"trade_id": 666245817, "side": "buy", "size": "0.00001336", "price": "2991.78000000", "time": "2025-07-13T14:12:23.390778Z", "fetched_at": "2025-07-13T14:13:27.854082+00:00", "symbol": "ETH-USD"}, {"trade_id": 666245816, "side": "buy", "size": "0.00100000", "price": "2991.78000000", "time": "2025-07-13T14:12:23.390778Z", "fetched_at": "2025-07-13T14:13:27.854082+00:00", "symbol": "ETH-USD"}, {"trade_id": 666245815, "side": "buy", "size": "0.04288899", "price": "2991.91000000", "time": "2025-07-13T14:12:23.358422Z", "fetched_at": "2025-07-13T14:13:27.854082+00:00", "symbol": "ETH-USD"}, {"trade_id": 666245814, "side": "buy", "size": "0.01760413", "price": "2991.91000000", "time": "2025-07-13T14:12:23.358422Z", "fetched_at": "2025-07-13T14:13:27.854082+00:00", "symbol": "ETH-USD"}, {"trade_id": 666245813, "side": "buy", "size": "0.00341000", "price": "2991.91000000", "time": "2025-07-13T14:12:23.358422Z", "fetched_at": "2025-07-13T14:13:27.854082+00:00", "symbol": "ETH-USD"}, {"trade_id": 666245812, "side": "buy", "size": "0.00457567", "price": "2991.91000000", "time": "2025-07-13T14:12:23.358422Z", "fetched_at": "2025-07-13T14:13:27.854082+00:00", "symbol": "ETH-USD"}, {"trade_id": 666245811, "side": "buy", "size": "0.01078909", "price": "2991.91000000", "time": "2025-07-13T14:12:23.358422Z", "fetched_at": "2025-07-13T14:13:27.854082+00:00", "symbol": "ETH-USD"}, {"trade_id": 666245810, "side": "buy", "size": "0.02540900", "price": "2991.91000000", "time": "2025-07-13T14:12:23.358422Z", "fetched_at": "2025-07-13T14:13:27.854082+00:00", "symbol": "ETH-USD"}, {"trade_id": 666245809, "side": "sell", "size": "0.03242585", "price": "2991.92000000", "time": "2025-07-13T14:12:23.197756Z", "fetched_at": "2025-07-13T14:13:27.854082+00:00", "symbol": "ETH-USD"}, {"trade_id": 666245808, "side": "sell", "size": "0.00032886", "price": "2991.92000000", "time": "2025-07-13T14:12:23.197756Z", "fetched_at": "2025-07-13T14:13:27.854082+00:00", "symbol": "ETH-USD"}, {"trade_id": 666245807, "side": "sell", "size": "0.00041796", "price": "2991.92000000", "time": "2025-07-13T14:12:23.197756Z", "fetched_at": "2025-07-13T14:13:27.854082+00:00", "symbol": "ETH-USD"}, {"trade_id": 666245806, "side": "buy", "size": "0.00011731", "price": "2991.91000000", "time": "2025-07-13T14:12:23.167266Z", "fetched_at": "2025-07-13T14:13:27.854082+00:00", "symbol": "ETH-USD"}, {"trade_id": 666245805, "side": "sell", "size": "0.15120000", "price": "2991.92000000", "time": "2025-07-13T14:12:21.577302Z", "fetched_at": "2025-07-13T14:13:27.854082+00:00", "symbol": "ETH-USD"}, {"trade_id": 666245804, "side": "buy", "size": "0.00156369", "price": "2991.91000000", "time": "2025-07-13T14:12:20.446661Z", "fetched_at": "2025-07-13T14:13:27.854082+00:00", "symbol": "ETH-USD"}, {"trade_id": 666245803, "side": "sell", "size": "0.73770935", "price": "2992.21000000", "time": "2025-07-13T14:12:19.537675Z", "fetched_at": "2025-07-13T14:13:27.854082+00:00", "symbol": "ETH-USD"}, {"trade_id": 666245802, "side": "sell", "size": "0.00067782", "price": "2992.20000000", "time": "2025-07-13T14:12:19.537675Z", "fetched_at": "2025-07-13T14:13:27.854082+00:00", "symbol": "ETH-USD"}, {"trade_id": 666245801, "side": "buy", "size": "0.05018000", "price": "2992.20000000", "time": "2025-07-13T14:12:19.329874Z", "fetched_at": "2025-07-13T14:13:27.854082+00:00", "symbol": "ETH-USD"}, {"trade_id": 666245800, "side": "buy", "size": "0.00536060", "price": "2992.20000000", "time": "2025-07-13T14:12:19.329874Z", "fetched_at": "2025-07-13T14:13:27.854082+00:00", "symbol": "ETH-USD"}, {"trade_id": 666245799, "side": "buy", "size": "0.04237999", "price": "2992.20000000", "time": "2025-07-13T14:12:19.329874Z", "fetched_at": "2025-07-13T14:13:27.854082+00:00", "symbol": "ETH-USD"}, {"trade_id": 666245798, "side": "buy", "size": "0.00049147", "price": "2992.20000000", "time": "2025-07-13T14:12:18.208491Z", "fetched_at": "2025-07-13T14:13:27.854082+00:00", "symbol": "ETH-USD"}, {"trade_id": 666245797, "side": "sell", "size": "0.00918893", "price": "2992.29000000", "time": "2025-07-13T14:12:18.085997Z", "fetched_at": "2025-07-13T14:13:27.854082+00:00", "symbol": "ETH-USD"}, {"trade_id": 666245796, "side": "sell", "size": "0.00055318", "price": "2992.28000000", "time": "2025-07-13T14:12:18.085997Z", "fetched_at": "2025-07-13T14:13:27.854082+00:00", "symbol": "ETH-USD"}, {"trade_id": 666245795, "side": "buy", "size": "0.02377753", "price": "2992.32000000", "time": "2025-07-13T14:12:18.028849Z", "fetched_at": "2025-07-13T14:13:27.854082+00:00", "symbol": "ETH-USD"}, {"trade_id": 666245794, "side": "buy", "size": "0.01560327", "price": "2992.32000000", "time": "2025-07-13T14:12:18.028849Z", "fetched_at": "2025-07-13T14:13:27.854082+00:00", "symbol": "ETH-USD"}, {"trade_id": 666245793, "side": "buy", "size": "0.00698120", "price": "2992.32000000", "time": "2025-07-13T14:12:18.028849Z", "fetched_at": "2025-07-13T14:13:27.854082+00:00", "symbol": "ETH-USD"}, {"trade_id": 666245792, "side": "buy", "size": "0.00000668", "price": "2992.33000000", "time": "2025-07-13T14:12:18.017253Z", "fetched_at": "2025-07-13T14:13:27.854082+00:00", "symbol": "ETH-USD"}, {"trade_id": 666245791, "side": "buy", "size": "0.05750702", "price": "2992.33000000", "time": "2025-07-13T14:12:18.017253Z", "fetched_at": "2025-07-13T14:13:27.854082+00:00", "symbol": "ETH-USD"}, {"trade_id": 666245790, "side": "sell", "size": "0.15621065", "price": "2992.33000000", "time": "2025-07-13T14:12:15.842192Z", "fetched_at": "2025-07-13T14:13:27.854082+00:00", "symbol": "ETH-USD"}, {"trade_id": 666245789, "side": "sell", "size": "0.00068810", "price": "2992.33000000", "time": "2025-07-13T14:12:15.842192Z", "fetched_at": "2025-07-13T14:13:27.854082+00:00", "symbol": "ETH-USD"}, {"trade_id": 666245788, "side": "sell", "size": "0.00053647", "price": "2992.27000000", "time": "2025-07-13T14:12:14.972834Z", "fetched_at": "2025-07-13T14:13:27.854082+00:00", "symbol": "ETH-USD"}, {"trade_id": 666245787, "side": "sell", "size": "0.00021872", "price": "2992.61000000", "time": "2025-07-13T14:12:14.260139Z", "fetched_at": "2025-07-13T14:13:27.854082+00:00", "symbol": "ETH-USD"}, {"trade_id": 666245786, "side": "sell", "size": "0.00100000", "price": "2992.44000000", "time": "2025-07-13T14:12:14.260139Z", "fetched_at": "2025-07-13T14:13:27.854082+00:00", "symbol": "ETH-USD"}, {"trade_id": 666245785, "side": "sell", "size": "0.00015120", "price": "2992.37000000", "time": "2025-07-13T14:12:14.260139Z", "fetched_at": "2025-07-13T14:13:27.854082+00:00", "symbol": "ETH-USD"}, {"trade_id": 666245784, "side": "sell", "size": "0.00020205", "price": "2992.37000000", "time": "2025-07-13T14:12:14.260139Z", "fetched_at": "2025-07-13T14:13:27.854082+00:00", "symbol": "ETH-USD"}, {"trade_id": 666245783, "side": "sell", "size": "0.00053578", "price": "2991.94000000", "time": "2025-07-13T14:12:14.164023Z", "fetched_at": "2025-07-13T14:13:27.854082+00:00", "symbol": "ETH-USD"}, {"trade_id": 666245782, "side": "sell", "size": "0.32498609", "price": "2992.50000000", "time": "2025-07-13T14:12:14.160447Z", "fetched_at": "2025-07-13T14:13:27.854082+00:00", "symbol": "ETH-USD"}, {"trade_id": 666245781, "side": "sell", "size": "0.60104938", "price": "2992.47000000", "time": "2025-07-13T14:12:14.160447Z", "fetched_at": "2025-07-13T14:13:27.854082+00:00", "symbol": "ETH-USD"}, {"trade_id": 666245780, "side": "sell", "size": "1.26477420", "price": "2992.46000000", "time": "2025-07-13T14:12:14.160367Z", "fetched_at": "2025-07-13T14:13:27.854082+00:00", "symbol": "ETH-USD"}, {"trade_id": 666245779, "side": "sell", "size": "0.00100000", "price": "2992.44000000", "time": "2025-07-13T14:12:14.160367Z", "fetched_at": "2025-07-13T14:13:27.854082+00:00", "symbol": "ETH-USD"}, {"trade_id": 666245778, "side": "sell", "size": "1.32969618", "price": "2992.41000000", "time": "2025-07-13T14:12:14.160367Z", "fetched_at": "2025-07-13T14:13:27.854082+00:00", "symbol": "ETH-USD"}, {"trade_id": 666245777, "side": "sell", "size": "1.27532448", "price": "2992.39000000", "time": "2025-07-13T14:12:14.160367Z", "fetched_at": "2025-07-13T14:13:27.854082+00:00", "symbol": "ETH-USD"}, {"trade_id": 666245776, "side": "sell", "size": "0.20832513", "price": "2992.38000000", "time": "2025-07-13T14:12:14.160367Z", "fetched_at": "2025-07-13T14:13:27.854082+00:00", "symbol": "ETH-USD"}, {"trade_id": 666245775, "side": "sell", "size": "0.11857059", "price": "2992.31000000", "time": "2025-07-13T14:12:14.160367Z", "fetched_at": "2025-07-13T14:13:27.854082+00:00", "symbol": "ETH-USD"}, {"trade_id": 666245774, "side": "sell", "size": "0.40000000", "price": "2992.25000000", "time": "2025-07-13T14:12:14.160084Z", "fetched_at": "2025-07-13T14:13:27.854082+00:00", "symbol": "ETH-USD"}, {"trade_id": 666245773, "side": "sell", "size": "0.20000000", "price": "2992.25000000", "time": "2025-07-13T14:12:14.160084Z", "fetched_at": "2025-07-13T14:13:27.854082+00:00", "symbol": "ETH-USD"}, {"trade_id": 666245772, "side": "sell", "size": "0.45900000", "price": "2992.24000000", "time": "2025-07-13T14:12:14.160084Z", "fetched_at": "2025-07-13T14:13:27.854082+00:00", "symbol": "ETH-USD"}, {"trade_id": 666245771, "side": "sell", "size": "0.00100000", "price": "2992.22000000", "time": "2025-07-13T14:12:14.160084Z", "fetched_at": "2025-07-13T14:13:27.854082+00:00", "symbol": "ETH-USD"}, {"trade_id": 666245770, "side": "sell", "size": "0.83550959", "price": "2992.19000000", "time": "2025-07-13T14:12:14.160084Z", "fetched_at": "2025-07-13T14:13:27.854082+00:00", "symbol": "ETH-USD"}, {"trade_id": 666245769, "side": "sell", "size": "0.01451736", "price": "2992.10000000", "time": "2025-07-13T14:12:14.159848Z", "fetched_at": "2025-07-13T14:13:27.854082+00:00", "symbol": "ETH-USD"}, {"trade_id": 666245768, "side": "sell", "size": "0.35025314", "price": "2992.10000000", "time": "2025-07-13T14:12:14.159848Z", "fetched_at": "2025-07-13T14:13:27.854082+00:00", "symbol": "ETH-USD"}, {"trade_id": 666245767, "side": "sell", "size": "1.31380298", "price": "2992.09000000", "time": "2025-07-13T14:12:14.159848Z", "fetched_at": "2025-07-13T14:13:27.854082+00:00", "symbol": "ETH-USD"}, {"trade_id": 666245766, "side": "sell", "size": "0.83554753", "price": "2992.05000000", "time": "2025-07-13T14:12:14.159848Z", "fetched_at": "2025-07-13T14:13:27.854082+00:00", "symbol": "ETH-USD"}, {"trade_id": 666245765, "side": "sell", "size": "0.15000000", "price": "2992.04000000", "time": "2025-07-13T14:12:14.159848Z", "fetched_at": "2025-07-13T14:13:27.854082+00:00", "symbol": "ETH-USD"}, {"trade_id": 666245764, "side": "sell", "size": "0.00010334", "price": "2992.02000000", "time": "2025-07-13T14:12:14.159848Z", "fetched_at": "2025-07-13T14:13:27.854082+00:00", "symbol": "ETH-USD"}, {"trade_id": 666245763, "side": "sell", "size": "0.00093005", "price": "2992.02000000", "time": "2025-07-13T14:12:14.159848Z", "fetched_at": "2025-07-13T14:13:27.854082+00:00", "symbol": "ETH-USD"}, {"trade_id": 666245762, "side": "sell", "size": "0.00072003", "price": "2992.02000000", "time": "2025-07-13T14:12:14.159848Z", "fetched_at": "2025-07-13T14:13:27.854082+00:00", "symbol": "ETH-USD"}, {"trade_id": 666245761, "side": "sell", "size": "0.16077426", "price": "2991.95000000", "time": "2025-07-13T14:12:14.159848Z", "fetched_at": "2025-07-13T14:13:27.854082+00:00", "symbol": "ETH-USD"}, {"trade_id": 666245760, "side": "sell", "size": "0.00053578", "price": "2991.94000000", "time": "2025-07-13T14:12:14.159848Z", "fetched_at": "2025-07-13T14:13:27.854082+00:00", "symbol": "ETH-USD"}, {"trade_id": 666245759, "side": "sell", "size": "0.00634083", "price": "2991.95000000", "time": "2025-07-13T14:12:13.804219Z", "fetched_at": "2025-07-13T14:13:27.854082+00:00", "symbol": "ETH-USD"}, {"trade_id": 666245758, "side": "sell", "size": "0.00264753", "price": "2992.02000000", "time": "2025-07-13T14:12:12.895687Z", "fetched_at": "2025-07-13T14:13:27.854082+00:00", "symbol": "ETH-USD"}, {"trade_id": 666245757, "side": "sell", "size": "0.03075434", "price": "2991.97000000", "time": "2025-07-13T14:12:12.832930Z", "fetched_at": "2025-07-13T14:13:27.854082+00:00", "symbol": "ETH-USD"}, {"trade_id": 666245756, "side": "sell", "size": "0.00222667", "price": "2992.08000000", "time": "2025-07-13T14:12:12.494380Z", "fetched_at": "2025-07-13T14:13:27.854082+00:00", "symbol": "ETH-USD"}, {"trade_id": 666245755, "side": "sell", "size": "0.00100000", "price": "2992.00000000", "time": "2025-07-13T14:12:12.494380Z", "fetched_at": "2025-07-13T14:13:27.854082+00:00", "symbol": "ETH-USD"}, {"trade_id": 666245754, "side": "sell", "size": "0.00487145", "price": "2991.97000000", "time": "2025-07-13T14:12:12.322487Z", "fetched_at": "2025-07-13T14:13:27.854082+00:00", "symbol": "ETH-USD"}, {"trade_id": 666245753, "side": "sell", "size": "0.01405945", "price": "2991.97000000", "time": "2025-07-13T14:12:11.922494Z", "fetched_at": "2025-07-13T14:13:27.854082+00:00", "symbol": "ETH-USD"}, {"trade_id": 666245752, "side": "sell", "size": "0.00031004", "price": "2991.93000000", "time": "2025-07-13T14:12:11.922494Z", "fetched_at": "2025-07-13T14:13:27.854082+00:00", "symbol": "ETH-USD"}, {"trade_id": 666245751, "side": "sell", "size": "0.00024003", "price": "2991.93000000", "time": "2025-07-13T14:12:11.922494Z", "fetched_at": "2025-07-13T14:13:27.854082+00:00", "symbol": "ETH-USD"}, {"trade_id": 666245750, "side": "sell", "size": "0.00100000", "price": "2991.78000000", "time": "2025-07-13T14:12:11.922494Z", "fetched_at": "2025-07-13T14:13:27.854082+00:00", "symbol": "ETH-USD"}, {"trade_id": 666245749, "side": "sell", "size": "0.00003178", "price": "2991.77000000", "time": "2025-07-13T14:12:11.922494Z", "fetched_at": "2025-07-13T14:13:27.854082+00:00", "symbol": "ETH-USD"}, {"trade_id": 666245748, "side": "sell", "size": "0.00020669", "price": "2991.77000000", "time": "2025-07-13T14:12:11.922494Z", "fetched_at": "2025-07-13T14:13:27.854082+00:00", "symbol": "ETH-USD"}, {"trade_id": 666245747, "side": "buy", "size": "0.53648981", "price": "2991.67000000", "time": "2025-07-13T14:12:09.399919Z", "fetched_at": "2025-07-13T14:13:27.854082+00:00", "symbol": "ETH-USD"}, {"trade_id": 666245746, "side": "buy", "size": "0.00284532", "price": "2991.76000000", "time": "2025-07-13T14:12:09.399919Z", "fetched_at": "2025-07-13T14:13:27.854082+00:00", "symbol": "ETH-USD"}, {"trade_id": 666245745, "side": "buy", "size": "0.70495000", "price": "2991.76000000", "time": "2025-07-13T14:12:09.399919Z", "fetched_at": "2025-07-13T14:13:27.854082+00:00", "symbol": "ETH-USD"}, {"trade_id": 666245744, "side": "buy", "size": "0.15000000", "price": "2991.76000000", "time": "2025-07-13T14:12:09.399919Z", "fetched_at": "2025-07-13T14:13:27.854082+00:00", "symbol": "ETH-USD"}, {"trade_id": 666245743, "side": "buy", "size": "0.41718450", "price": "2991.76000000", "time": "2025-07-13T14:12:09.399919Z", "fetched_at": "2025-07-13T14:13:27.854082+00:00", "symbol": "ETH-USD"}, {"trade_id": 666245742, "side": "buy", "size": "0.30282143", "price": "2991.76000000", "time": "2025-07-13T14:12:09.162409Z", "fetched_at": "2025-07-13T14:13:27.854082+00:00", "symbol": "ETH-USD"}, {"trade_id": 666245741, "side": "sell", "size": "0.00011179", "price": "2991.47000000", "time": "2025-07-13T14:12:08.260680Z", "fetched_at": "2025-07-13T14:13:27.854082+00:00", "symbol": "ETH-USD"}, {"trade_id": 666245740, "side": "buy", "size": "0.00383873", "price": "2991.46000000", "time": "2025-07-13T14:12:06.743232Z", "fetched_at": "2025-07-13T14:13:27.854082+00:00", "symbol": "ETH-USD"}, {"trade_id": 666245739, "side": "buy", "size": "0.00086237", "price": "2991.61000000", "time": "2025-07-13T14:12:05.144591Z", "fetched_at": "2025-07-13T14:13:27.854082+00:00", "symbol": "ETH-USD"}, {"trade_id": 666245738, "side": "sell", "size": "0.00005588", "price": "2991.48000000", "time": "2025-07-13T14:12:04.796334Z", "fetched_at": "2025-07-13T14:13:27.854082+00:00", "symbol": "ETH-USD"}, {"trade_id": 666245737, "side": "sell", "size": "0.03816412", "price": "2991.48000000", "time": "2025-07-13T14:12:04.796334Z", "fetched_at": "2025-07-13T14:13:27.854082+00:00", "symbol": "ETH-USD"}, {"trade_id": 666245736, "side": "sell", "size": "0.32101550", "price": "2991.43000000", "time": "2025-07-13T14:12:04.793346Z", "fetched_at": "2025-07-13T14:13:27.854082+00:00", "symbol": "ETH-USD"}, {"trade_id": 666245735, "side": "sell", "size": "0.40000000", "price": "2991.41000000", "time": "2025-07-13T14:12:04.793346Z", "fetched_at": "2025-07-13T14:13:27.854082+00:00", "symbol": "ETH-USD"}, {"trade_id": 666245734, "side": "sell", "size": "0.20000000", "price": "2991.41000000", "time": "2025-07-13T14:12:04.793346Z", "fetched_at": "2025-07-13T14:13:27.854082+00:00", "symbol": "ETH-USD"}, {"trade_id": 666245733, "side": "sell", "size": "0.80000000", "price": "2991.41000000", "time": "2025-07-13T14:12:04.793346Z", "fetched_at": "2025-07-13T14:13:27.854082+00:00", "symbol": "ETH-USD"}, {"trade_id": 666245732, "side": "sell", "size": "0.20000000", "price": "2991.39000000", "time": "2025-07-13T14:12:04.793346Z", "fetched_at": "2025-07-13T14:13:27.854082+00:00", "symbol": "ETH-USD"}, {"trade_id": 666245731, "side": "sell", "size": "0.40000000", "price": "2991.39000000", "time": "2025-07-13T14:12:04.793346Z", "fetched_at": "2025-07-13T14:13:27.854082+00:00", "symbol": "ETH-USD"}, {"trade_id": 666245730, "side": "sell", "size": "0.15000000", "price": "2991.38000000", "time": "2025-07-13T14:12:04.793346Z", "fetched_at": "2025-07-13T14:13:27.854082+00:00", "symbol": "ETH-USD"}, {"trade_id": 666245729, "side": "sell", "size": "0.50000000", "price": "2991.38000000", "time": "2025-07-13T14:12:04.793346Z", "fetched_at": "2025-07-13T14:13:27.854082+00:00", "symbol": "ETH-USD"}, {"trade_id": 666245728, "side": "sell", "size": "0.00020670", "price": "2991.24000000", "time": "2025-07-13T14:12:04.793346Z", "fetched_at": "2025-07-13T14:13:27.854082+00:00", "symbol": "ETH-USD"}, {"trade_id": 666245727, "side": "sell", "size": "0.10329727", "price": "2991.23000000", "time": "2025-07-13T14:12:04.793346Z", "fetched_at": "2025-07-13T14:13:27.854082+00:00", "symbol": "ETH-USD"}, {"trade_id": 666245726, "side": "buy", "size": "0.00271067", "price": "2991.23000000", "time": "2025-07-13T14:12:04.431193Z", "fetched_at": "2025-07-13T14:13:27.854082+00:00", "symbol": "ETH-USD"}, {"trade_id": 666245725, "side": "buy", "size": "0.00363729", "price": "2991.23000000", "time": "2025-07-13T14:12:04.431193Z", "fetched_at": "2025-07-13T14:13:27.854082+00:00", "symbol": "ETH-USD"}, {"trade_id": 666245724, "side": "buy", "size": "0.00298873", "price": "2991.23000000", "time": "2025-07-13T14:12:04.431193Z", "fetched_at": "2025-07-13T14:13:27.854082+00:00", "symbol": "ETH-USD"}, {"trade_id": 666245723, "side": "buy", "size": "0.03342106", "price": "2991.23000000", "time": "2025-07-13T14:12:04.431193Z", "fetched_at": "2025-07-13T14:13:27.854082+00:00", "symbol": "ETH-USD"}, {"trade_id": 666245722, "side": "buy", "size": "0.00333485", "price": "2991.32000000", "time": "2025-07-13T14:12:04.014479Z", "fetched_at": "2025-07-13T14:13:27.854082+00:00", "symbol": "ETH-USD"}, {"trade_id": 666245721, "side": "buy", "size": "0.00328601", "price": "2991.36000000", "time": "2025-07-13T14:12:03.840634Z", "fetched_at": "2025-07-13T14:13:27.854082+00:00", "symbol": "ETH-USD"}, {"trade_id": 666245720, "side": "buy", "size": "0.00328311", "price": "2991.43000000", "time": "2025-07-13T14:12:03.780093Z", "fetched_at": "2025-07-13T14:13:27.854082+00:00", "symbol": "ETH-USD"}, {"trade_id": 666245719, "side": "buy", "size": "0.00328311", "price": "2991.43000000", "time": "2025-07-13T14:12:03.766085Z", "fetched_at": "2025-07-13T14:13:27.854082+00:00", "symbol": "ETH-USD"}, {"trade_id": 666245718, "side": "buy", "size": "0.00328311", "price": "2991.43000000", "time": "2025-07-13T14:12:03.754345Z", "fetched_at": "2025-07-13T14:13:27.854082+00:00", "symbol": "ETH-USD"}, {"trade_id": 666245717, "side": "buy", "size": "0.03039015", "price": "2991.27000000", "time": "2025-07-13T14:12:03.312170Z", "fetched_at": "2025-07-13T14:13:27.854082+00:00", "symbol": "ETH-USD"}, {"trade_id": 666245716, "side": "buy", "size": "0.00336224", "price": "2991.28000000", "time": "2025-07-13T14:12:03.312170Z", "fetched_at": "2025-07-13T14:13:27.854082+00:00", "symbol": "ETH-USD"}, {"trade_id": 666245715, "side": "sell", "size": "0.03247681", "price": "2991.47000000", "time": "2025-07-13T14:12:03.149727Z", "fetched_at": "2025-07-13T14:13:27.854082+00:00", "symbol": "ETH-USD"}, {"trade_id": 666245714, "side": "buy", "size": "0.01857416", "price": "2991.25000000", "time": "2025-07-13T14:12:02.845021Z", "fetched_at": "2025-07-13T14:13:27.854082+00:00", "symbol": "ETH-USD"}, {"trade_id": 666245713, "side": "buy", "size": "0.00332662", "price": "2991.26000000", "time": "2025-07-13T14:12:02.845021Z", "fetched_at": "2025-07-13T14:13:27.854082+00:00", "symbol": "ETH-USD"}, {"trade_id": 666245712, "side": "buy", "size": "0.00100000", "price": "2991.34000000", "time": "2025-07-13T14:12:02.845021Z", "fetched_at": "2025-07-13T14:13:27.854082+00:00", "symbol": "ETH-USD"}, {"trade_id": 666245711, "side": "buy", "size": "0.00104356", "price": "2991.46000000", "time": "2025-07-13T14:12:02.845021Z", "fetched_at": "2025-07-13T14:13:27.854082+00:00", "symbol": "ETH-USD"}, {"trade_id": 666245710, "side": "buy", "size": "0.04289209", "price": "2991.46000000", "time": "2025-07-13T14:12:02.845021Z", "fetched_at": "2025-07-13T14:13:27.854082+00:00", "symbol": "ETH-USD"}, {"trade_id": 666245709, "side": "sell", "size": "0.00186236", "price": "2991.47000000", "time": "2025-07-13T14:12:01.119764Z", "fetched_at": "2025-07-13T14:13:27.854082+00:00", "symbol": "ETH-USD"}, {"trade_id": 666245708, "side": "buy", "size": "0.01607663", "price": "2991.92000000", "time": "2025-07-13T14:12:00.860979Z", "fetched_at": "2025-07-13T14:13:27.854082+00:00", "symbol": "ETH-USD"}, {"trade_id": 666245707, "side": "buy", "size": "0.05598077", "price": "2991.92000000", "time": "2025-07-13T14:12:00.860979Z", "fetched_at": "2025-07-13T14:13:27.854082+00:00", "symbol": "ETH-USD"}, {"trade_id": 666245706, "side": "buy", "size": "0.01727987", "price": "2991.92000000", "time": "2025-07-13T14:12:00.860979Z", "fetched_at": "2025-07-13T14:13:27.854082+00:00", "symbol": "ETH-USD"}, {"trade_id": 666245705, "side": "buy", "size": "14.35883912", "price": "2991.92000000", "time": "2025-07-13T14:12:00.860979Z", "fetched_at": "2025-07-13T14:13:27.854082+00:00", "symbol": "ETH-USD"}, {"trade_id": 666245704, "side": "buy", "size": "0.38974479", "price": "2991.92000000", "time": "2025-07-13T14:12:00.860961Z", "fetched_at": "2025-07-13T14:13:27.854082+00:00", "symbol": "ETH-USD"}, {"trade_id": 666245703, "side": "buy", "size": "0.51757537", "price": "2991.92000000", "time": "2025-07-13T14:12:00.858906Z", "fetched_at": "2025-07-13T14:13:27.854082+00:00", "symbol": "ETH-USD"}, {"trade_id": 666245702, "side": "buy", "size": "0.17838762", "price": "2991.92000000", "time": "2025-07-13T14:12:00.858799Z", "fetched_at": "2025-07-13T14:13:27.854082+00:00", "symbol": "ETH-USD"}, {"trade_id": 666245701, "side": "buy", "size": "0.80013764", "price": "2991.92000000", "time": "2025-07-13T14:12:00.857920Z", "fetched_at": "2025-07-13T14:13:27.854082+00:00", "symbol": "ETH-USD"}, {"trade_id": 666245700, "side": "buy", "size": "0.17754939", "price": "2991.92000000", "time": "2025-07-13T14:12:00.857904Z", "fetched_at": "2025-07-13T14:13:27.854082+00:00", "symbol": "ETH-USD"}, {"trade_id": 666245699, "side": "buy", "size": "0.73725158", "price": "2991.92000000", "time": "2025-07-13T14:12:00.848196Z", "fetched_at": "2025-07-13T14:13:27.854082+00:00", "symbol": "ETH-USD"}, {"trade_id": 666245698, "side": "buy", "size": "1.95580894", "price": "2991.92000000", "time": "2025-07-13T14:12:00.827397Z", "fetched_at": "2025-07-13T14:13:27.854082+00:00", "symbol": "ETH-USD"}, {"trade_id": 666245697, "side": "buy", "size": "0.24730477", "price": "2991.92000000", "time": "2025-07-13T14:12:00.817166Z", "fetched_at": "2025-07-13T14:13:27.854082+00:00", "symbol": "ETH-USD"}, {"trade_id": 666245696, "side": "buy", "size": "0.51593527", "price": "2991.92000000", "time": "2025-07-13T14:12:00.800622Z", "fetched_at": "2025-07-13T14:13:27.854082+00:00", "symbol": "ETH-USD"}, {"trade_id": 666245695, "side": "buy", "size": "0.21430240", "price": "2991.92000000", "time": "2025-07-13T14:12:00.769596Z", "fetched_at": "2025-07-13T14:13:27.854082+00:00", "symbol": "ETH-USD"}, {"trade_id": 666245694, "side": "buy", "size": "0.59912435", "price": "2991.92000000", "time": "2025-07-13T14:12:00.756771Z", "fetched_at": "2025-07-13T14:13:27.854082+00:00", "symbol": "ETH-USD"}, {"trade_id": 666245693, "side": "buy", "size": "0.24060451", "price": "2991.92000000", "time": "2025-07-13T14:12:00.700333Z", "fetched_at": "2025-07-13T14:13:27.854082+00:00", "symbol": "ETH-USD"}, {"trade_id": 666245692, "side": "buy", "size": "1.08113968", "price": "2991.92000000", "time": "2025-07-13T14:12:00.685018Z", "fetched_at": "2025-07-13T14:13:27.854082+00:00", "symbol": "ETH-USD"}, {"trade_id": 666245691, "side": "buy", "size": "0.75936633", "price": "2991.92000000", "time": "2025-07-13T14:12:00.640780Z", "fetched_at": "2025-07-13T14:13:27.854082+00:00", "symbol": "ETH-USD"}, {"trade_id": 666245690, "side": "buy", "size": "0.60563445", "price": "2991.92000000", "time": "2025-07-13T14:12:00.598975Z", "fetched_at": "2025-07-13T14:13:27.854082+00:00", "symbol": "ETH-USD"}, {"trade_id": 666245689, "side": "buy", "size": "0.33315638", "price": "2991.92000000", "time": "2025-07-13T14:12:00.564176Z", "fetched_at": "2025-07-13T14:13:27.854082+00:00", "symbol": "ETH-USD"}, {"trade_id": 666245688, "side": "buy", "size": "1.64211388", "price": "2991.92000000", "time": "2025-07-13T14:12:00.542525Z", "fetched_at": "2025-07-13T14:13:27.854082+00:00", "symbol": "ETH-USD"}, {"trade_id": 666245687, "side": "buy", "size": "0.54774402", "price": "2991.92000000", "time": "2025-07-13T14:12:00.524522Z", "fetched_at": "2025-07-13T14:13:27.854082+00:00", "symbol": "ETH-USD"}, {"trade_id": 666245686, "side": "buy", "size": "1.04555997", "price": "2991.92000000", "time": "2025-07-13T14:12:00.491828Z", "fetched_at": "2025-07-13T14:13:27.854082+00:00", "symbol": "ETH-USD"}, {"trade_id": 666245685, "side": "buy", "size": "0.35706215", "price": "2991.92000000", "time": "2025-07-13T14:12:00.451988Z", "fetched_at": "2025-07-13T14:13:27.854082+00:00", "symbol": "ETH-USD"}, {"trade_id": 666245684, "side": "buy", "size": "0.55684499", "price": "2991.92000000", "time": "2025-07-13T14:12:00.431369Z", "fetched_at": "2025-07-13T14:13:27.854082+00:00", "symbol": "ETH-USD"}, {"trade_id": 666245683, "side": "buy", "size": "0.31178482", "price": "2991.92000000", "time": "2025-07-13T14:12:00.397066Z", "fetched_at": "2025-07-13T14:13:27.854082+00:00", "symbol": "ETH-USD"}, {"trade_id": 666245682, "side": "buy", "size": "0.84476723", "price": "2991.92000000", "time": "2025-07-13T14:12:00.378346Z", "fetched_at": "2025-07-13T14:13:27.854082+00:00", "symbol": "ETH-USD"}, {"trade_id": 666245681, "side": "buy", "size": "1.41487403", "price": "2991.92000000", "time": "2025-07-13T14:12:00.371646Z", "fetched_at": "2025-07-13T14:13:27.854082+00:00", "symbol": "ETH-USD"}, {"trade_id": 666245680, "side": "sell", "size": "0.08719104", "price": "2991.93000000", "time": "2025-07-13T14:12:00.242716Z", "fetched_at": "2025-07-13T14:13:27.854082+00:00", "symbol": "ETH-USD"}, {"trade_id": 666245679, "side": "sell", "size": "0.44186180", "price": "2991.93000000", "time": "2025-07-13T14:12:00.242716Z", "fetched_at": "2025-07-13T14:13:27.854082+00:00", "symbol": "ETH-USD"}, {"trade_id": 666245678, "side": "buy", "size": "0.50167283", "price": "2991.92000000", "time": "2025-07-13T14:12:00.108278Z", "fetched_at": "2025-07-13T14:13:27.854082+00:00", "symbol": "ETH-USD"}, {"trade_id": 666245677, "side": "buy", "size": "0.32096932", "price": "2991.92000000", "time": "2025-07-13T14:12:00.090804Z", "fetched_at": "2025-07-13T14:13:27.854082+00:00", "symbol": "ETH-USD"}, {"trade_id": 666245676, "side": "buy", "size": "0.56924723", "price": "2991.92000000", "time": "2025-07-13T14:12:00.071846Z", "fetched_at": "2025-07-13T14:13:27.854082+00:00", "symbol": "ETH-USD"}, {"trade_id": 666245675, "side": "buy", "size": "0.48333550", "price": "2991.92000000", "time": "2025-07-13T14:12:00.050731Z", "fetched_at": "2025-07-13T14:13:27.854082+00:00", "symbol": "ETH-USD"}, {"trade_id": 666245674, "side": "buy", "size": "0.41632857", "price": "2991.92000000", "time": "2025-07-13T14:11:59.919560Z", "fetched_at": "2025-07-13T14:13:27.854082+00:00", "symbol": "ETH-USD"}, {"trade_id": 666245673, "side": "buy", "size": "1.25197424", "price": "2991.92000000", "time": "2025-07-13T14:11:59.888719Z", "fetched_at": "2025-07-13T14:13:27.854082+00:00", "symbol": "ETH-USD"}, {"trade_id": 666245672, "side": "buy", "size": "1.27611787", "price": "2991.92000000", "time": "2025-07-13T14:11:59.867832Z", "fetched_at": "2025-07-13T14:13:27.854082+00:00", "symbol": "ETH-USD"}, {"trade_id": 666245671, "side": "buy", "size": "0.80742080", "price": "2991.92000000", "time": "2025-07-13T14:11:59.856861Z", "fetched_at": "2025-07-13T14:13:27.854082+00:00", "symbol": "ETH-USD"}, {"trade_id": 666245670, "side": "buy", "size": "0.60933172", "price": "2991.92000000", "time": "2025-07-13T14:11:59.812732Z", "fetched_at": "2025-07-13T14:13:27.854082+00:00", "symbol": "ETH-USD"}, {"trade_id": 666245669, "side": "buy", "size": "0.76332349", "price": "2991.92000000", "time": "2025-07-13T14:11:59.776355Z", "fetched_at": "2025-07-13T14:13:27.854082+00:00", "symbol": "ETH-USD"}, {"trade_id": 666245668, "side": "buy", "size": "0.16101872", "price": "2991.92000000", "time": "2025-07-13T14:11:59.661491Z", "fetched_at": "2025-07-13T14:13:27.854082+00:00", "symbol": "ETH-USD"}, {"trade_id": 666245667, "side": "buy", "size": "0.93194643", "price": "2991.92000000", "time": "2025-07-13T14:11:59.653699Z", "fetched_at": "2025-07-13T14:13:27.854082+00:00", "symbol": "ETH-USD"}, {"trade_id": 666245666, "side": "buy", "size": "0.42055986", "price": "2991.92000000", "time": "2025-07-13T14:11:59.638632Z", "fetched_at": "2025-07-13T14:13:27.854082+00:00", "symbol": "ETH-USD"}, {"trade_id": 666245665, "side": "buy", "size": "0.88834281", "price": "2991.92000000", "time": "2025-07-13T14:11:59.611863Z", "fetched_at": "2025-07-13T14:13:27.854082+00:00", "symbol": "ETH-USD"}, {"trade_id": 666245664, "side": "buy", "size": "1.18118133", "price": "2991.92000000", "time": "2025-07-13T14:11:59.555981Z", "fetched_at": "2025-07-13T14:13:27.854082+00:00", "symbol": "ETH-USD"}, {"trade_id": 666245663, "side": "buy", "size": "1.15817712", "price": "2991.92000000", "time": "2025-07-13T14:11:59.545659Z", "fetched_at": "2025-07-13T14:13:27.854082+00:00", "symbol": "ETH-USD"}, {"trade_id": 666245662, "side": "buy", "size": "0.30000000", "price": "2991.93000000", "time": "2025-07-13T14:11:59.505234Z", "fetched_at": "2025-07-13T14:13:27.854082+00:00", "symbol": "ETH-USD"}, {"trade_id": 666245661, "side": "sell", "size": "0.50000000", "price": "2991.89000000", "time": "2025-07-13T14:11:59.500489Z", "fetched_at": "2025-07-13T14:13:27.854082+00:00", "symbol": "ETH-USD"}, {"trade_id": 666245660, "side": "sell", "size": "0.32101550", "price": "2991.89000000", "time": "2025-07-13T14:11:59.500489Z", "fetched_at": "2025-07-13T14:13:27.854082+00:00", "symbol": "ETH-USD"}, {"trade_id": 666245659, "side": "sell", "size": "0.20000000", "price": "2991.90000000", "time": "2025-07-13T14:11:59.412007Z", "fetched_at": "2025-07-13T14:13:27.854082+00:00", "symbol": "ETH-USD"}, {"trade_id": 666245658, "side": "sell", "size": "0.40000000", "price": "2991.90000000", "time": "2025-07-13T14:11:59.412007Z", "fetched_at": "2025-07-13T14:13:27.854082+00:00", "symbol": "ETH-USD"}, {"trade_id": 666245657, "side": "sell", "size": "0.51414638", "price": "2991.92000000", "time": "2025-07-13T14:11:59.354684Z", "fetched_at": "2025-07-13T14:13:27.854082+00:00", "symbol": "ETH-USD"}, {"trade_id": 666245656, "side": "sell", "size": "0.45900000", "price": "2991.91000000", "time": "2025-07-13T14:11:59.354684Z", "fetched_at": "2025-07-13T14:13:27.854082+00:00", "symbol": "ETH-USD"}, {"trade_id": 666245655, "side": "sell", "size": "0.10976000", "price": "2991.91000000", "time": "2025-07-13T14:11:59.354684Z", "fetched_at": "2025-07-13T14:13:27.854082+00:00", "symbol": "ETH-USD"}, {"trade_id": 666245654, "side": "sell", "size": "0.40162424", "price": "2991.83000000", "time": "2025-07-13T14:11:59.284478Z", "fetched_at": "2025-07-13T14:13:27.854082+00:00", "symbol": "ETH-USD"}, {"trade_id": 666245653, "side": "sell", "size": "0.05737576", "price": "2991.83000000", "time": "2025-07-13T14:11:59.264542Z", "fetched_at": "2025-07-13T14:13:27.854082+00:00", "symbol": "ETH-USD"}, {"trade_id": 666245652, "side": "sell", "size": "0.10976000", "price": "2991.83000000", "time": "2025-07-13T14:11:59.264542Z", "fetched_at": "2025-07-13T14:13:27.854082+00:00", "symbol": "ETH-USD"}, {"trade_id": 666245651, "side": "sell", "size": "0.05737576", "price": "2991.88000000", "time": "2025-07-13T14:11:59.244918Z", "fetched_at": "2025-07-13T14:13:27.854082+00:00", "symbol": "ETH-USD"}, {"trade_id": 666245650, "side": "sell", "size": "0.10976000", "price": "2991.78000000", "time": "2025-07-13T14:11:59.244918Z", "fetched_at": "2025-07-13T14:13:27.854082+00:00", "symbol": "ETH-USD"}, {"trade_id": 666245649, "side": "sell", "size": "0.40162424", "price": "2991.88000000", "time": "2025-07-13T14:11:59.201933Z", "fetched_at": "2025-07-13T14:13:27.854082+00:00", "symbol": "ETH-USD"}, {"trade_id": 666245648, "side": "sell", "size": "0.00132924", "price": "2991.88000000", "time": "2025-07-13T14:11:59.201933Z", "fetched_at": "2025-07-13T14:13:27.854082+00:00", "symbol": "ETH-USD"}, {"trade_id": 666245647, "side": "sell", "size": "0.16713576", "price": "2991.58000000", "time": "2025-07-13T14:11:59.201933Z", "fetched_at": "2025-07-13T14:13:27.854082+00:00", "symbol": "ETH-USD"}, {"trade_id": 666245646, "side": "sell", "size": "0.00132924", "price": "2991.64000000", "time": "2025-07-13T14:11:59.185885Z", "fetched_at": "2025-07-13T14:13:27.854082+00:00", "symbol": "ETH-USD"}, {"trade_id": 666245645, "side": "buy", "size": "0.00100000", "price": "2991.56000000", "time": "2025-07-13T14:11:59.171347Z", "fetched_at": "2025-07-13T14:13:27.854082+00:00", "symbol": "ETH-USD"}, {"trade_id": 666245644, "side": "sell", "size": "0.37433960", "price": "2991.88000000", "time": "2025-07-13T14:11:59.160695Z", "fetched_at": "2025-07-13T14:13:27.854082+00:00", "symbol": "ETH-USD"}, {"trade_id": 666245643, "side": "sell", "size": "0.10063464", "price": "2991.86000000", "time": "2025-07-13T14:11:59.160695Z", "fetched_at": "2025-07-13T14:13:27.854082+00:00", "symbol": "ETH-USD"}, {"trade_id": 666245642, "side": "sell", "size": "0.05000000", "price": "2991.86000000", "time": "2025-07-13T14:11:59.160695Z", "fetched_at": "2025-07-13T14:13:27.854082+00:00", "symbol": "ETH-USD"}, {"trade_id": 666245641, "side": "sell", "size": "0.45900000", "price": "2991.86000000", "time": "2025-07-13T14:11:59.160695Z", "fetched_at": "2025-07-13T14:13:27.854082+00:00", "symbol": "ETH-USD"}, {"trade_id": 666245640, "side": "sell", "size": "0.83560338", "price": "2991.85000000", "time": "2025-07-13T14:11:59.160695Z", "fetched_at": "2025-07-13T14:13:27.854082+00:00", "symbol": "ETH-USD"}, {"trade_id": 666245639, "side": "sell", "size": "0.03289184", "price": "2991.85000000", "time": "2025-07-13T14:11:59.160695Z", "fetched_at": "2025-07-13T14:13:27.854082+00:00", "symbol": "ETH-USD"}, {"trade_id": 666245638, "side": "sell", "size": "0.00132924", "price": "2991.84000000", "time": "2025-07-13T14:11:59.160695Z", "fetched_at": "2025-07-13T14:13:27.854082+00:00", "symbol": "ETH-USD"}, {"trade_id": 666245637, "side": "sell", "size": "0.00030999", "price": "2991.61000000", "time": "2025-07-13T14:11:59.160695Z", "fetched_at": "2025-07-13T14:13:27.854082+00:00", "symbol": "ETH-USD"}, {"trade_id": 666245636, "side": "sell", "size": "0.00024001", "price": "2991.61000000", "time": "2025-07-13T14:11:59.160695Z", "fetched_at": "2025-07-13T14:13:27.854082+00:00", "symbol": "ETH-USD"}, {"trade_id": 666245635, "side": "sell", "size": "0.16713464", "price": "2991.60000000", "time": "2025-07-13T14:11:59.160695Z", "fetched_at": "2025-07-13T14:13:27.854082+00:00", "symbol": "ETH-USD"}, {"trade_id": 666245634, "side": "sell", "size": "0.15000000", "price": "2991.59000000", "time": "2025-07-13T14:11:59.160695Z", "fetched_at": "2025-07-13T14:13:27.854082+00:00", "symbol": "ETH-USD"}, {"trade_id": 666245633, "side": "sell", "size": "0.45900000", "price": "2991.89000000", "time": "2025-07-13T14:11:59.117282Z", "fetched_at": "2025-07-13T14:13:27.854082+00:00", "symbol": "ETH-USD"}, {"trade_id": 666245632, "side": "sell", "size": "0.00366072", "price": "2991.77000000", "time": "2025-07-13T14:11:59.117282Z", "fetched_at": "2025-07-13T14:13:27.854082+00:00", "symbol": "ETH-USD"}, {"trade_id": 666245631, "side": "sell", "size": "0.15000000", "price": "2991.61000000", "time": "2025-07-13T14:11:59.117282Z", "fetched_at": "2025-07-13T14:13:27.854082+00:00", "symbol": "ETH-USD"}, {"trade_id": 666245630, "side": "buy", "size": "0.02018709", "price": "2991.77000000", "time": "2025-07-13T14:11:59.105294Z", "fetched_at": "2025-07-13T14:13:27.854082+00:00", "symbol": "ETH-USD"}, {"trade_id": 666245629, "side": "sell", "size": "0.16712347", "price": "2991.80000000", "time": "2025-07-13T14:11:59.096813Z", "fetched_at": "2025-07-13T14:13:27.854082+00:00", "symbol": "ETH-USD"}