[{"trade_id": 666263598, "side": "buy", "size": "0.00870591", "price": "3000.26000000", "time": "2025-07-13T14:39:24.366608Z", "fetched_at": "2025-07-13T14:39:31.730004+00:00", "symbol": "ETH-USD"}, {"trade_id": 666263597, "side": "buy", "size": "0.07668849", "price": "3000.45000000", "time": "2025-07-13T14:39:23.710038Z", "fetched_at": "2025-07-13T14:39:31.730004+00:00", "symbol": "ETH-USD"}, {"trade_id": 666263596, "side": "buy", "size": "0.00000333", "price": "3000.45000000", "time": "2025-07-13T14:39:23.710038Z", "fetched_at": "2025-07-13T14:39:31.730004+00:00", "symbol": "ETH-USD"}, {"trade_id": 666263595, "side": "buy", "size": "0.00591000", "price": "3000.45000000", "time": "2025-07-13T14:39:23.710038Z", "fetched_at": "2025-07-13T14:39:31.730004+00:00", "symbol": "ETH-USD"}, {"trade_id": 666263594, "side": "sell", "size": "0.09907877", "price": "3000.46000000", "time": "2025-07-13T14:39:22.721805Z", "fetched_at": "2025-07-13T14:39:31.730004+00:00", "symbol": "ETH-USD"}, {"trade_id": 666263593, "side": "sell", "size": "0.04743143", "price": "3000.46000000", "time": "2025-07-13T14:39:21.691640Z", "fetched_at": "2025-07-13T14:39:31.730004+00:00", "symbol": "ETH-USD"}, {"trade_id": 666263592, "side": "sell", "size": "0.32390127", "price": "3000.46000000", "time": "2025-07-13T14:39:21.268091Z", "fetched_at": "2025-07-13T14:39:31.730004+00:00", "symbol": "ETH-USD"}, {"trade_id": 666263591, "side": "sell", "size": "0.00005589", "price": "3000.46000000", "time": "2025-07-13T14:39:21.268091Z", "fetched_at": "2025-07-13T14:39:31.730004+00:00", "symbol": "ETH-USD"}, {"trade_id": 666263590, "side": "sell", "size": "0.01327016", "price": "3000.46000000", "time": "2025-07-13T14:39:20.235811Z", "fetched_at": "2025-07-13T14:39:31.730004+00:00", "symbol": "ETH-USD"}, {"trade_id": 666263589, "side": "sell", "size": "0.00326730", "price": "3000.46000000", "time": "2025-07-13T14:39:20.235811Z", "fetched_at": "2025-07-13T14:39:31.730004+00:00", "symbol": "ETH-USD"}, {"trade_id": 666263588, "side": "sell", "size": "0.00013896", "price": "3000.01000000", "time": "2025-07-13T14:39:19.820157Z", "fetched_at": "2025-07-13T14:39:31.730004+00:00", "symbol": "ETH-USD"}, {"trade_id": 666263587, "side": "sell", "size": "0.00024001", "price": "3000.01000000", "time": "2025-07-13T14:39:19.820157Z", "fetched_at": "2025-07-13T14:39:31.730004+00:00", "symbol": "ETH-USD"}, {"trade_id": 666263586, "side": "sell", "size": "0.00023462", "price": "3000.01000000", "time": "2025-07-13T14:39:19.820157Z", "fetched_at": "2025-07-13T14:39:31.730004+00:00", "symbol": "ETH-USD"}, {"trade_id": 666263585, "side": "buy", "size": "0.64086000", "price": "3000.00000000", "time": "2025-07-13T14:39:18.331507Z", "fetched_at": "2025-07-13T14:39:31.730004+00:00", "symbol": "ETH-USD"}, {"trade_id": 666263584, "side": "buy", "size": "0.39890555", "price": "3000.00000000", "time": "2025-07-13T14:39:18.331507Z", "fetched_at": "2025-07-13T14:39:31.730004+00:00", "symbol": "ETH-USD"}, {"trade_id": 666263583, "side": "buy", "size": "0.04442000", "price": "3000.00000000", "time": "2025-07-13T14:39:18.331507Z", "fetched_at": "2025-07-13T14:39:31.730004+00:00", "symbol": "ETH-USD"}, {"trade_id": 666263582, "side": "buy", "size": "0.53102018", "price": "3000.00000000", "time": "2025-07-13T14:39:18.331507Z", "fetched_at": "2025-07-13T14:39:31.730004+00:00", "symbol": "ETH-USD"}, {"trade_id": 666263581, "side": "buy", "size": "0.12000000", "price": "3000.00000000", "time": "2025-07-13T14:39:17.830123Z", "fetched_at": "2025-07-13T14:39:31.730004+00:00", "symbol": "ETH-USD"}, {"trade_id": 666263580, "side": "buy", "size": "0.03713983", "price": "3000.00000000", "time": "2025-07-13T14:39:17.801868Z", "fetched_at": "2025-07-13T14:39:31.730004+00:00", "symbol": "ETH-USD"}, {"trade_id": 666263579, "side": "buy", "size": "0.05286017", "price": "3000.00000000", "time": "2025-07-13T14:39:17.801868Z", "fetched_at": "2025-07-13T14:39:31.730004+00:00", "symbol": "ETH-USD"}, {"trade_id": 666263578, "side": "buy", "size": "0.02611306", "price": "3000.00000000", "time": "2025-07-13T14:39:17.774993Z", "fetched_at": "2025-07-13T14:39:31.730004+00:00", "symbol": "ETH-USD"}, {"trade_id": 666263577, "side": "buy", "size": "0.01388694", "price": "3000.00000000", "time": "2025-07-13T14:39:17.774993Z", "fetched_at": "2025-07-13T14:39:31.730004+00:00", "symbol": "ETH-USD"}, {"trade_id": 666263576, "side": "buy", "size": "0.00139306", "price": "3000.00000000", "time": "2025-07-13T14:39:17.746171Z", "fetched_at": "2025-07-13T14:39:31.730004+00:00", "symbol": "ETH-USD"}, {"trade_id": 666263575, "side": "buy", "size": "0.02613333", "price": "3000.00000000", "time": "2025-07-13T14:39:17.746171Z", "fetched_at": "2025-07-13T14:39:31.730004+00:00", "symbol": "ETH-USD"}, {"trade_id": 666263574, "side": "buy", "size": "0.00496666", "price": "3000.00000000", "time": "2025-07-13T14:39:17.746171Z", "fetched_at": "2025-07-13T14:39:31.730004+00:00", "symbol": "ETH-USD"}, {"trade_id": 666263573, "side": "buy", "size": "0.08750695", "price": "3000.00000000", "time": "2025-07-13T14:39:17.746171Z", "fetched_at": "2025-07-13T14:39:31.730004+00:00", "symbol": "ETH-USD"}, {"trade_id": 666263572, "side": "buy", "size": "0.12000000", "price": "3000.00000000", "time": "2025-07-13T14:39:17.715005Z", "fetched_at": "2025-07-13T14:39:31.730004+00:00", "symbol": "ETH-USD"}, {"trade_id": 666263571, "side": "buy", "size": "0.15000000", "price": "3000.00000000", "time": "2025-07-13T14:39:17.686020Z", "fetched_at": "2025-07-13T14:39:31.730004+00:00", "symbol": "ETH-USD"}, {"trade_id": 666263570, "side": "buy", "size": "0.07000000", "price": "3000.00000000", "time": "2025-07-13T14:39:17.658691Z", "fetched_at": "2025-07-13T14:39:31.730004+00:00", "symbol": "ETH-USD"}, {"trade_id": 666263569, "side": "sell", "size": "0.00007539", "price": "3000.01000000", "time": "2025-07-13T14:39:17.082756Z", "fetched_at": "2025-07-13T14:39:31.730004+00:00", "symbol": "ETH-USD"}, {"trade_id": 666263568, "side": "sell", "size": "0.00000714", "price": "3000.01000000", "time": "2025-07-13T14:39:17.082756Z", "fetched_at": "2025-07-13T14:39:31.730004+00:00", "symbol": "ETH-USD"}, {"trade_id": 666263567, "side": "buy", "size": "0.13893306", "price": "3000.00000000", "time": "2025-07-13T14:39:16.681678Z", "fetched_at": "2025-07-13T14:39:31.730004+00:00", "symbol": "ETH-USD"}, {"trade_id": 666263566, "side": "sell", "size": "0.00004874", "price": "3000.01000000", "time": "2025-07-13T14:39:16.125078Z", "fetched_at": "2025-07-13T14:39:31.730004+00:00", "symbol": "ETH-USD"}, {"trade_id": 666263565, "side": "sell", "size": "1.09833838", "price": "3000.34000000", "time": "2025-07-13T14:39:15.433464Z", "fetched_at": "2025-07-13T14:39:31.730004+00:00", "symbol": "ETH-USD"}, {"trade_id": 666263564, "side": "sell", "size": "0.16665116", "price": "3000.28000000", "time": "2025-07-13T14:39:15.433464Z", "fetched_at": "2025-07-13T14:39:31.730004+00:00", "symbol": "ETH-USD"}, {"trade_id": 666263563, "side": "sell", "size": "0.00326733", "price": "2999.99000000", "time": "2025-07-13T14:39:15.433464Z", "fetched_at": "2025-07-13T14:39:31.730004+00:00", "symbol": "ETH-USD"}, {"trade_id": 666263562, "side": "sell", "size": "0.06174313", "price": "2999.99000000", "time": "2025-07-13T14:39:15.433464Z", "fetched_at": "2025-07-13T14:39:31.730004+00:00", "symbol": "ETH-USD"}, {"trade_id": 666263561, "side": "buy", "size": "0.02294441", "price": "2999.98000000", "time": "2025-07-13T14:39:14.921234Z", "fetched_at": "2025-07-13T14:39:31.730004+00:00", "symbol": "ETH-USD"}, {"trade_id": 666263560, "side": "buy", "size": "0.00084335", "price": "2999.98000000", "time": "2025-07-13T14:39:14.520668Z", "fetched_at": "2025-07-13T14:39:31.730004+00:00", "symbol": "ETH-USD"}, {"trade_id": 666263559, "side": "buy", "size": "0.02490006", "price": "2999.98000000", "time": "2025-07-13T14:39:14.503437Z", "fetched_at": "2025-07-13T14:39:31.730004+00:00", "symbol": "ETH-USD"}, {"trade_id": 666263558, "side": "sell", "size": "0.00101032", "price": "2999.99000000", "time": "2025-07-13T14:39:14.234370Z", "fetched_at": "2025-07-13T14:39:31.730004+00:00", "symbol": "ETH-USD"}, {"trade_id": 666263557, "side": "buy", "size": "0.32300000", "price": "2999.98000000", "time": "2025-07-13T14:39:14.171763Z", "fetched_at": "2025-07-13T14:39:31.730004+00:00", "symbol": "ETH-USD"}, {"trade_id": 666263556, "side": "sell", "size": "0.00632822", "price": "2999.99000000", "time": "2025-07-13T14:39:13.915176Z", "fetched_at": "2025-07-13T14:39:31.730004+00:00", "symbol": "ETH-USD"}, {"trade_id": 666263555, "side": "sell", "size": "0.50000000", "price": "2999.56000000", "time": "2025-07-13T14:39:13.459025Z", "fetched_at": "2025-07-13T14:39:31.730004+00:00", "symbol": "ETH-USD"}, {"trade_id": 666263554, "side": "buy", "size": "0.00809318", "price": "2999.31000000", "time": "2025-07-13T14:39:12.404241Z", "fetched_at": "2025-07-13T14:39:31.730004+00:00", "symbol": "ETH-USD"}, {"trade_id": 666263553, "side": "buy", "size": "0.04277969", "price": "2999.32000000", "time": "2025-07-13T14:39:12.404241Z", "fetched_at": "2025-07-13T14:39:31.730004+00:00", "symbol": "ETH-USD"}, {"trade_id": 666263552, "side": "sell", "size": "0.00269502", "price": "2999.48000000", "time": "2025-07-13T14:39:12.161172Z", "fetched_at": "2025-07-13T14:39:31.730004+00:00", "symbol": "ETH-USD"}, {"trade_id": 666263551, "side": "sell", "size": "0.00317748", "price": "2999.47000000", "time": "2025-07-13T14:39:12.161172Z", "fetched_at": "2025-07-13T14:39:31.730004+00:00", "symbol": "ETH-USD"}, {"trade_id": 666263550, "side": "sell", "size": "0.00030767", "price": "2999.47000000", "time": "2025-07-13T14:39:12.161172Z", "fetched_at": "2025-07-13T14:39:31.730004+00:00", "symbol": "ETH-USD"}, {"trade_id": 666263549, "side": "sell", "size": "0.00014451", "price": "2999.46000000", "time": "2025-07-13T14:39:12.161172Z", "fetched_at": "2025-07-13T14:39:31.730004+00:00", "symbol": "ETH-USD"}, {"trade_id": 666263548, "side": "buy", "size": "0.00538675", "price": "2999.31000000", "time": "2025-07-13T14:39:11.399965Z", "fetched_at": "2025-07-13T14:39:31.730004+00:00", "symbol": "ETH-USD"}, {"trade_id": 666263547, "side": "buy", "size": "0.01514939", "price": "2999.46000000", "time": "2025-07-13T14:39:11.399965Z", "fetched_at": "2025-07-13T14:39:31.730004+00:00", "symbol": "ETH-USD"}, {"trade_id": 666263546, "side": "buy", "size": "0.00000333", "price": "2999.46000000", "time": "2025-07-13T14:39:11.399965Z", "fetched_at": "2025-07-13T14:39:31.730004+00:00", "symbol": "ETH-USD"}, {"trade_id": 666263545, "side": "sell", "size": "0.00180686", "price": "2999.47000000", "time": "2025-07-13T14:39:11.303800Z", "fetched_at": "2025-07-13T14:39:31.730004+00:00", "symbol": "ETH-USD"}, {"trade_id": 666263544, "side": "sell", "size": "0.00039058", "price": "2999.47000000", "time": "2025-07-13T14:39:11.303800Z", "fetched_at": "2025-07-13T14:39:31.730004+00:00", "symbol": "ETH-USD"}, {"trade_id": 666263543, "side": "sell", "size": "0.00065989", "price": "2999.47000000", "time": "2025-07-13T14:39:11.035814Z", "fetched_at": "2025-07-13T14:39:31.730004+00:00", "symbol": "ETH-USD"}, {"trade_id": 666263542, "side": "sell", "size": "0.00000333", "price": "2999.72000000", "time": "2025-07-13T14:39:10.740134Z", "fetched_at": "2025-07-13T14:39:31.730004+00:00", "symbol": "ETH-USD"}, {"trade_id": 666263541, "side": "sell", "size": "0.00002665", "price": "2999.72000000", "time": "2025-07-13T14:39:10.722814Z", "fetched_at": "2025-07-13T14:39:31.730004+00:00", "symbol": "ETH-USD"}, {"trade_id": 666263540, "side": "sell", "size": "0.06264315", "price": "2999.74000000", "time": "2025-07-13T14:39:10.705774Z", "fetched_at": "2025-07-13T14:39:31.730004+00:00", "symbol": "ETH-USD"}, {"trade_id": 666263539, "side": "sell", "size": "0.00326792", "price": "2999.73000000", "time": "2025-07-13T14:39:10.705774Z", "fetched_at": "2025-07-13T14:39:31.730004+00:00", "symbol": "ETH-USD"}, {"trade_id": 666263538, "side": "sell", "size": "0.00006494", "price": "2999.59000000", "time": "2025-07-13T14:39:10.705774Z", "fetched_at": "2025-07-13T14:39:31.730004+00:00", "symbol": "ETH-USD"}, {"trade_id": 666263537, "side": "sell", "size": "0.00080000", "price": "2999.32000000", "time": "2025-07-13T14:39:09.746493Z", "fetched_at": "2025-07-13T14:39:31.730004+00:00", "symbol": "ETH-USD"}, {"trade_id": 666263536, "side": "sell", "size": "0.12613118", "price": "2999.33000000", "time": "2025-07-13T14:39:08.855828Z", "fetched_at": "2025-07-13T14:39:31.730004+00:00", "symbol": "ETH-USD"}, {"trade_id": 666263535, "side": "sell", "size": "0.00326698", "price": "2999.32000000", "time": "2025-07-13T14:39:08.855828Z", "fetched_at": "2025-07-13T14:39:31.730004+00:00", "symbol": "ETH-USD"}, {"trade_id": 666263534, "side": "sell", "size": "0.19593300", "price": "2999.33000000", "time": "2025-07-13T14:39:08.249876Z", "fetched_at": "2025-07-13T14:39:31.730004+00:00", "symbol": "ETH-USD"}, {"trade_id": 666263533, "side": "sell", "size": "0.03157791", "price": "2999.32000000", "time": "2025-07-13T14:39:08.249876Z", "fetched_at": "2025-07-13T14:39:31.730004+00:00", "symbol": "ETH-USD"}, {"trade_id": 666263532, "side": "sell", "size": "0.01701000", "price": "2999.33000000", "time": "2025-07-13T14:39:08.110756Z", "fetched_at": "2025-07-13T14:39:31.730004+00:00", "symbol": "ETH-USD"}, {"trade_id": 666263531, "side": "buy", "size": "0.01989000", "price": "2999.85000000", "time": "2025-07-13T14:39:07.920585Z", "fetched_at": "2025-07-13T14:39:31.730004+00:00", "symbol": "ETH-USD"}, {"trade_id": 666263530, "side": "buy", "size": "0.00133006", "price": "2999.85000000", "time": "2025-07-13T14:39:07.920585Z", "fetched_at": "2025-07-13T14:39:31.730004+00:00", "symbol": "ETH-USD"}, {"trade_id": 666263529, "side": "buy", "size": "0.00187676", "price": "2999.85000000", "time": "2025-07-13T14:39:07.920585Z", "fetched_at": "2025-07-13T14:39:31.730004+00:00", "symbol": "ETH-USD"}, {"trade_id": 666263528, "side": "buy", "size": "0.00002000", "price": "2999.85000000", "time": "2025-07-13T14:39:07.920585Z", "fetched_at": "2025-07-13T14:39:31.730004+00:00", "symbol": "ETH-USD"}, {"trade_id": 666263527, "side": "sell", "size": "0.00483089", "price": "2999.86000000", "time": "2025-07-13T14:39:07.822777Z", "fetched_at": "2025-07-13T14:39:31.730004+00:00", "symbol": "ETH-USD"}, {"trade_id": 666263526, "side": "sell", "size": "0.00326677", "price": "2999.86000000", "time": "2025-07-13T14:39:07.822777Z", "fetched_at": "2025-07-13T14:39:31.730004+00:00", "symbol": "ETH-USD"}, {"trade_id": 666263525, "side": "buy", "size": "0.01958332", "price": "3000.30000000", "time": "2025-07-13T14:39:07.341046Z", "fetched_at": "2025-07-13T14:39:31.730004+00:00", "symbol": "ETH-USD"}, {"trade_id": 666263524, "side": "buy", "size": "0.00086201", "price": "3000.30000000", "time": "2025-07-13T14:39:07.341046Z", "fetched_at": "2025-07-13T14:39:31.730004+00:00", "symbol": "ETH-USD"}, {"trade_id": 666263523, "side": "buy", "size": "0.00802798", "price": "3000.31000000", "time": "2025-07-13T14:39:07.095514Z", "fetched_at": "2025-07-13T14:39:31.730004+00:00", "symbol": "ETH-USD"}, {"trade_id": 666263522, "side": "buy", "size": "0.01603447", "price": "3000.41000000", "time": "2025-07-13T14:39:07.062153Z", "fetched_at": "2025-07-13T14:39:31.730004+00:00", "symbol": "ETH-USD"}, {"trade_id": 666263521, "side": "buy", "size": "0.05376265", "price": "3000.41000000", "time": "2025-07-13T14:39:07.062153Z", "fetched_at": "2025-07-13T14:39:31.730004+00:00", "symbol": "ETH-USD"}, {"trade_id": 666263520, "side": "buy", "size": "0.76568001", "price": "3000.41000000", "time": "2025-07-13T14:39:07.062153Z", "fetched_at": "2025-07-13T14:39:31.730004+00:00", "symbol": "ETH-USD"}, {"trade_id": 666263519, "side": "buy", "size": "0.01661106", "price": "3000.41000000", "time": "2025-07-13T14:39:07.062153Z", "fetched_at": "2025-07-13T14:39:31.730004+00:00", "symbol": "ETH-USD"}, {"trade_id": 666263518, "side": "buy", "size": "0.77044001", "price": "3000.44000000", "time": "2025-07-13T14:39:06.597509Z", "fetched_at": "2025-07-13T14:39:31.730004+00:00", "symbol": "ETH-USD"}, {"trade_id": 666263517, "side": "buy", "size": "0.16834287", "price": "3000.48000000", "time": "2025-07-13T14:39:05.539759Z", "fetched_at": "2025-07-13T14:39:31.730004+00:00", "symbol": "ETH-USD"}, {"trade_id": 666263516, "side": "sell", "size": "0.01741945", "price": "3000.77000000", "time": "2025-07-13T14:39:04.805973Z", "fetched_at": "2025-07-13T14:39:31.730004+00:00", "symbol": "ETH-USD"}, {"trade_id": 666263515, "side": "sell", "size": "0.00002657", "price": "3000.72000000", "time": "2025-07-13T14:39:04.805973Z", "fetched_at": "2025-07-13T14:39:31.730004+00:00", "symbol": "ETH-USD"}, {"trade_id": 666263514, "side": "sell", "size": "0.00022940", "price": "3000.72000000", "time": "2025-07-13T14:39:04.805973Z", "fetched_at": "2025-07-13T14:39:31.730004+00:00", "symbol": "ETH-USD"}, {"trade_id": 666263513, "side": "sell", "size": "0.00004684", "price": "3000.72000000", "time": "2025-07-13T14:39:04.805973Z", "fetched_at": "2025-07-13T14:39:31.730004+00:00", "symbol": "ETH-USD"}, {"trade_id": 666263512, "side": "sell", "size": "0.00017235", "price": "3000.72000000", "time": "2025-07-13T14:39:04.805973Z", "fetched_at": "2025-07-13T14:39:31.730004+00:00", "symbol": "ETH-USD"}, {"trade_id": 666263511, "side": "sell", "size": "0.04883823", "price": "3000.69000000", "time": "2025-07-13T14:39:04.805973Z", "fetched_at": "2025-07-13T14:39:31.730004+00:00", "symbol": "ETH-USD"}, {"trade_id": 666263510, "side": "sell", "size": "0.00326716", "price": "3000.68000000", "time": "2025-07-13T14:39:04.805973Z", "fetched_at": "2025-07-13T14:39:31.730004+00:00", "symbol": "ETH-USD"}, {"trade_id": 666263509, "side": "sell", "size": "0.00124013", "price": "3000.30000000", "time": "2025-07-13T14:39:04.648669Z", "fetched_at": "2025-07-13T14:39:31.730004+00:00", "symbol": "ETH-USD"}, {"trade_id": 666263508, "side": "sell", "size": "0.00041337", "price": "3000.30000000", "time": "2025-07-13T14:39:04.648669Z", "fetched_at": "2025-07-13T14:39:31.730004+00:00", "symbol": "ETH-USD"}, {"trade_id": 666263507, "side": "sell", "size": "0.00016764", "price": "3000.30000000", "time": "2025-07-13T14:39:04.648669Z", "fetched_at": "2025-07-13T14:39:31.730004+00:00", "symbol": "ETH-USD"}, {"trade_id": 666263506, "side": "sell", "size": "0.00096007", "price": "3000.30000000", "time": "2025-07-13T14:39:04.648669Z", "fetched_at": "2025-07-13T14:39:31.730004+00:00", "symbol": "ETH-USD"}, {"trade_id": 666263505, "side": "sell", "size": "0.00161325", "price": "3000.14000000", "time": "2025-07-13T14:39:04.407230Z", "fetched_at": "2025-07-13T14:39:31.730004+00:00", "symbol": "ETH-USD"}, {"trade_id": 666263504, "side": "buy", "size": "0.05921686", "price": "2999.85000000", "time": "2025-07-13T14:39:03.724659Z", "fetched_at": "2025-07-13T14:39:31.730004+00:00", "symbol": "ETH-USD"}, {"trade_id": 666263503, "side": "buy", "size": "0.02495458", "price": "2999.85000000", "time": "2025-07-13T14:39:03.724659Z", "fetched_at": "2025-07-13T14:39:31.730004+00:00", "symbol": "ETH-USD"}, {"trade_id": 666263502, "side": "buy", "size": "0.54195659", "price": "3000.29000000", "time": "2025-07-13T14:39:03.701347Z", "fetched_at": "2025-07-13T14:39:31.730004+00:00", "symbol": "ETH-USD"}, {"trade_id": 666263501, "side": "buy", "size": "0.02040342", "price": "3000.29000000", "time": "2025-07-13T14:39:03.132927Z", "fetched_at": "2025-07-13T14:39:31.730004+00:00", "symbol": "ETH-USD"}, {"trade_id": 666263500, "side": "buy", "size": "0.00196880", "price": "3000.19000000", "time": "2025-07-13T14:39:02.987878Z", "fetched_at": "2025-07-13T14:39:31.730004+00:00", "symbol": "ETH-USD"}, {"trade_id": 666263499, "side": "buy", "size": "0.00158368", "price": "3000.20000000", "time": "2025-07-13T14:39:02.987878Z", "fetched_at": "2025-07-13T14:39:31.730004+00:00", "symbol": "ETH-USD"}, {"trade_id": 666263498, "side": "sell", "size": "0.00789935", "price": "2999.86000000", "time": "2025-07-13T14:39:02.821604Z", "fetched_at": "2025-07-13T14:39:31.730004+00:00", "symbol": "ETH-USD"}, {"trade_id": 666263497, "side": "sell", "size": "0.56241131", "price": "2999.70000000", "time": "2025-07-13T14:39:02.662736Z", "fetched_at": "2025-07-13T14:39:31.730004+00:00", "symbol": "ETH-USD"}, {"trade_id": 666263496, "side": "sell", "size": "1.07083140", "price": "2999.70000000", "time": "2025-07-13T14:39:02.661166Z", "fetched_at": "2025-07-13T14:39:31.730004+00:00", "symbol": "ETH-USD"}, {"trade_id": 666263495, "side": "sell", "size": "0.60868217", "price": "2999.70000000", "time": "2025-07-13T14:39:02.661166Z", "fetched_at": "2025-07-13T14:39:31.730004+00:00", "symbol": "ETH-USD"}, {"trade_id": 666263494, "side": "sell", "size": "0.00326834", "price": "2999.68000000", "time": "2025-07-13T14:39:02.657434Z", "fetched_at": "2025-07-13T14:39:31.730004+00:00", "symbol": "ETH-USD"}, {"trade_id": 666263493, "side": "sell", "size": "0.36568752", "price": "2999.44000000", "time": "2025-07-13T14:39:02.604577Z", "fetched_at": "2025-07-13T14:39:31.730004+00:00", "symbol": "ETH-USD"}, {"trade_id": 666263492, "side": "sell", "size": "0.33095677", "price": "2999.25000000", "time": "2025-07-13T14:39:02.595969Z", "fetched_at": "2025-07-13T14:39:31.730004+00:00", "symbol": "ETH-USD"}, {"trade_id": 666263491, "side": "sell", "size": "0.39803927", "price": "2999.38000000", "time": "2025-07-13T14:39:02.595753Z", "fetched_at": "2025-07-13T14:39:31.730004+00:00", "symbol": "ETH-USD"}, {"trade_id": 666263490, "side": "sell", "size": "0.46671162", "price": "2999.38000000", "time": "2025-07-13T14:39:02.595604Z", "fetched_at": "2025-07-13T14:39:31.730004+00:00", "symbol": "ETH-USD"}, {"trade_id": 666263489, "side": "sell", "size": "0.10000000", "price": "2999.26000000", "time": "2025-07-13T14:39:02.595604Z", "fetched_at": "2025-07-13T14:39:31.730004+00:00", "symbol": "ETH-USD"}, {"trade_id": 666263488, "side": "sell", "size": "0.26678900", "price": "2999.26000000", "time": "2025-07-13T14:39:02.595604Z", "fetched_at": "2025-07-13T14:39:31.730004+00:00", "symbol": "ETH-USD"}, {"trade_id": 666263487, "side": "buy", "size": "0.09967000", "price": "2999.19000000", "time": "2025-07-13T14:39:02.595226Z", "fetched_at": "2025-07-13T14:39:31.730004+00:00", "symbol": "ETH-USD"}, {"trade_id": 666263486, "side": "sell", "size": "0.25362945", "price": "2999.26000000", "time": "2025-07-13T14:39:02.590715Z", "fetched_at": "2025-07-13T14:39:31.730004+00:00", "symbol": "ETH-USD"}, {"trade_id": 666263485, "side": "sell", "size": "0.57991112", "price": "2999.26000000", "time": "2025-07-13T14:39:02.589948Z", "fetched_at": "2025-07-13T14:39:31.730004+00:00", "symbol": "ETH-USD"}, {"trade_id": 666263484, "side": "sell", "size": "0.45900000", "price": "2998.97000000", "time": "2025-07-13T14:39:02.589948Z", "fetched_at": "2025-07-13T14:39:31.730004+00:00", "symbol": "ETH-USD"}, {"trade_id": 666263483, "side": "sell", "size": "0.39897592", "price": "2999.23000000", "time": "2025-07-13T14:39:02.587504Z", "fetched_at": "2025-07-13T14:39:31.730004+00:00", "symbol": "ETH-USD"}, {"trade_id": 666263482, "side": "sell", "size": "0.33323485", "price": "2999.20000000", "time": "2025-07-13T14:39:02.587504Z", "fetched_at": "2025-07-13T14:39:31.730004+00:00", "symbol": "ETH-USD"}, {"trade_id": 666263481, "side": "sell", "size": "0.26925938", "price": "2999.20000000", "time": "2025-07-13T14:39:02.587504Z", "fetched_at": "2025-07-13T14:39:31.730004+00:00", "symbol": "ETH-USD"}, {"trade_id": 666263480, "side": "sell", "size": "0.01701000", "price": "2999.20000000", "time": "2025-07-13T14:39:02.586291Z", "fetched_at": "2025-07-13T14:39:31.730004+00:00", "symbol": "ETH-USD"}, {"trade_id": 666263479, "side": "sell", "size": "0.01701000", "price": "2999.20000000", "time": "2025-07-13T14:39:02.586114Z", "fetched_at": "2025-07-13T14:39:31.730004+00:00", "symbol": "ETH-USD"}, {"trade_id": 666263478, "side": "sell", "size": "0.70541460", "price": "2999.17000000", "time": "2025-07-13T14:39:02.585234Z", "fetched_at": "2025-07-13T14:39:31.730004+00:00", "symbol": "ETH-USD"}, {"trade_id": 666263477, "side": "sell", "size": "0.02725773", "price": "2999.16000000", "time": "2025-07-13T14:39:02.585234Z", "fetched_at": "2025-07-13T14:39:31.730004+00:00", "symbol": "ETH-USD"}, {"trade_id": 666263476, "side": "sell", "size": "0.30000000", "price": "2999.10000000", "time": "2025-07-13T14:39:02.585234Z", "fetched_at": "2025-07-13T14:39:31.730004+00:00", "symbol": "ETH-USD"}, {"trade_id": 666263475, "side": "sell", "size": "0.16671908", "price": "2999.06000000", "time": "2025-07-13T14:39:02.585234Z", "fetched_at": "2025-07-13T14:39:31.730004+00:00", "symbol": "ETH-USD"}, {"trade_id": 666263474, "side": "sell", "size": "0.00030999", "price": "2999.05000000", "time": "2025-07-13T14:39:02.585234Z", "fetched_at": "2025-07-13T14:39:31.730004+00:00", "symbol": "ETH-USD"}, {"trade_id": 666263473, "side": "sell", "size": "0.00005590", "price": "2999.05000000", "time": "2025-07-13T14:39:02.585234Z", "fetched_at": "2025-07-13T14:39:31.730004+00:00", "symbol": "ETH-USD"}, {"trade_id": 666263472, "side": "sell", "size": "0.00024004", "price": "2999.05000000", "time": "2025-07-13T14:39:02.585234Z", "fetched_at": "2025-07-13T14:39:31.730004+00:00", "symbol": "ETH-USD"}, {"trade_id": 666263471, "side": "sell", "size": "0.00010335", "price": "2999.05000000", "time": "2025-07-13T14:39:02.585234Z", "fetched_at": "2025-07-13T14:39:31.730004+00:00", "symbol": "ETH-USD"}, {"trade_id": 666263470, "side": "sell", "size": "0.30000000", "price": "2999.00000000", "time": "2025-07-13T14:39:02.585234Z", "fetched_at": "2025-07-13T14:39:31.730004+00:00", "symbol": "ETH-USD"}, {"trade_id": 666263469, "side": "sell", "size": "0.46045702", "price": "2998.99000000", "time": "2025-07-13T14:39:02.585234Z", "fetched_at": "2025-07-13T14:39:31.730004+00:00", "symbol": "ETH-USD"}, {"trade_id": 666263468, "side": "sell", "size": "0.14100000", "price": "2998.98000000", "time": "2025-07-13T14:39:02.585234Z", "fetched_at": "2025-07-13T14:39:31.730004+00:00", "symbol": "ETH-USD"}, {"trade_id": 666263467, "side": "sell", "size": "0.00326834", "price": "2998.97000000", "time": "2025-07-13T14:39:02.585234Z", "fetched_at": "2025-07-13T14:39:31.730004+00:00", "symbol": "ETH-USD"}, {"trade_id": 666263466, "side": "sell", "size": "0.31183000", "price": "2998.91000000", "time": "2025-07-13T14:39:02.584489Z", "fetched_at": "2025-07-13T14:39:31.730004+00:00", "symbol": "ETH-USD"}, {"trade_id": 666263465, "side": "sell", "size": "0.45900000", "price": "2998.91000000", "time": "2025-07-13T14:39:02.584489Z", "fetched_at": "2025-07-13T14:39:31.730004+00:00", "symbol": "ETH-USD"}, {"trade_id": 666263464, "side": "buy", "size": "0.01337779", "price": "2999.00000000", "time": "2025-07-13T14:39:01.753749Z", "fetched_at": "2025-07-13T14:39:31.730004+00:00", "symbol": "ETH-USD"}, {"trade_id": 666263463, "side": "buy", "size": "0.01652217", "price": "2999.00000000", "time": "2025-07-13T14:39:01.753749Z", "fetched_at": "2025-07-13T14:39:31.730004+00:00", "symbol": "ETH-USD"}, {"trade_id": 666263462, "side": "buy", "size": "0.04278035", "price": "2999.04000000", "time": "2025-07-13T14:39:01.753749Z", "fetched_at": "2025-07-13T14:39:31.730004+00:00", "symbol": "ETH-USD"}, {"trade_id": 666263461, "side": "buy", "size": "0.55284001", "price": "2999.04000000", "time": "2025-07-13T14:39:01.753749Z", "fetched_at": "2025-07-13T14:39:31.730004+00:00", "symbol": "ETH-USD"}, {"trade_id": 666263460, "side": "buy", "size": "0.00103859", "price": "2999.04000000", "time": "2025-07-13T14:39:00.247018Z", "fetched_at": "2025-07-13T14:39:31.730004+00:00", "symbol": "ETH-USD"}, {"trade_id": 666263459, "side": "buy", "size": "0.71196001", "price": "2999.04000000", "time": "2025-07-13T14:39:00.247018Z", "fetched_at": "2025-07-13T14:39:31.730004+00:00", "symbol": "ETH-USD"}, {"trade_id": 666263458, "side": "buy", "size": "0.57392001", "price": "2998.94000000", "time": "2025-07-13T14:38:59.804037Z", "fetched_at": "2025-07-13T14:39:31.730004+00:00", "symbol": "ETH-USD"}, {"trade_id": 666263457, "side": "buy", "size": "0.00113917", "price": "2998.94000000", "time": "2025-07-13T14:38:59.804037Z", "fetched_at": "2025-07-13T14:39:31.730004+00:00", "symbol": "ETH-USD"}, {"trade_id": 666263456, "side": "buy", "size": "0.07202802", "price": "2998.96000000", "time": "2025-07-13T14:38:59.731707Z", "fetched_at": "2025-07-13T14:39:31.730004+00:00", "symbol": "ETH-USD"}, {"trade_id": 666263455, "side": "buy", "size": "0.30156931", "price": "2999.10000000", "time": "2025-07-13T14:38:59.711Z", "fetched_at": "2025-07-13T14:39:31.730004+00:00", "symbol": "ETH-USD"}, {"trade_id": 666263454, "side": "buy", "size": "0.37249103", "price": "2999.22000000", "time": "2025-07-13T14:38:59.710711Z", "fetched_at": "2025-07-13T14:39:31.730004+00:00", "symbol": "ETH-USD"}, {"trade_id": 666263453, "side": "buy", "size": "0.04403272", "price": "2999.36000000", "time": "2025-07-13T14:38:59.710711Z", "fetched_at": "2025-07-13T14:39:31.730004+00:00", "symbol": "ETH-USD"}, {"trade_id": 666263452, "side": "buy", "size": "0.02102781", "price": "2999.36000000", "time": "2025-07-13T14:38:59.710711Z", "fetched_at": "2025-07-13T14:39:31.730004+00:00", "symbol": "ETH-USD"}, {"trade_id": 666263451, "side": "buy", "size": "0.00114705", "price": "2999.54000000", "time": "2025-07-13T14:38:59.708935Z", "fetched_at": "2025-07-13T14:39:31.730004+00:00", "symbol": "ETH-USD"}, {"trade_id": 666263450, "side": "buy", "size": "0.59840001", "price": "2999.54000000", "time": "2025-07-13T14:38:59.708935Z", "fetched_at": "2025-07-13T14:39:31.730004+00:00", "symbol": "ETH-USD"}, {"trade_id": 666263449, "side": "sell", "size": "0.00900000", "price": "2999.72000000", "time": "2025-07-13T14:38:59.428491Z", "fetched_at": "2025-07-13T14:39:31.730004+00:00", "symbol": "ETH-USD"}, {"trade_id": 666263448, "side": "sell", "size": "0.20446036", "price": "2999.73000000", "time": "2025-07-13T14:38:59.400786Z", "fetched_at": "2025-07-13T14:39:31.730004+00:00", "symbol": "ETH-USD"}, {"trade_id": 666263447, "side": "sell", "size": "0.05451546", "price": "2999.73000000", "time": "2025-07-13T14:38:59.400786Z", "fetched_at": "2025-07-13T14:39:31.730004+00:00", "symbol": "ETH-USD"}, {"trade_id": 666263446, "side": "sell", "size": "0.10000000", "price": "2999.73000000", "time": "2025-07-13T14:38:59.400786Z", "fetched_at": "2025-07-13T14:39:31.730004+00:00", "symbol": "ETH-USD"}, {"trade_id": 666263445, "side": "sell", "size": "0.16668222", "price": "2999.72000000", "time": "2025-07-13T14:38:59.400786Z", "fetched_at": "2025-07-13T14:39:31.730004+00:00", "symbol": "ETH-USD"}, {"trade_id": 666263444, "side": "sell", "size": "0.48102156", "price": "2999.72000000", "time": "2025-07-13T14:38:59.400786Z", "fetched_at": "2025-07-13T14:39:31.730004+00:00", "symbol": "ETH-USD"}, {"trade_id": 666263443, "side": "sell", "size": "0.15000000", "price": "2999.71000000", "time": "2025-07-13T14:38:59.400786Z", "fetched_at": "2025-07-13T14:39:31.730004+00:00", "symbol": "ETH-USD"}, {"trade_id": 666263442, "side": "sell", "size": "0.00326749", "price": "2999.70000000", "time": "2025-07-13T14:38:59.400786Z", "fetched_at": "2025-07-13T14:39:31.730004+00:00", "symbol": "ETH-USD"}, {"trade_id": 666263441, "side": "sell", "size": "0.45900000", "price": "2999.58000000", "time": "2025-07-13T14:38:59.400786Z", "fetched_at": "2025-07-13T14:39:31.730004+00:00", "symbol": "ETH-USD"}, {"trade_id": 666263440, "side": "buy", "size": "0.14351478", "price": "2999.73000000", "time": "2025-07-13T14:38:59.371699Z", "fetched_at": "2025-07-13T14:39:31.730004+00:00", "symbol": "ETH-USD"}, {"trade_id": 666263439, "side": "buy", "size": "0.12678179", "price": "2999.73000000", "time": "2025-07-13T14:38:59.370615Z", "fetched_at": "2025-07-13T14:39:31.730004+00:00", "symbol": "ETH-USD"}, {"trade_id": 666263438, "side": "buy", "size": "0.32130344", "price": "2999.73000000", "time": "2025-07-13T14:38:59.370343Z", "fetched_at": "2025-07-13T14:39:31.730004+00:00", "symbol": "ETH-USD"}, {"trade_id": 666263437, "side": "buy", "size": "0.01900000", "price": "2999.83000000", "time": "2025-07-13T14:38:59.077991Z", "fetched_at": "2025-07-13T14:39:31.730004+00:00", "symbol": "ETH-USD"}, {"trade_id": 666263436, "side": "buy", "size": "0.65960001", "price": "2999.83000000", "time": "2025-07-13T14:38:59.077991Z", "fetched_at": "2025-07-13T14:39:31.730004+00:00", "symbol": "ETH-USD"}, {"trade_id": 666263435, "side": "buy", "size": "0.00480000", "price": "2999.83000000", "time": "2025-07-13T14:38:59.077991Z", "fetched_at": "2025-07-13T14:39:31.730004+00:00", "symbol": "ETH-USD"}, {"trade_id": 666263434, "side": "sell", "size": "0.00611028", "price": "2999.84000000", "time": "2025-07-13T14:38:58.861790Z", "fetched_at": "2025-07-13T14:39:31.730004+00:00", "symbol": "ETH-USD"}, {"trade_id": 666263433, "side": "buy", "size": "0.15000000", "price": "3000.00000000", "time": "2025-07-13T14:38:58.091081Z", "fetched_at": "2025-07-13T14:39:31.730004+00:00", "symbol": "ETH-USD"}, {"trade_id": 666263432, "side": "buy", "size": "0.06889000", "price": "3000.00000000", "time": "2025-07-13T14:38:58.091081Z", "fetched_at": "2025-07-13T14:39:31.730004+00:00", "symbol": "ETH-USD"}, {"trade_id": 666263431, "side": "buy", "size": "0.55556001", "price": "3000.00000000", "time": "2025-07-13T14:38:58.091081Z", "fetched_at": "2025-07-13T14:39:31.730004+00:00", "symbol": "ETH-USD"}, {"trade_id": 666263430, "side": "sell", "size": "0.00098999", "price": "2999.88000000", "time": "2025-07-13T14:38:57.384771Z", "fetched_at": "2025-07-13T14:39:31.730004+00:00", "symbol": "ETH-USD"}, {"trade_id": 666263429, "side": "sell", "size": "0.00000333", "price": "2999.84000000", "time": "2025-07-13T14:38:57.097958Z", "fetched_at": "2025-07-13T14:39:31.730004+00:00", "symbol": "ETH-USD"}, {"trade_id": 666263428, "side": "sell", "size": "0.00065643", "price": "2999.84000000", "time": "2025-07-13T14:38:57.081565Z", "fetched_at": "2025-07-13T14:39:31.730004+00:00", "symbol": "ETH-USD"}, {"trade_id": 666263427, "side": "sell", "size": "0.52006766", "price": "3000.00000000", "time": "2025-07-13T14:38:57.021681Z", "fetched_at": "2025-07-13T14:39:31.730004+00:00", "symbol": "ETH-USD"}, {"trade_id": 666263426, "side": "sell", "size": "0.46835048", "price": "2999.93000000", "time": "2025-07-13T14:38:57.021681Z", "fetched_at": "2025-07-13T14:39:31.730004+00:00", "symbol": "ETH-USD"}, {"trade_id": 666263425, "side": "sell", "size": "0.15000000", "price": "2999.92000000", "time": "2025-07-13T14:38:57.021681Z", "fetched_at": "2025-07-13T14:39:31.730004+00:00", "symbol": "ETH-USD"}, {"trade_id": 666263424, "side": "sell", "size": "0.10000000", "price": "2999.92000000", "time": "2025-07-13T14:38:57.021681Z", "fetched_at": "2025-07-13T14:39:31.730004+00:00", "symbol": "ETH-USD"}, {"trade_id": 666263423, "side": "sell", "size": "0.54070000", "price": "2999.84000000", "time": "2025-07-13T14:38:57.021681Z", "fetched_at": "2025-07-13T14:39:31.730004+00:00", "symbol": "ETH-USD"}, {"trade_id": 666263422, "side": "sell", "size": "0.00326720", "price": "2999.84000000", "time": "2025-07-13T14:38:57.021681Z", "fetched_at": "2025-07-13T14:39:31.730004+00:00", "symbol": "ETH-USD"}, {"trade_id": 666263421, "side": "sell", "size": "0.11821375", "price": "2999.84000000", "time": "2025-07-13T14:38:57.021681Z", "fetched_at": "2025-07-13T14:39:31.730004+00:00", "symbol": "ETH-USD"}, {"trade_id": 666263420, "side": "buy", "size": "0.00383216", "price": "2999.83000000", "time": "2025-07-13T14:38:57.015195Z", "fetched_at": "2025-07-13T14:39:31.730004+00:00", "symbol": "ETH-USD"}, {"trade_id": 666263419, "side": "sell", "size": "0.03129826", "price": "2999.84000000", "time": "2025-07-13T14:38:56.574291Z", "fetched_at": "2025-07-13T14:39:31.730004+00:00", "symbol": "ETH-USD"}, {"trade_id": 666263418, "side": "sell", "size": "0.15376737", "price": "2999.84000000", "time": "2025-07-13T14:38:56.149761Z", "fetched_at": "2025-07-13T14:39:31.730004+00:00", "symbol": "ETH-USD"}, {"trade_id": 666263417, "side": "sell", "size": "0.03237806", "price": "2999.84000000", "time": "2025-07-13T14:38:56.149761Z", "fetched_at": "2025-07-13T14:39:31.730004+00:00", "symbol": "ETH-USD"}, {"trade_id": 666263416, "side": "sell", "size": "0.00485627", "price": "2999.84000000", "time": "2025-07-13T14:38:55.797812Z", "fetched_at": "2025-07-13T14:39:31.730004+00:00", "symbol": "ETH-USD"}, {"trade_id": 666263415, "side": "buy", "size": "0.00201000", "price": "3000.09000000", "time": "2025-07-13T14:38:55.408277Z", "fetched_at": "2025-07-13T14:39:31.730004+00:00", "symbol": "ETH-USD"}, {"trade_id": 666263414, "side": "buy", "size": "0.27114000", "price": "3000.09000000", "time": "2025-07-13T14:38:55.408277Z", "fetched_at": "2025-07-13T14:39:31.730004+00:00", "symbol": "ETH-USD"}, {"trade_id": 666263413, "side": "buy", "size": "0.60384001", "price": "3000.09000000", "time": "2025-07-13T14:38:55.408277Z", "fetched_at": "2025-07-13T14:39:31.730004+00:00", "symbol": "ETH-USD"}, {"trade_id": 666263412, "side": "sell", "size": "0.00057759", "price": "3000.10000000", "time": "2025-07-13T14:38:54.873501Z", "fetched_at": "2025-07-13T14:39:31.730004+00:00", "symbol": "ETH-USD"}, {"trade_id": 666263411, "side": "sell", "size": "0.00005589", "price": "3000.10000000", "time": "2025-07-13T14:38:54.873501Z", "fetched_at": "2025-07-13T14:39:31.730004+00:00", "symbol": "ETH-USD"}, {"trade_id": 666263410, "side": "sell", "size": "0.00010336", "price": "3000.10000000", "time": "2025-07-13T14:38:54.873501Z", "fetched_at": "2025-07-13T14:39:31.730004+00:00", "symbol": "ETH-USD"}, {"trade_id": 666263409, "side": "sell", "size": "0.00031006", "price": "3000.10000000", "time": "2025-07-13T14:38:54.873501Z", "fetched_at": "2025-07-13T14:39:31.730004+00:00", "symbol": "ETH-USD"}, {"trade_id": 666263408, "side": "sell", "size": "0.00024001", "price": "3000.10000000", "time": "2025-07-13T14:38:54.873501Z", "fetched_at": "2025-07-13T14:39:31.730004+00:00", "symbol": "ETH-USD"}, {"trade_id": 666263407, "side": "sell", "size": "0.06545383", "price": "2999.60000000", "time": "2025-07-13T14:38:52.749089Z", "fetched_at": "2025-07-13T14:39:31.730004+00:00", "symbol": "ETH-USD"}, {"trade_id": 666263406, "side": "sell", "size": "0.32699377", "price": "2999.60000000", "time": "2025-07-13T14:38:52.537520Z", "fetched_at": "2025-07-13T14:39:31.730004+00:00", "symbol": "ETH-USD"}, {"trade_id": 666263405, "side": "sell", "size": "0.01406118", "price": "2999.60000000", "time": "2025-07-13T14:38:52.499915Z", "fetched_at": "2025-07-13T14:39:31.730004+00:00", "symbol": "ETH-USD"}, {"trade_id": 666263404, "side": "sell", "size": "0.02331874", "price": "2999.58000000", "time": "2025-07-13T14:38:52.074020Z", "fetched_at": "2025-07-13T14:39:31.730004+00:00", "symbol": "ETH-USD"}, {"trade_id": 666263403, "side": "sell", "size": "0.05763142", "price": "2999.47000000", "time": "2025-07-13T14:38:52.074020Z", "fetched_at": "2025-07-13T14:39:31.730004+00:00", "symbol": "ETH-USD"}, {"trade_id": 666263402, "side": "buy", "size": "0.00157969", "price": "2999.49000000", "time": "2025-07-13T14:38:51.343463Z", "fetched_at": "2025-07-13T14:39:31.730004+00:00", "symbol": "ETH-USD"}, {"trade_id": 666263401, "side": "sell", "size": "0.04516762", "price": "2999.20000000", "time": "2025-07-13T14:38:51.299196Z", "fetched_at": "2025-07-13T14:39:31.730004+00:00", "symbol": "ETH-USD"}, {"trade_id": 666263400, "side": "sell", "size": "0.11978729", "price": "2999.20000000", "time": "2025-07-13T14:38:51.299196Z", "fetched_at": "2025-07-13T14:39:31.730004+00:00", "symbol": "ETH-USD"}, {"trade_id": 666263399, "side": "buy", "size": "26.27640896", "price": "2996.98000000", "time": "2025-07-13T14:38:51.208993Z", "fetched_at": "2025-07-13T14:39:31.730004+00:00", "symbol": "ETH-USD"}, {"trade_id": 666263398, "side": "buy", "size": "0.61213114", "price": "2996.99000000", "time": "2025-07-13T14:38:51.208993Z", "fetched_at": "2025-07-13T14:39:31.730004+00:00", "symbol": "ETH-USD"}, {"trade_id": 666263397, "side": "buy", "size": "0.06646646", "price": "2997.00000000", "time": "2025-07-13T14:38:51.208993Z", "fetched_at": "2025-07-13T14:39:31.730004+00:00", "symbol": "ETH-USD"}, {"trade_id": 666263396, "side": "buy", "size": "0.08279112", "price": "2997.00000000", "time": "2025-07-13T14:38:51.208993Z", "fetched_at": "2025-07-13T14:39:31.730004+00:00", "symbol": "ETH-USD"}, {"trade_id": 666263395, "side": "buy", "size": "0.33365698", "price": "2997.09000000", "time": "2025-07-13T14:38:51.208993Z", "fetched_at": "2025-07-13T14:39:31.730004+00:00", "symbol": "ETH-USD"}, {"trade_id": 666263394, "side": "buy", "size": "0.00049987", "price": "2997.16000000", "time": "2025-07-13T14:38:51.208993Z", "fetched_at": "2025-07-13T14:39:31.730004+00:00", "symbol": "ETH-USD"}, {"trade_id": 666263393, "side": "buy", "size": "0.45900000", "price": "2997.23000000", "time": "2025-07-13T14:38:51.208993Z", "fetched_at": "2025-07-13T14:39:31.730004+00:00", "symbol": "ETH-USD"}, {"trade_id": 666263392, "side": "buy", "size": "0.40805021", "price": "2997.28000000", "time": "2025-07-13T14:38:51.208993Z", "fetched_at": "2025-07-13T14:39:31.730004+00:00", "symbol": "ETH-USD"}, {"trade_id": 666263391, "side": "buy", "size": "0.00166814", "price": "2997.35000000", "time": "2025-07-13T14:38:51.208993Z", "fetched_at": "2025-07-13T14:39:31.730004+00:00", "symbol": "ETH-USD"}, {"trade_id": 666263390, "side": "buy", "size": "0.00100000", "price": "2997.36000000", "time": "2025-07-13T14:38:51.208993Z", "fetched_at": "2025-07-13T14:39:31.730004+00:00", "symbol": "ETH-USD"}, {"trade_id": 666263389, "side": "buy", "size": "0.00278243", "price": "2997.38000000", "time": "2025-07-13T14:38:51.208993Z", "fetched_at": "2025-07-13T14:39:31.730004+00:00", "symbol": "ETH-USD"}, {"trade_id": 666263388, "side": "buy", "size": "12.51087533", "price": "2997.39000000", "time": "2025-07-13T14:38:51.208993Z", "fetched_at": "2025-07-13T14:39:31.730004+00:00", "symbol": "ETH-USD"}, {"trade_id": 666263387, "side": "buy", "size": "8.34052409", "price": "2997.41000000", "time": "2025-07-13T14:38:51.208993Z", "fetched_at": "2025-07-13T14:39:31.730004+00:00", "symbol": "ETH-USD"}, {"trade_id": 666263386, "side": "buy", "size": "0.61213114", "price": "2997.42000000", "time": "2025-07-13T14:38:51.208993Z", "fetched_at": "2025-07-13T14:39:31.730004+00:00", "symbol": "ETH-USD"}, {"trade_id": 666263385, "side": "buy", "size": "0.00386999", "price": "2997.43000000", "time": "2025-07-13T14:38:51.208993Z", "fetched_at": "2025-07-13T14:39:31.730004+00:00", "symbol": "ETH-USD"}, {"trade_id": 666263384, "side": "buy", "size": "10.96289024", "price": "2997.46000000", "time": "2025-07-13T14:38:51.208993Z", "fetched_at": "2025-07-13T14:39:31.730004+00:00", "symbol": "ETH-USD"}, {"trade_id": 666263383, "side": "buy", "size": "0.45900000", "price": "2997.54000000", "time": "2025-07-13T14:38:51.208993Z", "fetched_at": "2025-07-13T14:39:31.730004+00:00", "symbol": "ETH-USD"}, {"trade_id": 666263382, "side": "buy", "size": "7.27540317", "price": "2997.58000000", "time": "2025-07-13T14:38:51.208993Z", "fetched_at": "2025-07-13T14:39:31.730004+00:00", "symbol": "ETH-USD"}, {"trade_id": 666263381, "side": "buy", "size": "0.35554074", "price": "2997.60000000", "time": "2025-07-13T14:38:51.208993Z", "fetched_at": "2025-07-13T14:39:31.730004+00:00", "symbol": "ETH-USD"}, {"trade_id": 666263380, "side": "buy", "size": "8.33945112", "price": "2997.79000000", "time": "2025-07-13T14:38:51.208993Z", "fetched_at": "2025-07-13T14:39:31.730004+00:00", "symbol": "ETH-USD"}, {"trade_id": 666263379, "side": "buy", "size": "0.26669000", "price": "2997.98000000", "time": "2025-07-13T14:38:51.208993Z", "fetched_at": "2025-07-13T14:39:31.730004+00:00", "symbol": "ETH-USD"}, {"trade_id": 666263378, "side": "buy", "size": "0.45900000", "price": "2997.99000000", "time": "2025-07-13T14:38:51.208993Z", "fetched_at": "2025-07-13T14:39:31.730004+00:00", "symbol": "ETH-USD"}, {"trade_id": 666263377, "side": "buy", "size": "0.79693424", "price": "2997.99000000", "time": "2025-07-13T14:38:51.208993Z", "fetched_at": "2025-07-13T14:39:31.730004+00:00", "symbol": "ETH-USD"}, {"trade_id": 666263376, "side": "buy", "size": "0.60900116", "price": "2997.99000000", "time": "2025-07-13T14:38:51.208993Z", "fetched_at": "2025-07-13T14:39:31.730004+00:00", "symbol": "ETH-USD"}, {"trade_id": 666263375, "side": "buy", "size": "0.11398727", "price": "2997.99000000", "time": "2025-07-13T14:38:51.208993Z", "fetched_at": "2025-07-13T14:39:31.730004+00:00", "symbol": "ETH-USD"}, {"trade_id": 666263374, "side": "buy", "size": "5.00000000", "price": "2998.00000000", "time": "2025-07-13T14:38:51.208993Z", "fetched_at": "2025-07-13T14:39:31.730004+00:00", "symbol": "ETH-USD"}, {"trade_id": 666263373, "side": "buy", "size": "0.66268534", "price": "2998.00000000", "time": "2025-07-13T14:38:51.208993Z", "fetched_at": "2025-07-13T14:39:31.730004+00:00", "symbol": "ETH-USD"}, {"trade_id": 666263372, "side": "buy", "size": "0.10719881", "price": "2998.00000000", "time": "2025-07-13T14:38:51.208993Z", "fetched_at": "2025-07-13T14:39:31.730004+00:00", "symbol": "ETH-USD"}, {"trade_id": 666263371, "side": "buy", "size": "0.00050001", "price": "2998.06000000", "time": "2025-07-13T14:38:51.208993Z", "fetched_at": "2025-07-13T14:39:31.730004+00:00", "symbol": "ETH-USD"}, {"trade_id": 666263370, "side": "buy", "size": "0.00100000", "price": "2998.28000000", "time": "2025-07-13T14:38:51.208993Z", "fetched_at": "2025-07-13T14:39:31.730004+00:00", "symbol": "ETH-USD"}, {"trade_id": 666263369, "side": "buy", "size": "0.45654280", "price": "2998.29000000", "time": "2025-07-13T14:38:51.208993Z", "fetched_at": "2025-07-13T14:39:31.730004+00:00", "symbol": "ETH-USD"}, {"trade_id": 666263368, "side": "buy", "size": "0.50006303", "price": "2998.30000000", "time": "2025-07-13T14:38:51.208993Z", "fetched_at": "2025-07-13T14:39:31.730004+00:00", "symbol": "ETH-USD"}, {"trade_id": 666263367, "side": "buy", "size": "0.01667086", "price": "2998.35000000", "time": "2025-07-13T14:38:51.208993Z", "fetched_at": "2025-07-13T14:39:31.730004+00:00", "symbol": "ETH-USD"}, {"trade_id": 666263366, "side": "buy", "size": "0.45900000", "price": "2998.43000000", "time": "2025-07-13T14:38:51.208993Z", "fetched_at": "2025-07-13T14:39:31.730004+00:00", "symbol": "ETH-USD"}, {"trade_id": 666263365, "side": "buy", "size": "0.32653786", "price": "2998.46000000", "time": "2025-07-13T14:38:51.208993Z", "fetched_at": "2025-07-13T14:39:31.730004+00:00", "symbol": "ETH-USD"}, {"trade_id": 666263364, "side": "buy", "size": "0.00066684", "price": "2998.50000000", "time": "2025-07-13T14:38:51.208993Z", "fetched_at": "2025-07-13T14:39:31.730004+00:00", "symbol": "ETH-USD"}, {"trade_id": 666263363, "side": "buy", "size": "0.40908335", "price": "2998.63000000", "time": "2025-07-13T14:38:51.208993Z", "fetched_at": "2025-07-13T14:39:31.730004+00:00", "symbol": "ETH-USD"}, {"trade_id": 666263362, "side": "buy", "size": "0.83370493", "price": "2998.66000000", "time": "2025-07-13T14:38:51.208993Z", "fetched_at": "2025-07-13T14:39:31.730004+00:00", "symbol": "ETH-USD"}, {"trade_id": 666263361, "side": "buy", "size": "0.00100000", "price": "2998.74000000", "time": "2025-07-13T14:38:51.208993Z", "fetched_at": "2025-07-13T14:39:31.730004+00:00", "symbol": "ETH-USD"}, {"trade_id": 666263360, "side": "buy", "size": "0.30981752", "price": "2998.74000000", "time": "2025-07-13T14:38:51.208993Z", "fetched_at": "2025-07-13T14:39:31.730004+00:00", "symbol": "ETH-USD"}, {"trade_id": 666263359, "side": "buy", "size": "0.45900000", "price": "2998.75000000", "time": "2025-07-13T14:38:51.208993Z", "fetched_at": "2025-07-13T14:39:31.730004+00:00", "symbol": "ETH-USD"}, {"trade_id": 666263358, "side": "buy", "size": "0.32916491", "price": "2998.84000000", "time": "2025-07-13T14:38:51.208993Z", "fetched_at": "2025-07-13T14:39:31.730004+00:00", "symbol": "ETH-USD"}, {"trade_id": 666263357, "side": "buy", "size": "0.83365374", "price": "2998.84000000", "time": "2025-07-13T14:38:51.208993Z", "fetched_at": "2025-07-13T14:39:31.730004+00:00", "symbol": "ETH-USD"}, {"trade_id": 666263356, "side": "buy", "size": "0.42397000", "price": "2998.89000000", "time": "2025-07-13T14:38:51.208993Z", "fetched_at": "2025-07-13T14:39:31.730004+00:00", "symbol": "ETH-USD"}, {"trade_id": 666263355, "side": "buy", "size": "0.00049998", "price": "2998.96000000", "time": "2025-07-13T14:38:51.208993Z", "fetched_at": "2025-07-13T14:39:31.730004+00:00", "symbol": "ETH-USD"}, {"trade_id": 666263354, "side": "buy", "size": "0.00100000", "price": "2998.97000000", "time": "2025-07-13T14:38:51.208993Z", "fetched_at": "2025-07-13T14:39:31.730004+00:00", "symbol": "ETH-USD"}, {"trade_id": 666263353, "side": "buy", "size": "0.44280990", "price": "2999.03000000", "time": "2025-07-13T14:38:51.208993Z", "fetched_at": "2025-07-13T14:39:31.730004+00:00", "symbol": "ETH-USD"}, {"trade_id": 666263352, "side": "buy", "size": "0.16671883", "price": "2999.06000000", "time": "2025-07-13T14:38:51.208993Z", "fetched_at": "2025-07-13T14:39:31.730004+00:00", "symbol": "ETH-USD"}, {"trade_id": 666263351, "side": "buy", "size": "0.62260606", "price": "2999.07000000", "time": "2025-07-13T14:38:51.208993Z", "fetched_at": "2025-07-13T14:39:31.730004+00:00", "symbol": "ETH-USD"}, {"trade_id": 666263350, "side": "buy", "size": "1.19999015", "price": "2999.10000000", "time": "2025-07-13T14:38:51.208993Z", "fetched_at": "2025-07-13T14:39:31.730004+00:00", "symbol": "ETH-USD"}, {"trade_id": 666263349, "side": "buy", "size": "0.89540331", "price": "2999.10000000", "time": "2025-07-13T14:38:51.208993Z", "fetched_at": "2025-07-13T14:39:31.730004+00:00", "symbol": "ETH-USD"}, {"trade_id": 666263348, "side": "buy", "size": "0.00046914", "price": "2999.10000000", "time": "2025-07-13T14:38:51.208993Z", "fetched_at": "2025-07-13T14:39:31.730004+00:00", "symbol": "ETH-USD"}, {"trade_id": 666263347, "side": "buy", "size": "2.40526236", "price": "2999.12000000", "time": "2025-07-13T14:38:51.208993Z", "fetched_at": "2025-07-13T14:39:31.730004+00:00", "symbol": "ETH-USD"}, {"trade_id": 666263346, "side": "buy", "size": "0.05019168", "price": "2999.13000000", "time": "2025-07-13T14:38:51.208993Z", "fetched_at": "2025-07-13T14:39:31.730004+00:00", "symbol": "ETH-USD"}, {"trade_id": 666263345, "side": "buy", "size": "0.28529573", "price": "2999.21000000", "time": "2025-07-13T14:38:51.208993Z", "fetched_at": "2025-07-13T14:39:31.730004+00:00", "symbol": "ETH-USD"}, {"trade_id": 666263344, "side": "buy", "size": "0.27702718", "price": "2999.33000000", "time": "2025-07-13T14:38:51.208993Z", "fetched_at": "2025-07-13T14:39:31.730004+00:00", "symbol": "ETH-USD"}, {"trade_id": 666263343, "side": "buy", "size": "0.00155818", "price": "2999.57000000", "time": "2025-07-13T14:38:51.208993Z", "fetched_at": "2025-07-13T14:39:31.730004+00:00", "symbol": "ETH-USD"}, {"trade_id": 666263342, "side": "buy", "size": "1.21953819", "price": "2999.33000000", "time": "2025-07-13T14:38:50.990445Z", "fetched_at": "2025-07-13T14:39:31.730004+00:00", "symbol": "ETH-USD"}, {"trade_id": 666263341, "side": "buy", "size": "0.42607412", "price": "2999.40000000", "time": "2025-07-13T14:38:50.990445Z", "fetched_at": "2025-07-13T14:39:31.730004+00:00", "symbol": "ETH-USD"}, {"trade_id": 666263340, "side": "buy", "size": "0.00377363", "price": "2999.76000000", "time": "2025-07-13T14:38:50.990445Z", "fetched_at": "2025-07-13T14:39:31.730004+00:00", "symbol": "ETH-USD"}, {"trade_id": 666263339, "side": "buy", "size": "0.01507453", "price": "2999.76000000", "time": "2025-07-13T14:38:50.990445Z", "fetched_at": "2025-07-13T14:39:31.730004+00:00", "symbol": "ETH-USD"}, {"trade_id": 666263338, "side": "buy", "size": "0.00000666", "price": "2999.76000000", "time": "2025-07-13T14:38:50.990445Z", "fetched_at": "2025-07-13T14:39:31.730004+00:00", "symbol": "ETH-USD"}, {"trade_id": 666263337, "side": "buy", "size": "0.00001000", "price": "2999.76000000", "time": "2025-07-13T14:38:50.990445Z", "fetched_at": "2025-07-13T14:39:31.730004+00:00", "symbol": "ETH-USD"}, {"trade_id": 666263336, "side": "buy", "size": "0.00001333", "price": "2999.76000000", "time": "2025-07-13T14:38:50.990445Z", "fetched_at": "2025-07-13T14:39:31.730004+00:00", "symbol": "ETH-USD"}, {"trade_id": 666263335, "side": "buy", "size": "0.00159863", "price": "2999.83000000", "time": "2025-07-13T14:38:50.990445Z", "fetched_at": "2025-07-13T14:39:31.730004+00:00", "symbol": "ETH-USD"}, {"trade_id": 666263334, "side": "sell", "size": "0.04500000", "price": "2999.77000000", "time": "2025-07-13T14:38:50.635908Z", "fetched_at": "2025-07-13T14:39:31.730004+00:00", "symbol": "ETH-USD"}, {"trade_id": 666263333, "side": "buy", "size": "0.00152998", "price": "3000.09000000", "time": "2025-07-13T14:38:50.609476Z", "fetched_at": "2025-07-13T14:39:31.730004+00:00", "symbol": "ETH-USD"}, {"trade_id": 666263332, "side": "buy", "size": "0.00110000", "price": "3000.09000000", "time": "2025-07-13T14:38:50.609476Z", "fetched_at": "2025-07-13T14:39:31.730004+00:00", "symbol": "ETH-USD"}, {"trade_id": 666263331, "side": "buy", "size": "0.08100762", "price": "3000.09000000", "time": "2025-07-13T14:38:50.609476Z", "fetched_at": "2025-07-13T14:39:31.730004+00:00", "symbol": "ETH-USD"}, {"trade_id": 666263330, "side": "buy", "size": "0.04998867", "price": "3000.09000000", "time": "2025-07-13T14:38:50.466801Z", "fetched_at": "2025-07-13T14:39:31.730004+00:00", "symbol": "ETH-USD"}, {"trade_id": 666263329, "side": "buy", "size": "0.00162336", "price": "3000.16000000", "time": "2025-07-13T14:38:50.195309Z", "fetched_at": "2025-07-13T14:39:31.730004+00:00", "symbol": "ETH-USD"}, {"trade_id": 666263328, "side": "sell", "size": "0.00560000", "price": "3000.17000000", "time": "2025-07-13T14:38:50.048610Z", "fetched_at": "2025-07-13T14:39:31.730004+00:00", "symbol": "ETH-USD"}, {"trade_id": 666263327, "side": "buy", "size": "0.00997809", "price": "3000.09000000", "time": "2025-07-13T14:38:49.936015Z", "fetched_at": "2025-07-13T14:39:31.730004+00:00", "symbol": "ETH-USD"}, {"trade_id": 666263326, "side": "buy", "size": "0.00002074", "price": "3000.34000000", "time": "2025-07-13T14:38:49.936015Z", "fetched_at": "2025-07-13T14:39:31.730004+00:00", "symbol": "ETH-USD"}, {"trade_id": 666263325, "side": "buy", "size": "0.02852935", "price": "3000.34000000", "time": "2025-07-13T14:38:49.666653Z", "fetched_at": "2025-07-13T14:39:31.730004+00:00", "symbol": "ETH-USD"}, {"trade_id": 666263324, "side": "buy", "size": "0.00986554", "price": "3000.34000000", "time": "2025-07-13T14:38:49.666653Z", "fetched_at": "2025-07-13T14:39:31.730004+00:00", "symbol": "ETH-USD"}, {"trade_id": 666263323, "side": "buy", "size": "0.00001511", "price": "3000.35000000", "time": "2025-07-13T14:38:49.666653Z", "fetched_at": "2025-07-13T14:39:31.730004+00:00", "symbol": "ETH-USD"}, {"trade_id": 666263322, "side": "buy", "size": "0.00161060", "price": "3000.35000000", "time": "2025-07-13T14:38:49.666526Z", "fetched_at": "2025-07-13T14:39:31.730004+00:00", "symbol": "ETH-USD"}, {"trade_id": 666263321, "side": "buy", "size": "0.00490000", "price": "3000.35000000", "time": "2025-07-13T14:38:49.666526Z", "fetched_at": "2025-07-13T14:39:31.730004+00:00", "symbol": "ETH-USD"}, {"trade_id": 666263320, "side": "buy", "size": "0.00541940", "price": "3000.35000000", "time": "2025-07-13T14:38:49.666526Z", "fetched_at": "2025-07-13T14:39:31.730004+00:00", "symbol": "ETH-USD"}, {"trade_id": 666263319, "side": "buy", "size": "0.00508060", "price": "3000.35000000", "time": "2025-07-13T14:38:49.149382Z", "fetched_at": "2025-07-13T14:39:31.730004+00:00", "symbol": "ETH-USD"}, {"trade_id": 666263318, "side": "buy", "size": "0.00165491", "price": "3000.43000000", "time": "2025-07-13T14:38:49.149382Z", "fetched_at": "2025-07-13T14:39:31.730004+00:00", "symbol": "ETH-USD"}, {"trade_id": 666263317, "side": "sell", "size": "0.01580447", "price": "3000.44000000", "time": "2025-07-13T14:38:49.143254Z", "fetched_at": "2025-07-13T14:39:31.730004+00:00", "symbol": "ETH-USD"}, {"trade_id": 666263316, "side": "buy", "size": "0.03293356", "price": "3000.57000000", "time": "2025-07-13T14:38:47.794996Z", "fetched_at": "2025-07-13T14:39:31.730004+00:00", "symbol": "ETH-USD"}, {"trade_id": 666263315, "side": "sell", "size": "0.00326644", "price": "3000.57000000", "time": "2025-07-13T14:38:47.703386Z", "fetched_at": "2025-07-13T14:39:31.730004+00:00", "symbol": "ETH-USD"}, {"trade_id": 666263314, "side": "buy", "size": "0.00177177", "price": "3000.57000000", "time": "2025-07-13T14:38:47.553757Z", "fetched_at": "2025-07-13T14:39:31.730004+00:00", "symbol": "ETH-USD"}, {"trade_id": 666263313, "side": "buy", "size": "0.00000333", "price": "3000.57000000", "time": "2025-07-13T14:38:47.553757Z", "fetched_at": "2025-07-13T14:39:31.730004+00:00", "symbol": "ETH-USD"}, {"trade_id": 666263312, "side": "sell", "size": "0.00164983", "price": "3000.58000000", "time": "2025-07-13T14:38:47.552547Z", "fetched_at": "2025-07-13T14:39:31.730004+00:00", "symbol": "ETH-USD"}, {"trade_id": 666263311, "side": "buy", "size": "0.06807000", "price": "3000.61000000", "time": "2025-07-13T14:38:47.529470Z", "fetched_at": "2025-07-13T14:39:31.730004+00:00", "symbol": "ETH-USD"}, {"trade_id": 666263310, "side": "buy", "size": "0.00001666", "price": "3000.61000000", "time": "2025-07-13T14:38:47.529470Z", "fetched_at": "2025-07-13T14:39:31.730004+00:00", "symbol": "ETH-USD"}, {"trade_id": 666263309, "side": "sell", "size": "0.01580689", "price": "3000.62000000", "time": "2025-07-13T14:38:47.217348Z", "fetched_at": "2025-07-13T14:39:31.730004+00:00", "symbol": "ETH-USD"}, {"trade_id": 666263308, "side": "sell", "size": "0.04761935", "price": "3000.62000000", "time": "2025-07-13T14:38:47.145662Z", "fetched_at": "2025-07-13T14:39:31.730004+00:00", "symbol": "ETH-USD"}, {"trade_id": 666263307, "side": "buy", "size": "0.04275179", "price": "3000.81000000", "time": "2025-07-13T14:38:46.107846Z", "fetched_at": "2025-07-13T14:39:31.730004+00:00", "symbol": "ETH-USD"}, {"trade_id": 666263306, "side": "buy", "size": "0.01273989", "price": "3000.81000000", "time": "2025-07-13T14:38:46.107846Z", "fetched_at": "2025-07-13T14:39:31.730004+00:00", "symbol": "ETH-USD"}, {"trade_id": 666263305, "side": "buy", "size": "0.30000000", "price": "3000.90000000", "time": "2025-07-13T14:38:45.509308Z", "fetched_at": "2025-07-13T14:39:31.730004+00:00", "symbol": "ETH-USD"}, {"trade_id": 666263304, "side": "buy", "size": "0.30000000", "price": "3001.00000000", "time": "2025-07-13T14:38:45.505814Z", "fetched_at": "2025-07-13T14:39:31.730004+00:00", "symbol": "ETH-USD"}, {"trade_id": 666263303, "side": "buy", "size": "0.08141000", "price": "3001.03000000", "time": "2025-07-13T14:38:45.505814Z", "fetched_at": "2025-07-13T14:39:31.730004+00:00", "symbol": "ETH-USD"}, {"trade_id": 666263302, "side": "sell", "size": "0.00100000", "price": "3000.58000000", "time": "2025-07-13T14:38:44.303130Z", "fetched_at": "2025-07-13T14:39:31.730004+00:00", "symbol": "ETH-USD"}, {"trade_id": 666263301, "side": "sell", "size": "0.10396386", "price": "3000.53000000", "time": "2025-07-13T14:38:43.879693Z", "fetched_at": "2025-07-13T14:39:31.730004+00:00", "symbol": "ETH-USD"}, {"trade_id": 666263300, "side": "sell", "size": "0.01701000", "price": "3000.53000000", "time": "2025-07-13T14:38:43.872176Z", "fetched_at": "2025-07-13T14:39:31.730004+00:00", "symbol": "ETH-USD"}, {"trade_id": 666263299, "side": "sell", "size": "0.28888817", "price": "3000.53000000", "time": "2025-07-13T14:38:43.871321Z", "fetched_at": "2025-07-13T14:39:31.730004+00:00", "symbol": "ETH-USD"}, {"trade_id": 666263298, "side": "sell", "size": "0.34948110", "price": "3000.44000000", "time": "2025-07-13T14:38:43.597440Z", "fetched_at": "2025-07-13T14:39:31.730004+00:00", "symbol": "ETH-USD"}, {"trade_id": 666263297, "side": "sell", "size": "0.00217890", "price": "3000.35000000", "time": "2025-07-13T14:38:43.597440Z", "fetched_at": "2025-07-13T14:39:31.730004+00:00", "symbol": "ETH-USD"}, {"trade_id": 666263296, "side": "sell", "size": "0.00100000", "price": "3000.35000000", "time": "2025-07-13T14:38:43.597440Z", "fetched_at": "2025-07-13T14:39:31.730004+00:00", "symbol": "ETH-USD"}, {"trade_id": 666263295, "side": "sell", "size": "0.00217890", "price": "3000.02000000", "time": "2025-07-13T14:38:43.306393Z", "fetched_at": "2025-07-13T14:39:31.730004+00:00", "symbol": "ETH-USD"}, {"trade_id": 666263294, "side": "sell", "size": "0.00031004", "price": "3000.02000000", "time": "2025-07-13T14:38:43.306393Z", "fetched_at": "2025-07-13T14:39:31.730004+00:00", "symbol": "ETH-USD"}, {"trade_id": 666263293, "side": "sell", "size": "0.00062007", "price": "3000.02000000", "time": "2025-07-13T14:38:43.306393Z", "fetched_at": "2025-07-13T14:39:31.730004+00:00", "symbol": "ETH-USD"}, {"trade_id": 666263292, "side": "sell", "size": "0.00048003", "price": "3000.02000000", "time": "2025-07-13T14:38:43.306393Z", "fetched_at": "2025-07-13T14:39:31.730004+00:00", "symbol": "ETH-USD"}, {"trade_id": 666263291, "side": "sell", "size": "0.00001610", "price": "3000.02000000", "time": "2025-07-13T14:38:43.306393Z", "fetched_at": "2025-07-13T14:39:31.730004+00:00", "symbol": "ETH-USD"}, {"trade_id": 666263290, "side": "sell", "size": "0.05579417", "price": "2999.77000000", "time": "2025-07-13T14:38:43.271251Z", "fetched_at": "2025-07-13T14:39:31.730004+00:00", "symbol": "ETH-USD"}, {"trade_id": 666263289, "side": "buy", "size": "0.01974807", "price": "2999.28000000", "time": "2025-07-13T14:38:41.852444Z", "fetched_at": "2025-07-13T14:39:31.730004+00:00", "symbol": "ETH-USD"}, {"trade_id": 666263288, "side": "buy", "size": "0.00274915", "price": "2999.29000000", "time": "2025-07-13T14:38:41.852444Z", "fetched_at": "2025-07-13T14:39:31.730004+00:00", "symbol": "ETH-USD"}, {"trade_id": 666263287, "side": "sell", "size": "0.00093853", "price": "2999.35000000", "time": "2025-07-13T14:38:41.258765Z", "fetched_at": "2025-07-13T14:39:31.730004+00:00", "symbol": "ETH-USD"}, {"trade_id": 666263286, "side": "sell", "size": "0.00230164", "price": "2999.35000000", "time": "2025-07-13T14:38:41.258765Z", "fetched_at": "2025-07-13T14:39:31.730004+00:00", "symbol": "ETH-USD"}, {"trade_id": 666263285, "side": "buy", "size": "0.19999489", "price": "2999.53000000", "time": "2025-07-13T14:38:40.428473Z", "fetched_at": "2025-07-13T14:39:31.730004+00:00", "symbol": "ETH-USD"}, {"trade_id": 666263284, "side": "buy", "size": "0.00147688", "price": "2999.56000000", "time": "2025-07-13T14:38:40.428473Z", "fetched_at": "2025-07-13T14:39:31.730004+00:00", "symbol": "ETH-USD"}, {"trade_id": 666263283, "side": "buy", "size": "0.00018668", "price": "2999.68000000", "time": "2025-07-13T14:38:40.428473Z", "fetched_at": "2025-07-13T14:39:31.730004+00:00", "symbol": "ETH-USD"}, {"trade_id": 666263282, "side": "buy", "size": "0.00073674", "price": "2999.68000000", "time": "2025-07-13T14:38:40.428473Z", "fetched_at": "2025-07-13T14:39:31.730004+00:00", "symbol": "ETH-USD"}, {"trade_id": 666263281, "side": "buy", "size": "0.01111785", "price": "2999.68000000", "time": "2025-07-13T14:38:40.428473Z", "fetched_at": "2025-07-13T14:39:31.730004+00:00", "symbol": "ETH-USD"}, {"trade_id": 666263280, "side": "buy", "size": "0.00037002", "price": "2999.78000000", "time": "2025-07-13T14:38:39.945227Z", "fetched_at": "2025-07-13T14:39:31.730004+00:00", "symbol": "ETH-USD"}, {"trade_id": 666263279, "side": "buy", "size": "0.00171890", "price": "2999.78000000", "time": "2025-07-13T14:38:39.228257Z", "fetched_at": "2025-07-13T14:39:31.730004+00:00", "symbol": "ETH-USD"}, {"trade_id": 666263278, "side": "sell", "size": "0.01619003", "price": "2999.79000000", "time": "2025-07-13T14:38:39.064906Z", "fetched_at": "2025-07-13T14:39:31.730004+00:00", "symbol": "ETH-USD"}, {"trade_id": 666263277, "side": "sell", "size": "0.32373832", "price": "2999.77000000", "time": "2025-07-13T14:38:36.712655Z", "fetched_at": "2025-07-13T14:39:31.730004+00:00", "symbol": "ETH-USD"}, {"trade_id": 666263276, "side": "buy", "size": "0.32543411", "price": "2999.75000000", "time": "2025-07-13T14:38:36.657996Z", "fetched_at": "2025-07-13T14:39:31.730004+00:00", "symbol": "ETH-USD"}, {"trade_id": 666263275, "side": "buy", "size": "0.00326730", "price": "3000.01000000", "time": "2025-07-13T14:38:36.657996Z", "fetched_at": "2025-07-13T14:39:31.730004+00:00", "symbol": "ETH-USD"}, {"trade_id": 666263274, "side": "buy", "size": "0.04296652", "price": "3000.01000000", "time": "2025-07-13T14:38:36.657996Z", "fetched_at": "2025-07-13T14:39:31.730004+00:00", "symbol": "ETH-USD"}, {"trade_id": 666263273, "side": "buy", "size": "0.02034659", "price": "3000.01000000", "time": "2025-07-13T14:38:36.657996Z", "fetched_at": "2025-07-13T14:39:31.730004+00:00", "symbol": "ETH-USD"}, {"trade_id": 666263272, "side": "buy", "size": "0.00123999", "price": "3000.01000000", "time": "2025-07-13T14:38:36.657996Z", "fetched_at": "2025-07-13T14:39:31.730004+00:00", "symbol": "ETH-USD"}, {"trade_id": 666263271, "side": "buy", "size": "0.00077384", "price": "3000.01000000", "time": "2025-07-13T14:38:36.657996Z", "fetched_at": "2025-07-13T14:39:31.730004+00:00", "symbol": "ETH-USD"}, {"trade_id": 666263270, "side": "sell", "size": "0.00003980", "price": "3000.02000000", "time": "2025-07-13T14:38:36.254515Z", "fetched_at": "2025-07-13T14:39:31.730004+00:00", "symbol": "ETH-USD"}, {"trade_id": 666263269, "side": "sell", "size": "0.00032993", "price": "3000.02000000", "time": "2025-07-13T14:38:35.511750Z", "fetched_at": "2025-07-13T14:39:31.730004+00:00", "symbol": "ETH-USD"}, {"trade_id": 666263268, "side": "sell", "size": "0.01649351", "price": "3000.02000000", "time": "2025-07-13T14:38:35.484909Z", "fetched_at": "2025-07-13T14:39:31.730004+00:00", "symbol": "ETH-USD"}, {"trade_id": 666263267, "side": "sell", "size": "0.16050894", "price": "3000.02000000", "time": "2025-07-13T14:38:35.314927Z", "fetched_at": "2025-07-13T14:39:31.730004+00:00", "symbol": "ETH-USD"}, {"trade_id": 666263266, "side": "sell", "size": "0.00139138", "price": "3000.02000000", "time": "2025-07-13T14:38:35.314927Z", "fetched_at": "2025-07-13T14:39:31.730004+00:00", "symbol": "ETH-USD"}, {"trade_id": 666263265, "side": "buy", "size": "0.00326693", "price": "3000.35000000", "time": "2025-07-13T14:38:35.271106Z", "fetched_at": "2025-07-13T14:39:31.730004+00:00", "symbol": "ETH-USD"}, {"trade_id": 666263264, "side": "buy", "size": "0.00326691", "price": "3000.37000000", "time": "2025-07-13T14:38:35.249665Z", "fetched_at": "2025-07-13T14:39:31.730004+00:00", "symbol": "ETH-USD"}, {"trade_id": 666263263, "side": "buy", "size": "0.03781178", "price": "3000.39000000", "time": "2025-07-13T14:38:35.229040Z", "fetched_at": "2025-07-13T14:39:31.730004+00:00", "symbol": "ETH-USD"}, {"trade_id": 666263262, "side": "buy", "size": "0.14133660", "price": "3000.39000000", "time": "2025-07-13T14:38:35.222212Z", "fetched_at": "2025-07-13T14:39:31.730004+00:00", "symbol": "ETH-USD"}, {"trade_id": 666263261, "side": "buy", "size": "0.00326680", "price": "3000.47000000", "time": "2025-07-13T14:38:35.222212Z", "fetched_at": "2025-07-13T14:39:31.730004+00:00", "symbol": "ETH-USD"}, {"trade_id": 666263260, "side": "buy", "size": "0.00326628", "price": "3000.95000000", "time": "2025-07-13T14:38:35.031748Z", "fetched_at": "2025-07-13T14:39:31.730004+00:00", "symbol": "ETH-USD"}, {"trade_id": 666263259, "side": "buy", "size": "0.00326626", "price": "3000.97000000", "time": "2025-07-13T14:38:35.002863Z", "fetched_at": "2025-07-13T14:39:31.730004+00:00", "symbol": "ETH-USD"}, {"trade_id": 666263258, "side": "buy", "size": "0.00326621", "price": "3001.01000000", "time": "2025-07-13T14:38:34.962108Z", "fetched_at": "2025-07-13T14:39:31.730004+00:00", "symbol": "ETH-USD"}, {"trade_id": 666263257, "side": "buy", "size": "0.01680933", "price": "3001.04000000", "time": "2025-07-13T14:38:34.897513Z", "fetched_at": "2025-07-13T14:39:31.730004+00:00", "symbol": "ETH-USD"}, {"trade_id": 666263256, "side": "buy", "size": "0.00038018", "price": "3000.84000000", "time": "2025-07-13T14:38:34.818476Z", "fetched_at": "2025-07-13T14:39:31.730004+00:00", "symbol": "ETH-USD"}, {"trade_id": 666263255, "side": "buy", "size": "0.00061982", "price": "3000.84000000", "time": "2025-07-13T14:38:34.818476Z", "fetched_at": "2025-07-13T14:39:31.730004+00:00", "symbol": "ETH-USD"}, {"trade_id": 666263254, "side": "sell", "size": "0.01108681", "price": "3001.14000000", "time": "2025-07-13T14:38:34.684640Z", "fetched_at": "2025-07-13T14:39:31.730004+00:00", "symbol": "ETH-USD"}, {"trade_id": 666263253, "side": "sell", "size": "0.00100000", "price": "3001.04000000", "time": "2025-07-13T14:38:34.684640Z", "fetched_at": "2025-07-13T14:39:31.730004+00:00", "symbol": "ETH-USD"}, {"trade_id": 666263252, "side": "sell", "size": "0.00326725", "price": "3000.88000000", "time": "2025-07-13T14:38:34.684640Z", "fetched_at": "2025-07-13T14:39:31.730004+00:00", "symbol": "ETH-USD"}, {"trade_id": 666263251, "side": "sell", "size": "0.00061998", "price": "3000.88000000", "time": "2025-07-13T14:38:34.684640Z", "fetched_at": "2025-07-13T14:39:31.730004+00:00", "symbol": "ETH-USD"}, {"trade_id": 666263250, "side": "sell", "size": "0.00048003", "price": "3000.88000000", "time": "2025-07-13T14:38:34.684640Z", "fetched_at": "2025-07-13T14:39:31.730004+00:00", "symbol": "ETH-USD"}, {"trade_id": 666263249, "side": "sell", "size": "0.00020669", "price": "3000.88000000", "time": "2025-07-13T14:38:34.684640Z", "fetched_at": "2025-07-13T14:39:31.730004+00:00", "symbol": "ETH-USD"}, {"trade_id": 666263248, "side": "buy", "size": "0.02500000", "price": "3000.87000000", "time": "2025-07-13T14:38:34.676064Z", "fetched_at": "2025-07-13T14:39:31.730004+00:00", "symbol": "ETH-USD"}, {"trade_id": 666263247, "side": "buy", "size": "0.01679147", "price": "3000.84000000", "time": "2025-07-13T14:38:34.443988Z", "fetched_at": "2025-07-13T14:39:31.730004+00:00", "symbol": "ETH-USD"}, {"trade_id": 666263246, "side": "sell", "size": "0.00005589", "price": "3000.68000000", "time": "2025-07-13T14:38:34.084210Z", "fetched_at": "2025-07-13T14:39:31.730004+00:00", "symbol": "ETH-USD"}, {"trade_id": 666263245, "side": "sell", "size": "0.00100000", "price": "3000.58000000", "time": "2025-07-13T14:38:33.984510Z", "fetched_at": "2025-07-13T14:39:31.730004+00:00", "symbol": "ETH-USD"}, {"trade_id": 666263244, "side": "sell", "size": "0.01753382", "price": "3000.44000000", "time": "2025-07-13T14:38:33.932591Z", "fetched_at": "2025-07-13T14:39:31.730004+00:00", "symbol": "ETH-USD"}, {"trade_id": 666263243, "side": "sell", "size": "0.11742441", "price": "3000.44000000", "time": "2025-07-13T14:38:33.929230Z", "fetched_at": "2025-07-13T14:39:31.730004+00:00", "symbol": "ETH-USD"}, {"trade_id": 666263242, "side": "sell", "size": "0.44881187", "price": "3000.43000000", "time": "2025-07-13T14:38:33.929230Z", "fetched_at": "2025-07-13T14:39:31.730004+00:00", "symbol": "ETH-USD"}, {"trade_id": 666263241, "side": "sell", "size": "0.15000000", "price": "3000.23000000", "time": "2025-07-13T14:38:33.852873Z", "fetched_at": "2025-07-13T14:39:31.730004+00:00", "symbol": "ETH-USD"}, {"trade_id": 666263240, "side": "sell", "size": "0.41038946", "price": "3000.23000000", "time": "2025-07-13T14:38:33.852873Z", "fetched_at": "2025-07-13T14:39:31.730004+00:00", "symbol": "ETH-USD"}, {"trade_id": 666263239, "side": "buy", "size": "0.01357130", "price": "3000.22000000", "time": "2025-07-13T14:38:33.829410Z", "fetched_at": "2025-07-13T14:39:31.730004+00:00", "symbol": "ETH-USD"}, {"trade_id": 666263238, "side": "buy", "size": "0.00326707", "price": "3000.22000000", "time": "2025-07-13T14:38:33.829410Z", "fetched_at": "2025-07-13T14:39:31.730004+00:00", "symbol": "ETH-USD"}, {"trade_id": 666263237, "side": "buy", "size": "0.01371277", "price": "3000.01000000", "time": "2025-07-13T14:38:33.548539Z", "fetched_at": "2025-07-13T14:39:31.730004+00:00", "symbol": "ETH-USD"}, {"trade_id": 666263236, "side": "buy", "size": "0.00317867", "price": "3000.04000000", "time": "2025-07-13T14:38:33.548539Z", "fetched_at": "2025-07-13T14:39:31.730004+00:00", "symbol": "ETH-USD"}, {"trade_id": 666263235, "side": "sell", "size": "0.03340000", "price": "3000.16000000", "time": "2025-07-13T14:38:33.489201Z", "fetched_at": "2025-07-13T14:39:31.730004+00:00", "symbol": "ETH-USD"}, {"trade_id": 666263234, "side": "sell", "size": "0.01336876", "price": "3000.14000000", "time": "2025-07-13T14:38:33.367140Z", "fetched_at": "2025-07-13T14:39:31.730004+00:00", "symbol": "ETH-USD"}, {"trade_id": 666263233, "side": "sell", "size": "0.00326714", "price": "3000.13000000", "time": "2025-07-13T14:38:33.367140Z", "fetched_at": "2025-07-13T14:39:31.730004+00:00", "symbol": "ETH-USD"}, {"trade_id": 666263232, "side": "buy", "size": "0.01364434", "price": "2999.84000000", "time": "2025-07-13T14:38:33.148963Z", "fetched_at": "2025-07-13T14:39:31.730004+00:00", "symbol": "ETH-USD"}, {"trade_id": 666263231, "side": "buy", "size": "0.00326714", "price": "3000.16000000", "time": "2025-07-13T14:38:33.148963Z", "fetched_at": "2025-07-13T14:39:31.730004+00:00", "symbol": "ETH-USD"}, {"trade_id": 666263230, "side": "buy", "size": "0.01413930", "price": "2999.84000000", "time": "2025-07-13T14:38:32.998716Z", "fetched_at": "2025-07-13T14:39:31.730004+00:00", "symbol": "ETH-USD"}, {"trade_id": 666263229, "side": "buy", "size": "0.00326714", "price": "3000.16000000", "time": "2025-07-13T14:38:32.998716Z", "fetched_at": "2025-07-13T14:39:31.730004+00:00", "symbol": "ETH-USD"}, {"trade_id": 666263228, "side": "sell", "size": "0.01664905", "price": "3000.17000000", "time": "2025-07-13T14:38:32.915789Z", "fetched_at": "2025-07-13T14:39:31.730004+00:00", "symbol": "ETH-USD"}, {"trade_id": 666263227, "side": "buy", "size": "0.04672635", "price": "2999.84000000", "time": "2025-07-13T14:38:32.762566Z", "fetched_at": "2025-07-13T14:39:31.730004+00:00", "symbol": "ETH-USD"}, {"trade_id": 666263226, "side": "buy", "size": "0.00326715", "price": "3000.15000000", "time": "2025-07-13T14:38:32.762566Z", "fetched_at": "2025-07-13T14:39:31.730004+00:00", "symbol": "ETH-USD"}, {"trade_id": 666263225, "side": "buy", "size": "0.01368311", "price": "2999.84000000", "time": "2025-07-13T14:38:32.642791Z", "fetched_at": "2025-07-13T14:39:31.730004+00:00", "symbol": "ETH-USD"}, {"trade_id": 666263224, "side": "buy", "size": "0.00326724", "price": "3000.07000000", "time": "2025-07-13T14:38:32.642791Z", "fetched_at": "2025-07-13T14:39:31.730004+00:00", "symbol": "ETH-USD"}, {"trade_id": 666263223, "side": "buy", "size": "0.11813203", "price": "2999.85000000", "time": "2025-07-13T14:38:32.627424Z", "fetched_at": "2025-07-13T14:39:31.730004+00:00", "symbol": "ETH-USD"}, {"trade_id": 666263222, "side": "buy", "size": "0.00326724", "price": "3000.07000000", "time": "2025-07-13T14:38:32.627424Z", "fetched_at": "2025-07-13T14:39:31.730004+00:00", "symbol": "ETH-USD"}, {"trade_id": 666263221, "side": "sell", "size": "0.01662622", "price": "3000.08000000", "time": "2025-07-13T14:38:32.428230Z", "fetched_at": "2025-07-13T14:39:31.730004+00:00", "symbol": "ETH-USD"}, {"trade_id": 666263220, "side": "buy", "size": "0.16669142", "price": "2999.55000000", "time": "2025-07-13T14:38:32.316791Z", "fetched_at": "2025-07-13T14:39:31.730004+00:00", "symbol": "ETH-USD"}, {"trade_id": 666263219, "side": "buy", "size": "0.24269000", "price": "2999.56000000", "time": "2025-07-13T14:38:32.316791Z", "fetched_at": "2025-07-13T14:39:31.730004+00:00", "symbol": "ETH-USD"}, {"trade_id": 666263218, "side": "buy", "size": "0.04073364", "price": "2999.88000000", "time": "2025-07-13T14:38:32.316791Z", "fetched_at": "2025-07-13T14:39:31.730004+00:00", "symbol": "ETH-USD"}, {"trade_id": 666263217, "side": "buy", "size": "0.00326739", "price": "2999.93000000", "time": "2025-07-13T14:38:32.316791Z", "fetched_at": "2025-07-13T14:39:31.730004+00:00", "symbol": "ETH-USD"}, {"trade_id": 666263216, "side": "sell", "size": "0.03298132", "price": "2999.94000000", "time": "2025-07-13T14:38:32.264077Z", "fetched_at": "2025-07-13T14:39:31.730004+00:00", "symbol": "ETH-USD"}, {"trade_id": 666263215, "side": "buy", "size": "0.00326739", "price": "2999.93000000", "time": "2025-07-13T14:38:32.258007Z", "fetched_at": "2025-07-13T14:39:31.730004+00:00", "symbol": "ETH-USD"}, {"trade_id": 666263214, "side": "buy", "size": "0.00247672", "price": "2999.93000000", "time": "2025-07-13T14:38:32.258007Z", "fetched_at": "2025-07-13T14:39:31.730004+00:00", "symbol": "ETH-USD"}, {"trade_id": 666263213, "side": "buy", "size": "0.00300340", "price": "2999.93000000", "time": "2025-07-13T14:38:32.258007Z", "fetched_at": "2025-07-13T14:39:31.730004+00:00", "symbol": "ETH-USD"}, {"trade_id": 666263212, "side": "buy", "size": "0.00326739", "price": "2999.93000000", "time": "2025-07-13T14:38:32.222Z", "fetched_at": "2025-07-13T14:39:31.730004+00:00", "symbol": "ETH-USD"}, {"trade_id": 666263211, "side": "sell", "size": "0.01661366", "price": "2999.94000000", "time": "2025-07-13T14:38:32.218748Z", "fetched_at": "2025-07-13T14:39:31.730004+00:00", "symbol": "ETH-USD"}, {"trade_id": 666263210, "side": "buy", "size": "0.32758894", "price": "2999.88000000", "time": "2025-07-13T14:38:32.202202Z", "fetched_at": "2025-07-13T14:39:31.730004+00:00", "symbol": "ETH-USD"}, {"trade_id": 666263209, "side": "buy", "size": "0.05635767", "price": "2999.93000000", "time": "2025-07-13T14:38:32.202202Z", "fetched_at": "2025-07-13T14:39:31.730004+00:00", "symbol": "ETH-USD"}, {"trade_id": 666263208, "side": "buy", "size": "36.45266136", "price": "2997.98000000", "time": "2025-07-13T14:38:32.186652Z", "fetched_at": "2025-07-13T14:39:31.730004+00:00", "symbol": "ETH-USD"}, {"trade_id": 666263207, "side": "buy", "size": "8.33892884", "price": "2997.98000000", "time": "2025-07-13T14:38:32.186652Z", "fetched_at": "2025-07-13T14:39:31.730004+00:00", "symbol": "ETH-USD"}, {"trade_id": 666263206, "side": "buy", "size": "0.45900000", "price": "2998.00000000", "time": "2025-07-13T14:38:32.186652Z", "fetched_at": "2025-07-13T14:39:31.730004+00:00", "symbol": "ETH-USD"}, {"trade_id": 666263205, "side": "buy", "size": "0.00050017", "price": "2998.06000000", "time": "2025-07-13T14:38:32.186652Z", "fetched_at": "2025-07-13T14:39:31.730004+00:00", "symbol": "ETH-USD"}, {"trade_id": 666263204, "side": "buy", "size": "0.00170999", "price": "2998.08000000", "time": "2025-07-13T14:38:32.186652Z", "fetched_at": "2025-07-13T14:39:31.730004+00:00", "symbol": "ETH-USD"}, {"trade_id": 666263203, "side": "buy", "size": "0.00003599", "price": "2998.09000000", "time": "2025-07-13T14:38:32.186652Z", "fetched_at": "2025-07-13T14:39:31.730004+00:00", "symbol": "ETH-USD"}, {"trade_id": 666263202, "side": "buy", "size": "0.00100000", "price": "2998.28000000", "time": "2025-07-13T14:38:32.186652Z", "fetched_at": "2025-07-13T14:39:31.730004+00:00", "symbol": "ETH-USD"}, {"trade_id": 666263201, "side": "buy", "size": "8.33792508", "price": "2998.34000000", "time": "2025-07-13T14:38:32.186652Z", "fetched_at": "2025-07-13T14:39:31.730004+00:00", "symbol": "ETH-USD"}, {"trade_id": 666263200, "side": "buy", "size": "0.35544181", "price": "2998.50000000", "time": "2025-07-13T14:38:32.186652Z", "fetched_at": "2025-07-13T14:39:31.730004+00:00", "symbol": "ETH-USD"}, {"trade_id": 666263199, "side": "buy", "size": "0.45900000", "price": "2998.56000000", "time": "2025-07-13T14:38:32.186652Z", "fetched_at": "2025-07-13T14:39:31.730004+00:00", "symbol": "ETH-USD"}, {"trade_id": 666263198, "side": "buy", "size": "0.26653600", "price": "2998.56000000", "time": "2025-07-13T14:38:32.186652Z", "fetched_at": "2025-07-13T14:39:31.730004+00:00", "symbol": "ETH-USD"}, {"trade_id": 666263197, "side": "buy", "size": "47.96500000", "price": "2998.57000000", "time": "2025-07-13T14:38:32.186652Z", "fetched_at": "2025-07-13T14:39:31.730004+00:00", "symbol": "ETH-USD"}, {"trade_id": 666263196, "side": "buy", "size": "1.67532067", "price": "2998.58000000", "time": "2025-07-13T14:38:32.186652Z", "fetched_at": "2025-07-13T14:39:31.730004+00:00", "symbol": "ETH-USD"}, {"trade_id": 666263195, "side": "buy", "size": "7.27540317", "price": "2998.59000000", "time": "2025-07-13T14:38:32.186652Z", "fetched_at": "2025-07-13T14:39:31.730004+00:00", "symbol": "ETH-USD"}, {"trade_id": 666263194, "side": "buy", "size": "0.64527962", "price": "2998.70000000", "time": "2025-07-13T14:38:32.186652Z", "fetched_at": "2025-07-13T14:39:31.730004+00:00", "symbol": "ETH-USD"}, {"trade_id": 666263193, "side": "buy", "size": "0.00100000", "price": "2998.74000000", "time": "2025-07-13T14:38:32.186652Z", "fetched_at": "2025-07-13T14:39:31.730004+00:00", "symbol": "ETH-USD"}, {"trade_id": 666263192, "side": "buy", "size": "0.45900000", "price": "2998.87000000", "time": "2025-07-13T14:38:32.186652Z", "fetched_at": "2025-07-13T14:39:31.730004+00:00", "symbol": "ETH-USD"}, {"trade_id": 666263191, "side": "buy", "size": "0.00049982", "price": "2998.96000000", "time": "2025-07-13T14:38:32.186652Z", "fetched_at": "2025-07-13T14:39:31.730004+00:00", "symbol": "ETH-USD"}, {"trade_id": 666263190, "side": "buy", "size": "0.00100000", "price": "2998.97000000", "time": "2025-07-13T14:38:32.186652Z", "fetched_at": "2025-07-13T14:39:31.730004+00:00", "symbol": "ETH-USD"}, {"trade_id": 666263189, "side": "buy", "size": "5.00000000", "price": "2999.00000000", "time": "2025-07-13T14:38:32.186652Z", "fetched_at": "2025-07-13T14:39:31.730004+00:00", "symbol": "ETH-USD"}, {"trade_id": 666263188, "side": "buy", "size": "0.49991463", "price": "2999.01000000", "time": "2025-07-13T14:38:32.186652Z", "fetched_at": "2025-07-13T14:39:31.730004+00:00", "symbol": "ETH-USD"}, {"trade_id": 666263187, "side": "buy", "size": "0.38952888", "price": "2999.13000000", "time": "2025-07-13T14:38:32.186652Z", "fetched_at": "2025-07-13T14:39:31.730004+00:00", "symbol": "ETH-USD"}, {"trade_id": 666263186, "side": "buy", "size": "0.45900000", "price": "2999.18000000", "time": "2025-07-13T14:38:32.186652Z", "fetched_at": "2025-07-13T14:39:31.730004+00:00", "symbol": "ETH-USD"}, {"trade_id": 666263185, "side": "buy", "size": "0.00100000", "price": "2999.20000000", "time": "2025-07-13T14:38:32.186652Z", "fetched_at": "2025-07-13T14:39:31.730004+00:00", "symbol": "ETH-USD"}, {"trade_id": 666263184, "side": "buy", "size": "0.41247169", "price": "2999.24000000", "time": "2025-07-13T14:38:32.186652Z", "fetched_at": "2025-07-13T14:39:31.730004+00:00", "symbol": "ETH-USD"}, {"trade_id": 666263183, "side": "buy", "size": "0.31025464", "price": "2999.27000000", "time": "2025-07-13T14:38:32.186652Z", "fetched_at": "2025-07-13T14:39:31.730004+00:00", "symbol": "ETH-USD"}, {"trade_id": 666263182, "side": "buy", "size": "0.83353347", "price": "2999.27000000", "time": "2025-07-13T14:38:32.186652Z", "fetched_at": "2025-07-13T14:39:31.730004+00:00", "symbol": "ETH-USD"}, {"trade_id": 666263181, "side": "buy", "size": "0.11366662", "price": "2999.28000000", "time": "2025-07-13T14:38:32.186652Z", "fetched_at": "2025-07-13T14:39:31.730004+00:00", "symbol": "ETH-USD"}, {"trade_id": 666263180, "side": "buy", "size": "0.20000000", "price": "2999.29000000", "time": "2025-07-13T14:38:32.186652Z", "fetched_at": "2025-07-13T14:39:31.730004+00:00", "symbol": "ETH-USD"}, {"trade_id": 666263179, "side": "buy", "size": "0.40000000", "price": "2999.29000000", "time": "2025-07-13T14:38:32.186652Z", "fetched_at": "2025-07-13T14:39:31.730004+00:00", "symbol": "ETH-USD"}, {"trade_id": 666263178, "side": "buy", "size": "0.80000000", "price": "2999.29000000", "time": "2025-07-13T14:38:32.186652Z", "fetched_at": "2025-07-13T14:39:31.730004+00:00", "symbol": "ETH-USD"}, {"trade_id": 666263177, "side": "buy", "size": "0.82362751", "price": "2999.42000000", "time": "2025-07-13T14:38:32.186652Z", "fetched_at": "2025-07-13T14:39:31.730004+00:00", "symbol": "ETH-USD"}, {"trade_id": 666263176, "side": "buy", "size": "0.83349204", "price": "2999.42000000", "time": "2025-07-13T14:38:32.186652Z", "fetched_at": "2025-07-13T14:39:31.730004+00:00", "symbol": "ETH-USD"}, {"trade_id": 666263175, "side": "buy", "size": "0.42070000", "price": "2999.43000000", "time": "2025-07-13T14:38:32.186652Z", "fetched_at": "2025-07-13T14:39:31.730004+00:00", "symbol": "ETH-USD"}, {"trade_id": 666263174, "side": "buy", "size": "0.00100000", "price": "2999.43000000", "time": "2025-07-13T14:38:32.186652Z", "fetched_at": "2025-07-13T14:39:31.730004+00:00", "symbol": "ETH-USD"}, {"trade_id": 666263173, "side": "buy", "size": "0.24236118", "price": "2999.44000000", "time": "2025-07-13T14:38:32.186652Z", "fetched_at": "2025-07-13T14:39:31.730004+00:00", "symbol": "ETH-USD"}, {"trade_id": 666263172, "side": "buy", "size": "0.45900000", "price": "2999.49000000", "time": "2025-07-13T14:38:32.186652Z", "fetched_at": "2025-07-13T14:39:31.730004+00:00", "symbol": "ETH-USD"}, {"trade_id": 666263171, "side": "buy", "size": "1.20000000", "price": "2999.62000000", "time": "2025-07-13T14:38:32.186652Z", "fetched_at": "2025-07-13T14:39:31.730004+00:00", "symbol": "ETH-USD"}, {"trade_id": 666263170, "side": "buy", "size": "0.00100000", "price": "2999.66000000", "time": "2025-07-13T14:38:32.186652Z", "fetched_at": "2025-07-13T14:39:31.730004+00:00", "symbol": "ETH-USD"}, {"trade_id": 666263169, "side": "buy", "size": "0.16668457", "price": "2999.67000000", "time": "2025-07-13T14:38:32.186652Z", "fetched_at": "2025-07-13T14:39:31.730004+00:00", "symbol": "ETH-USD"}, {"trade_id": 666263168, "side": "buy", "size": "0.43688822", "price": "2999.68000000", "time": "2025-07-13T14:38:32.186652Z", "fetched_at": "2025-07-13T14:39:31.730004+00:00", "symbol": "ETH-USD"}, {"trade_id": 666263167, "side": "buy", "size": "0.94864820", "price": "2999.76000000", "time": "2025-07-13T14:38:32.186652Z", "fetched_at": "2025-07-13T14:39:31.730004+00:00", "symbol": "ETH-USD"}, {"trade_id": 666263166, "side": "buy", "size": "0.41260607", "price": "2999.81000000", "time": "2025-07-13T14:38:32.186652Z", "fetched_at": "2025-07-13T14:39:31.730004+00:00", "symbol": "ETH-USD"}, {"trade_id": 666263165, "side": "buy", "size": "0.00049982", "price": "2999.86000000", "time": "2025-07-13T14:38:32.186652Z", "fetched_at": "2025-07-13T14:39:31.730004+00:00", "symbol": "ETH-USD"}, {"trade_id": 666263164, "side": "buy", "size": "0.00100000", "price": "2999.89000000", "time": "2025-07-13T14:38:32.186652Z", "fetched_at": "2025-07-13T14:39:31.730004+00:00", "symbol": "ETH-USD"}, {"trade_id": 666263163, "side": "buy", "size": "0.39812315", "price": "2999.91000000", "time": "2025-07-13T14:38:32.186652Z", "fetched_at": "2025-07-13T14:39:31.730004+00:00", "symbol": "ETH-USD"}, {"trade_id": 666263162, "side": "buy", "size": "0.44061817", "price": "2999.92000000", "time": "2025-07-13T14:38:32.186652Z", "fetched_at": "2025-07-13T14:39:31.730004+00:00", "symbol": "ETH-USD"}, {"trade_id": 666263161, "side": "buy", "size": "0.00100000", "price": "3000.12000000", "time": "2025-07-13T14:38:32.186652Z", "fetched_at": "2025-07-13T14:39:31.730004+00:00", "symbol": "ETH-USD"}, {"trade_id": 666263160, "side": "buy", "size": "0.19999995", "price": "3000.14000000", "time": "2025-07-13T14:38:32.186652Z", "fetched_at": "2025-07-13T14:39:31.730004+00:00", "symbol": "ETH-USD"}, {"trade_id": 666263159, "side": "buy", "size": "0.00326707", "price": "3000.22000000", "time": "2025-07-13T14:38:32.186652Z", "fetched_at": "2025-07-13T14:39:31.730004+00:00", "symbol": "ETH-USD"}, {"trade_id": 666263158, "side": "buy", "size": "0.00100000", "price": "3000.35000000", "time": "2025-07-13T14:38:32.094689Z", "fetched_at": "2025-07-13T14:39:31.730004+00:00", "symbol": "ETH-USD"}, {"trade_id": 666263157, "side": "buy", "size": "0.11822652", "price": "3000.35000000", "time": "2025-07-13T14:38:32.094689Z", "fetched_at": "2025-07-13T14:39:31.730004+00:00", "symbol": "ETH-USD"}, {"trade_id": 666263156, "side": "buy", "size": "0.00326689", "price": "3000.39000000", "time": "2025-07-13T14:38:32.094689Z", "fetched_at": "2025-07-13T14:39:31.730004+00:00", "symbol": "ETH-USD"}, {"trade_id": 666263155, "side": "buy", "size": "0.03674581", "price": "3000.39000000", "time": "2025-07-13T14:38:32.094689Z", "fetched_at": "2025-07-13T14:39:31.730004+00:00", "symbol": "ETH-USD"}, {"trade_id": 666263154, "side": "buy", "size": "0.00796504", "price": "3000.39000000", "time": "2025-07-13T14:38:32.005713Z", "fetched_at": "2025-07-13T14:39:31.730004+00:00", "symbol": "ETH-USD"}, {"trade_id": 666263153, "side": "buy", "size": "0.00899318", "price": "3000.39000000", "time": "2025-07-13T14:38:32.005713Z", "fetched_at": "2025-07-13T14:39:31.730004+00:00", "symbol": "ETH-USD"}, {"trade_id": 666263152, "side": "sell", "size": "0.00057725", "price": "3000.40000000", "time": "2025-07-13T14:38:31.972347Z", "fetched_at": "2025-07-13T14:39:31.730004+00:00", "symbol": "ETH-USD"}, {"trade_id": 666263151, "side": "sell", "size": "0.01666444", "price": "3000.40000000", "time": "2025-07-13T14:38:31.754706Z", "fetched_at": "2025-07-13T14:39:31.730004+00:00", "symbol": "ETH-USD"}, {"trade_id": 666263150, "side": "buy", "size": "0.01699344", "price": "3000.39000000", "time": "2025-07-13T14:38:31.581268Z", "fetched_at": "2025-07-13T14:39:31.730004+00:00", "symbol": "ETH-USD"}, {"trade_id": 666263149, "side": "sell", "size": "0.01661111", "price": "3000.40000000", "time": "2025-07-13T14:38:31.313132Z", "fetched_at": "2025-07-13T14:39:31.730004+00:00", "symbol": "ETH-USD"}, {"trade_id": 666263148, "side": "buy", "size": "0.01693728", "price": "3000.37000000", "time": "2025-07-13T14:38:31.097597Z", "fetched_at": "2025-07-13T14:39:31.730004+00:00", "symbol": "ETH-USD"}, {"trade_id": 666263147, "side": "sell", "size": "0.01660329", "price": "3000.61000000", "time": "2025-07-13T14:38:30.855118Z", "fetched_at": "2025-07-13T14:39:31.730004+00:00", "symbol": "ETH-USD"}, {"trade_id": 666263146, "side": "buy", "size": "0.01263484", "price": "3000.35000000", "time": "2025-07-13T14:38:30.629547Z", "fetched_at": "2025-07-13T14:39:31.730004+00:00", "symbol": "ETH-USD"}, {"trade_id": 666263145, "side": "buy", "size": "0.00326692", "price": "3000.36000000", "time": "2025-07-13T14:38:30.629547Z", "fetched_at": "2025-07-13T14:39:31.730004+00:00", "symbol": "ETH-USD"}, {"trade_id": 666263144, "side": "buy", "size": "0.00100000", "price": "3000.58000000", "time": "2025-07-13T14:38:30.629547Z", "fetched_at": "2025-07-13T14:39:31.730004+00:00", "symbol": "ETH-USD"}, {"trade_id": 666263143, "side": "sell", "size": "0.00323933", "price": "3000.67000000", "time": "2025-07-13T14:38:30.558102Z", "fetched_at": "2025-07-13T14:39:31.730004+00:00", "symbol": "ETH-USD"}, {"trade_id": 666263142, "side": "sell", "size": "0.01334329", "price": "3000.68000000", "time": "2025-07-13T14:38:30.431257Z", "fetched_at": "2025-07-13T14:39:31.730004+00:00", "symbol": "ETH-USD"}, {"trade_id": 666263141, "side": "sell", "size": "0.00326628", "price": "3000.67000000", "time": "2025-07-13T14:38:30.431257Z", "fetched_at": "2025-07-13T14:39:31.730004+00:00", "symbol": "ETH-USD"}, {"trade_id": 666263140, "side": "sell", "size": "0.03236939", "price": "3000.66000000", "time": "2025-07-13T14:38:30.239064Z", "fetched_at": "2025-07-13T14:39:31.730004+00:00", "symbol": "ETH-USD"}, {"trade_id": 666263139, "side": "buy", "size": "0.00923563", "price": "3000.63000000", "time": "2025-07-13T14:38:30.202688Z", "fetched_at": "2025-07-13T14:39:31.730004+00:00", "symbol": "ETH-USD"}, {"trade_id": 666263138, "side": "buy", "size": "0.00439327", "price": "3000.63000000", "time": "2025-07-13T14:38:30.202688Z", "fetched_at": "2025-07-13T14:39:31.730004+00:00", "symbol": "ETH-USD"}, {"trade_id": 666263137, "side": "buy", "size": "0.00326658", "price": "3000.67000000", "time": "2025-07-13T14:38:30.202688Z", "fetched_at": "2025-07-13T14:39:31.730004+00:00", "symbol": "ETH-USD"}, {"trade_id": 666263136, "side": "buy", "size": "0.01689205", "price": "3000.63000000", "time": "2025-07-13T14:38:29.975623Z", "fetched_at": "2025-07-13T14:39:31.730004+00:00", "symbol": "ETH-USD"}, {"trade_id": 666263135, "side": "sell", "size": "0.00007998", "price": "3000.64000000", "time": "2025-07-13T14:38:29.906800Z", "fetched_at": "2025-07-13T14:39:31.730004+00:00", "symbol": "ETH-USD"}, {"trade_id": 666263134, "side": "buy", "size": "0.09229549", "price": "3000.66000000", "time": "2025-07-13T14:38:29.794163Z", "fetched_at": "2025-07-13T14:39:31.730004+00:00", "symbol": "ETH-USD"}, {"trade_id": 666263133, "side": "buy", "size": "0.01688333", "price": "3000.63000000", "time": "2025-07-13T14:38:29.511749Z", "fetched_at": "2025-07-13T14:39:31.730004+00:00", "symbol": "ETH-USD"}, {"trade_id": 666263132, "side": "sell", "size": "0.00008331", "price": "3000.75000000", "time": "2025-07-13T14:38:29.483556Z", "fetched_at": "2025-07-13T14:39:31.730004+00:00", "symbol": "ETH-USD"}, {"trade_id": 666263131, "side": "sell", "size": "0.03286300", "price": "3000.96000000", "time": "2025-07-13T14:38:28.589310Z", "fetched_at": "2025-07-13T14:39:31.730004+00:00", "symbol": "ETH-USD"}, {"trade_id": 666263130, "side": "sell", "size": "0.01671781", "price": "3000.99000000", "time": "2025-07-13T14:38:28.344554Z", "fetched_at": "2025-07-13T14:39:31.730004+00:00", "symbol": "ETH-USD"}, {"trade_id": 666263129, "side": "buy", "size": "0.01300492", "price": "3001.17000000", "time": "2025-07-13T14:38:28.198410Z", "fetched_at": "2025-07-13T14:39:31.730004+00:00", "symbol": "ETH-USD"}, {"trade_id": 666263128, "side": "buy", "size": "0.00259232", "price": "3001.17000000", "time": "2025-07-13T14:38:28.198410Z", "fetched_at": "2025-07-13T14:39:31.730004+00:00", "symbol": "ETH-USD"}, {"trade_id": 666263127, "side": "buy", "size": "0.04776470", "price": "3001.17000000", "time": "2025-07-13T14:38:28.198410Z", "fetched_at": "2025-07-13T14:39:31.730004+00:00", "symbol": "ETH-USD"}, {"trade_id": 666263126, "side": "buy", "size": "0.00488122", "price": "3001.17000000", "time": "2025-07-13T14:38:28.198410Z", "fetched_at": "2025-07-13T14:39:31.730004+00:00", "symbol": "ETH-USD"}, {"trade_id": 666263125, "side": "buy", "size": "0.00185282", "price": "3001.17000000", "time": "2025-07-13T14:38:27.344475Z", "fetched_at": "2025-07-13T14:39:31.730004+00:00", "symbol": "ETH-USD"}, {"trade_id": 666263124, "side": "sell", "size": "0.06854878", "price": "3001.44000000", "time": "2025-07-13T14:38:26.109145Z", "fetched_at": "2025-07-13T14:39:31.730004+00:00", "symbol": "ETH-USD"}, {"trade_id": 666263123, "side": "sell", "size": "0.53791900", "price": "3001.42000000", "time": "2025-07-13T14:38:26.109145Z", "fetched_at": "2025-07-13T14:39:31.730004+00:00", "symbol": "ETH-USD"}, {"trade_id": 666263122, "side": "sell", "size": "1.81060468", "price": "3001.41000000", "time": "2025-07-13T14:38:26.109145Z", "fetched_at": "2025-07-13T14:39:31.730004+00:00", "symbol": "ETH-USD"}, {"trade_id": 666263121, "side": "sell", "size": "0.10000000", "price": "3001.40000000", "time": "2025-07-13T14:38:26.109145Z", "fetched_at": "2025-07-13T14:39:31.730004+00:00", "symbol": "ETH-USD"}, {"trade_id": 666263120, "side": "sell", "size": "0.44820048", "price": "3001.34000000", "time": "2025-07-13T14:38:26.109145Z", "fetched_at": "2025-07-13T14:39:31.730004+00:00", "symbol": "ETH-USD"}, {"trade_id": 666263119, "side": "sell", "size": "0.16659836", "price": "3001.23000000", "time": "2025-07-13T14:38:26.109145Z", "fetched_at": "2025-07-13T14:39:31.730004+00:00", "symbol": "ETH-USD"}, {"trade_id": 666263118, "side": "sell", "size": "0.39806153", "price": "3001.22000000", "time": "2025-07-13T14:38:26.109145Z", "fetched_at": "2025-07-13T14:39:31.730004+00:00", "symbol": "ETH-USD"}, {"trade_id": 666263117, "side": "sell", "size": "0.00326605", "price": "3001.18000000", "time": "2025-07-13T14:38:26.109145Z", "fetched_at": "2025-07-13T14:39:31.730004+00:00", "symbol": "ETH-USD"}, {"trade_id": 666263116, "side": "sell", "size": "0.42469771", "price": "3001.18000000", "time": "2025-07-13T14:38:26.109145Z", "fetched_at": "2025-07-13T14:39:31.730004+00:00", "symbol": "ETH-USD"}, {"trade_id": 666263115, "side": "sell", "size": "0.00007431", "price": "3001.18000000", "time": "2025-07-13T14:38:26.109145Z", "fetched_at": "2025-07-13T14:39:31.730004+00:00", "symbol": "ETH-USD"}, {"trade_id": 666263114, "side": "sell", "size": "0.44820048", "price": "3001.18000000", "time": "2025-07-13T14:38:26.109145Z", "fetched_at": "2025-07-13T14:39:31.730004+00:00", "symbol": "ETH-USD"}, {"trade_id": 666263113, "side": "sell", "size": "0.15000000", "price": "3001.18000000", "time": "2025-07-13T14:38:26.109145Z", "fetched_at": "2025-07-13T14:39:31.730004+00:00", "symbol": "ETH-USD"}, {"trade_id": 666263112, "side": "sell", "size": "0.43165629", "price": "3001.18000000", "time": "2025-07-13T14:38:26.109145Z", "fetched_at": "2025-07-13T14:39:31.730004+00:00", "symbol": "ETH-USD"}, {"trade_id": 666263111, "side": "sell", "size": "0.20920371", "price": "3001.18000000", "time": "2025-07-13T14:38:24.419121Z", "fetched_at": "2025-07-13T14:39:31.730004+00:00", "symbol": "ETH-USD"}, {"trade_id": 666263110, "side": "buy", "size": "2.99623001", "price": "3001.17000000", "time": "2025-07-13T14:38:23.431764Z", "fetched_at": "2025-07-13T14:39:31.730004+00:00", "symbol": "ETH-USD"}, {"trade_id": 666263109, "side": "buy", "size": "0.00326597", "price": "3001.23000000", "time": "2025-07-13T14:38:23.431764Z", "fetched_at": "2025-07-13T14:39:31.730004+00:00", "symbol": "ETH-USD"}, {"trade_id": 666263108, "side": "buy", "size": "0.02462656", "price": "3001.23000000", "time": "2025-07-13T14:38:23.431764Z", "fetched_at": "2025-07-13T14:39:31.730004+00:00", "symbol": "ETH-USD"}, {"trade_id": 666263107, "side": "buy", "size": "0.05554056", "price": "3001.23000000", "time": "2025-07-13T14:38:23.431764Z", "fetched_at": "2025-07-13T14:39:31.730004+00:00", "symbol": "ETH-USD"}, {"trade_id": 666263106, "side": "sell", "size": "0.01810000", "price": "3001.24000000", "time": "2025-07-13T14:38:23.148587Z", "fetched_at": "2025-07-13T14:39:31.730004+00:00", "symbol": "ETH-USD"}, {"trade_id": 666263105, "side": "sell", "size": "0.30000000", "price": "3001.24000000", "time": "2025-07-13T14:38:22.999561Z", "fetched_at": "2025-07-13T14:39:31.730004+00:00", "symbol": "ETH-USD"}, {"trade_id": 666263104, "side": "buy", "size": "0.40000000", "price": "3000.92000000", "time": "2025-07-13T14:38:21.851033Z", "fetched_at": "2025-07-13T14:39:31.730004+00:00", "symbol": "ETH-USD"}, {"trade_id": 666263103, "side": "buy", "size": "0.20000000", "price": "3000.92000000", "time": "2025-07-13T14:38:21.850900Z", "fetched_at": "2025-07-13T14:39:31.730004+00:00", "symbol": "ETH-USD"}, {"trade_id": 666263102, "side": "sell", "size": "0.01980511", "price": "3001.23000000", "time": "2025-07-13T14:38:21.847694Z", "fetched_at": "2025-07-13T14:39:31.730004+00:00", "symbol": "ETH-USD"}, {"trade_id": 666263101, "side": "sell", "size": "0.45900000", "price": "3001.17000000", "time": "2025-07-13T14:38:21.847694Z", "fetched_at": "2025-07-13T14:39:31.730004+00:00", "symbol": "ETH-USD"}, {"trade_id": 666263100, "side": "buy", "size": "0.83321383", "price": "3000.43000000", "time": "2025-07-13T14:38:21.842317Z", "fetched_at": "2025-07-13T14:39:31.730004+00:00", "symbol": "ETH-USD"}, {"trade_id": 666263099, "side": "buy", "size": "0.10000000", "price": "3000.65000000", "time": "2025-07-13T14:38:21.842317Z", "fetched_at": "2025-07-13T14:39:31.730004+00:00", "symbol": "ETH-USD"}, {"trade_id": 666263098, "side": "buy", "size": "0.45900000", "price": "3000.68000000", "time": "2025-07-13T14:38:21.842317Z", "fetched_at": "2025-07-13T14:39:31.730004+00:00", "symbol": "ETH-USD"}, {"trade_id": 666263097, "side": "buy", "size": "0.15000000", "price": "3000.69000000", "time": "2025-07-13T14:38:21.842317Z", "fetched_at": "2025-07-13T14:39:31.730004+00:00", "symbol": "ETH-USD"}, {"trade_id": 666263096, "side": "buy", "size": "0.50000000", "price": "3000.83000000", "time": "2025-07-13T14:38:21.842317Z", "fetched_at": "2025-07-13T14:39:31.730004+00:00", "symbol": "ETH-USD"}, {"trade_id": 666263095, "side": "buy", "size": "0.00326606", "price": "3001.15000000", "time": "2025-07-13T14:38:21.842317Z", "fetched_at": "2025-07-13T14:39:31.730004+00:00", "symbol": "ETH-USD"}