[{"trade_id": 666211288, "side": "sell", "size": "0.03113261", "price": "2964.28000000", "time": "2025-07-13T11:37:45.266324Z", "fetched_at": "2025-07-13T11:37:51.688499+00:00", "symbol": "ETH-USD"}, {"trade_id": 666211287, "side": "buy", "size": "0.00058769", "price": "2964.27000000", "time": "2025-07-13T11:37:44.267280Z", "fetched_at": "2025-07-13T11:37:51.688499+00:00", "symbol": "ETH-USD"}, {"trade_id": 666211286, "side": "buy", "size": "0.00001012", "price": "2964.27000000", "time": "2025-07-13T11:37:44.267280Z", "fetched_at": "2025-07-13T11:37:51.688499+00:00", "symbol": "ETH-USD"}, {"trade_id": 666211285, "side": "buy", "size": "0.00001012", "price": "2964.27000000", "time": "2025-07-13T11:37:44.267280Z", "fetched_at": "2025-07-13T11:37:51.688499+00:00", "symbol": "ETH-USD"}, {"trade_id": 666211284, "side": "buy", "size": "0.13596039", "price": "2964.28000000", "time": "2025-07-13T11:37:42.574480Z", "fetched_at": "2025-07-13T11:37:51.688499+00:00", "symbol": "ETH-USD"}, {"trade_id": 666211283, "side": "sell", "size": "0.00020000", "price": "2964.57000000", "time": "2025-07-13T11:37:38.409900Z", "fetched_at": "2025-07-13T11:37:51.688499+00:00", "symbol": "ETH-USD"}, {"trade_id": 666211282, "side": "sell", "size": "0.02175671", "price": "2964.60000000", "time": "2025-07-13T11:37:38.070850Z", "fetched_at": "2025-07-13T11:37:51.688499+00:00", "symbol": "ETH-USD"}, {"trade_id": 666211281, "side": "buy", "size": "0.10392819", "price": "2964.46000000", "time": "2025-07-13T11:37:37.451577Z", "fetched_at": "2025-07-13T11:37:51.688499+00:00", "symbol": "ETH-USD"}, {"trade_id": 666211280, "side": "buy", "size": "0.24269000", "price": "2964.59000000", "time": "2025-07-13T11:37:36.507937Z", "fetched_at": "2025-07-13T11:37:51.688499+00:00", "symbol": "ETH-USD"}, {"trade_id": 666211279, "side": "buy", "size": "0.00010109", "price": "2964.59000000", "time": "2025-07-13T11:37:34.719051Z", "fetched_at": "2025-07-13T11:37:51.688499+00:00", "symbol": "ETH-USD"}, {"trade_id": 666211278, "side": "sell", "size": "0.07129147", "price": "2964.60000000", "time": "2025-07-13T11:37:34.120296Z", "fetched_at": "2025-07-13T11:37:51.688499+00:00", "symbol": "ETH-USD"}, {"trade_id": 666211277, "side": "sell", "size": "0.00062004", "price": "2964.50000000", "time": "2025-07-13T11:37:34.120296Z", "fetched_at": "2025-07-13T11:37:51.688499+00:00", "symbol": "ETH-USD"}, {"trade_id": 666211276, "side": "sell", "size": "0.00048002", "price": "2964.50000000", "time": "2025-07-13T11:37:34.120296Z", "fetched_at": "2025-07-13T11:37:51.688499+00:00", "symbol": "ETH-USD"}, {"trade_id": 666211275, "side": "sell", "size": "0.00020668", "price": "2964.50000000", "time": "2025-07-13T11:37:34.120296Z", "fetched_at": "2025-07-13T11:37:51.688499+00:00", "symbol": "ETH-USD"}, {"trade_id": 666211274, "side": "sell", "size": "0.00011179", "price": "2964.50000000", "time": "2025-07-13T11:37:34.120296Z", "fetched_at": "2025-07-13T11:37:51.688499+00:00", "symbol": "ETH-USD"}, {"trade_id": 666211273, "side": "sell", "size": "0.00100000", "price": "2964.50000000", "time": "2025-07-13T11:37:34.120296Z", "fetched_at": "2025-07-13T11:37:51.688499+00:00", "symbol": "ETH-USD"}, {"trade_id": 666211272, "side": "sell", "size": "0.00020670", "price": "2964.28000000", "time": "2025-07-13T11:37:31.898397Z", "fetched_at": "2025-07-13T11:37:51.688499+00:00", "symbol": "ETH-USD"}, {"trade_id": 666211271, "side": "sell", "size": "0.00024001", "price": "2964.28000000", "time": "2025-07-13T11:37:31.898397Z", "fetched_at": "2025-07-13T11:37:51.688499+00:00", "symbol": "ETH-USD"}, {"trade_id": 666211270, "side": "sell", "size": "0.00005588", "price": "2964.28000000", "time": "2025-07-13T11:37:31.898397Z", "fetched_at": "2025-07-13T11:37:51.688499+00:00", "symbol": "ETH-USD"}, {"trade_id": 666211269, "side": "sell", "size": "0.00031002", "price": "2964.28000000", "time": "2025-07-13T11:37:31.898397Z", "fetched_at": "2025-07-13T11:37:51.688499+00:00", "symbol": "ETH-USD"}, {"trade_id": 666211268, "side": "sell", "size": "0.00018699", "price": "2964.28000000", "time": "2025-07-13T11:37:31.898397Z", "fetched_at": "2025-07-13T11:37:51.688499+00:00", "symbol": "ETH-USD"}, {"trade_id": 666211267, "side": "buy", "size": "0.00357660", "price": "2964.27000000", "time": "2025-07-13T11:37:26.999135Z", "fetched_at": "2025-07-13T11:37:51.688499+00:00", "symbol": "ETH-USD"}, {"trade_id": 666211266, "side": "sell", "size": "0.00081301", "price": "2964.28000000", "time": "2025-07-13T11:37:25.499545Z", "fetched_at": "2025-07-13T11:37:51.688499+00:00", "symbol": "ETH-USD"}, {"trade_id": 666211265, "side": "buy", "size": "0.00228968", "price": "2964.27000000", "time": "2025-07-13T11:37:23.409818Z", "fetched_at": "2025-07-13T11:37:51.688499+00:00", "symbol": "ETH-USD"}, {"trade_id": 666211264, "side": "sell", "size": "0.55186628", "price": "2964.06000000", "time": "2025-07-13T11:37:22.669912Z", "fetched_at": "2025-07-13T11:37:51.688499+00:00", "symbol": "ETH-USD"}, {"trade_id": 666211263, "side": "sell", "size": "0.00100000", "price": "2964.06000000", "time": "2025-07-13T11:37:22.669912Z", "fetched_at": "2025-07-13T11:37:51.688499+00:00", "symbol": "ETH-USD"}, {"trade_id": 666211262, "side": "sell", "size": "0.19985041", "price": "2964.04000000", "time": "2025-07-13T11:37:22.618403Z", "fetched_at": "2025-07-13T11:37:51.688499+00:00", "symbol": "ETH-USD"}, {"trade_id": 666211261, "side": "sell", "size": "0.15117109", "price": "2964.02000000", "time": "2025-07-13T11:37:22.618403Z", "fetched_at": "2025-07-13T11:37:51.688499+00:00", "symbol": "ETH-USD"}, {"trade_id": 666211260, "side": "sell", "size": "0.17539905", "price": "2964.02000000", "time": "2025-07-13T11:37:22.616606Z", "fetched_at": "2025-07-13T11:37:51.688499+00:00", "symbol": "ETH-USD"}, {"trade_id": 666211259, "side": "sell", "size": "0.12660672", "price": "2963.84000000", "time": "2025-07-13T11:37:22.612221Z", "fetched_at": "2025-07-13T11:37:51.688499+00:00", "symbol": "ETH-USD"}, {"trade_id": 666211258, "side": "sell", "size": "0.00100000", "price": "2963.84000000", "time": "2025-07-13T11:37:22.612221Z", "fetched_at": "2025-07-13T11:37:51.688499+00:00", "symbol": "ETH-USD"}, {"trade_id": 666211257, "side": "sell", "size": "0.00203801", "price": "2963.80000000", "time": "2025-07-13T11:37:22.612221Z", "fetched_at": "2025-07-13T11:37:51.688499+00:00", "symbol": "ETH-USD"}, {"trade_id": 666211256, "side": "sell", "size": "0.00158348", "price": "2963.80000000", "time": "2025-07-13T11:37:22.612221Z", "fetched_at": "2025-07-13T11:37:51.688499+00:00", "symbol": "ETH-USD"}, {"trade_id": 666211255, "side": "sell", "size": "0.00062574", "price": "2963.80000000", "time": "2025-07-13T11:37:22.612221Z", "fetched_at": "2025-07-13T11:37:51.688499+00:00", "symbol": "ETH-USD"}, {"trade_id": 666211254, "side": "sell", "size": "0.00026121", "price": "2963.80000000", "time": "2025-07-13T11:37:22.612221Z", "fetched_at": "2025-07-13T11:37:51.688499+00:00", "symbol": "ETH-USD"}, {"trade_id": 666211253, "side": "sell", "size": "0.10821538", "price": "2963.69000000", "time": "2025-07-13T11:37:22.611089Z", "fetched_at": "2025-07-13T11:37:51.688499+00:00", "symbol": "ETH-USD"}, {"trade_id": 666211252, "side": "sell", "size": "0.76360618", "price": "2963.69000000", "time": "2025-07-13T11:37:22.610208Z", "fetched_at": "2025-07-13T11:37:51.688499+00:00", "symbol": "ETH-USD"}, {"trade_id": 666211251, "side": "sell", "size": "0.25551062", "price": "2963.69000000", "time": "2025-07-13T11:37:22.610183Z", "fetched_at": "2025-07-13T11:37:51.688499+00:00", "symbol": "ETH-USD"}, {"trade_id": 666211250, "side": "sell", "size": "0.23670905", "price": "2963.69000000", "time": "2025-07-13T11:37:22.608653Z", "fetched_at": "2025-07-13T11:37:51.688499+00:00", "symbol": "ETH-USD"}, {"trade_id": 666211249, "side": "sell", "size": "0.30495796", "price": "2963.69000000", "time": "2025-07-13T11:37:22.608653Z", "fetched_at": "2025-07-13T11:37:51.688499+00:00", "symbol": "ETH-USD"}, {"trade_id": 666211248, "side": "sell", "size": "0.56721538", "price": "2963.68000000", "time": "2025-07-13T11:37:22.608653Z", "fetched_at": "2025-07-13T11:37:51.688499+00:00", "symbol": "ETH-USD"}, {"trade_id": 666211247, "side": "sell", "size": "0.00100000", "price": "2963.62000000", "time": "2025-07-13T11:37:22.608653Z", "fetched_at": "2025-07-13T11:37:51.688499+00:00", "symbol": "ETH-USD"}, {"trade_id": 666211246, "side": "sell", "size": "0.11422587", "price": "2963.55000000", "time": "2025-07-13T11:37:22.607864Z", "fetched_at": "2025-07-13T11:37:51.688499+00:00", "symbol": "ETH-USD"}, {"trade_id": 666211245, "side": "sell", "size": "0.26819762", "price": "2963.55000000", "time": "2025-07-13T11:37:22.607809Z", "fetched_at": "2025-07-13T11:37:51.688499+00:00", "symbol": "ETH-USD"}, {"trade_id": 666211244, "side": "sell", "size": "1.31390938", "price": "2963.53000000", "time": "2025-07-13T11:37:22.607809Z", "fetched_at": "2025-07-13T11:37:51.688499+00:00", "symbol": "ETH-USD"}, {"trade_id": 666211243, "side": "sell", "size": "0.35024194", "price": "2963.44000000", "time": "2025-07-13T11:37:22.607580Z", "fetched_at": "2025-07-13T11:37:51.688499+00:00", "symbol": "ETH-USD"}, {"trade_id": 666211242, "side": "sell", "size": "0.43626649", "price": "2963.44000000", "time": "2025-07-13T11:37:22.607252Z", "fetched_at": "2025-07-13T11:37:51.688499+00:00", "symbol": "ETH-USD"}, {"trade_id": 666211241, "side": "sell", "size": "0.01701000", "price": "2963.44000000", "time": "2025-07-13T11:37:22.605459Z", "fetched_at": "2025-07-13T11:37:51.688499+00:00", "symbol": "ETH-USD"}, {"trade_id": 666211240, "side": "sell", "size": "0.00100000", "price": "2963.40000000", "time": "2025-07-13T11:37:22.605387Z", "fetched_at": "2025-07-13T11:37:51.688499+00:00", "symbol": "ETH-USD"}, {"trade_id": 666211239, "side": "sell", "size": "0.45900000", "price": "2963.40000000", "time": "2025-07-13T11:37:22.605387Z", "fetched_at": "2025-07-13T11:37:51.688499+00:00", "symbol": "ETH-USD"}, {"trade_id": 666211238, "side": "sell", "size": "0.77203135", "price": "2963.38000000", "time": "2025-07-13T11:37:22.605387Z", "fetched_at": "2025-07-13T11:37:51.688499+00:00", "symbol": "ETH-USD"}, {"trade_id": 666211237, "side": "sell", "size": "0.02796865", "price": "2963.38000000", "time": "2025-07-13T11:37:22.604508Z", "fetched_at": "2025-07-13T11:37:51.688499+00:00", "symbol": "ETH-USD"}, {"trade_id": 666211236, "side": "sell", "size": "0.40000000", "price": "2963.38000000", "time": "2025-07-13T11:37:22.604508Z", "fetched_at": "2025-07-13T11:37:51.688499+00:00", "symbol": "ETH-USD"}, {"trade_id": 666211235, "side": "sell", "size": "0.20000000", "price": "2963.38000000", "time": "2025-07-13T11:37:22.604508Z", "fetched_at": "2025-07-13T11:37:51.688499+00:00", "symbol": "ETH-USD"}, {"trade_id": 666211234, "side": "sell", "size": "1.37632260", "price": "2963.35000000", "time": "2025-07-13T11:37:22.604508Z", "fetched_at": "2025-07-13T11:37:51.688499+00:00", "symbol": "ETH-USD"}, {"trade_id": 666211233, "side": "sell", "size": "0.35378432", "price": "2963.32000000", "time": "2025-07-13T11:37:22.604508Z", "fetched_at": "2025-07-13T11:37:51.688499+00:00", "symbol": "ETH-USD"}, {"trade_id": 666211232, "side": "sell", "size": "1.27533038", "price": "2963.32000000", "time": "2025-07-13T11:37:22.604508Z", "fetched_at": "2025-07-13T11:37:51.688499+00:00", "symbol": "ETH-USD"}, {"trade_id": 666211231, "side": "sell", "size": "0.31831060", "price": "2963.31000000", "time": "2025-07-13T11:37:22.604508Z", "fetched_at": "2025-07-13T11:37:51.688499+00:00", "symbol": "ETH-USD"}, {"trade_id": 666211230, "side": "sell", "size": "0.65225615", "price": "2963.29000000", "time": "2025-07-13T11:37:22.604508Z", "fetched_at": "2025-07-13T11:37:51.688499+00:00", "symbol": "ETH-USD"}, {"trade_id": 666211229, "side": "sell", "size": "0.25288540", "price": "2963.29000000", "time": "2025-07-13T11:37:22.604290Z", "fetched_at": "2025-07-13T11:37:51.688499+00:00", "symbol": "ETH-USD"}, {"trade_id": 666211228, "side": "sell", "size": "2.56735835", "price": "2963.29000000", "time": "2025-07-13T11:37:22.603934Z", "fetched_at": "2025-07-13T11:37:51.688499+00:00", "symbol": "ETH-USD"}, {"trade_id": 666211227, "side": "sell", "size": "0.05153160", "price": "2963.18000000", "time": "2025-07-13T11:37:22.603847Z", "fetched_at": "2025-07-13T11:37:51.688499+00:00", "symbol": "ETH-USD"}, {"trade_id": 666211226, "side": "sell", "size": "0.02973325", "price": "2963.18000000", "time": "2025-07-13T11:37:22.603731Z", "fetched_at": "2025-07-13T11:37:51.688499+00:00", "symbol": "ETH-USD"}, {"trade_id": 666211225, "side": "sell", "size": "0.30659740", "price": "2963.13000000", "time": "2025-07-13T11:37:22.603731Z", "fetched_at": "2025-07-13T11:37:51.688499+00:00", "symbol": "ETH-USD"}, {"trade_id": 666211224, "side": "sell", "size": "0.30000000", "price": "2963.10000000", "time": "2025-07-13T11:37:22.603731Z", "fetched_at": "2025-07-13T11:37:51.688499+00:00", "symbol": "ETH-USD"}, {"trade_id": 666211223, "side": "sell", "size": "0.32059608", "price": "2963.09000000", "time": "2025-07-13T11:37:22.603563Z", "fetched_at": "2025-07-13T11:37:51.688499+00:00", "symbol": "ETH-USD"}, {"trade_id": 666211222, "side": "sell", "size": "0.07940392", "price": "2963.09000000", "time": "2025-07-13T11:37:22.603546Z", "fetched_at": "2025-07-13T11:37:51.688499+00:00", "symbol": "ETH-USD"}, {"trade_id": 666211221, "side": "sell", "size": "0.20000000", "price": "2963.09000000", "time": "2025-07-13T11:37:22.603546Z", "fetched_at": "2025-07-13T11:37:51.688499+00:00", "symbol": "ETH-USD"}, {"trade_id": 666211220, "side": "sell", "size": "0.94383271", "price": "2963.07000000", "time": "2025-07-13T11:37:22.603546Z", "fetched_at": "2025-07-13T11:37:51.688499+00:00", "symbol": "ETH-USD"}, {"trade_id": 666211219, "side": "sell", "size": "0.30000000", "price": "2963.07000000", "time": "2025-07-13T11:37:22.603312Z", "fetched_at": "2025-07-13T11:37:51.688499+00:00", "symbol": "ETH-USD"}, {"trade_id": 666211218, "side": "sell", "size": "0.08786225", "price": "2963.07000000", "time": "2025-07-13T11:37:22.603038Z", "fetched_at": "2025-07-13T11:37:51.688499+00:00", "symbol": "ETH-USD"}, {"trade_id": 666211217, "side": "sell", "size": "0.60000000", "price": "2963.05000000", "time": "2025-07-13T11:37:22.603038Z", "fetched_at": "2025-07-13T11:37:51.688499+00:00", "symbol": "ETH-USD"}, {"trade_id": 666211216, "side": "sell", "size": "0.26316775", "price": "2963.00000000", "time": "2025-07-13T11:37:22.602914Z", "fetched_at": "2025-07-13T11:37:51.688499+00:00", "symbol": "ETH-USD"}, {"trade_id": 666211215, "side": "sell", "size": "0.03683225", "price": "2963.00000000", "time": "2025-07-13T11:37:22.602589Z", "fetched_at": "2025-07-13T11:37:51.688499+00:00", "symbol": "ETH-USD"}, {"trade_id": 666211214, "side": "sell", "size": "1.36093715", "price": "2962.99000000", "time": "2025-07-13T11:37:22.602589Z", "fetched_at": "2025-07-13T11:37:51.688499+00:00", "symbol": "ETH-USD"}, {"trade_id": 666211213, "side": "sell", "size": "2.33557927", "price": "2962.98000000", "time": "2025-07-13T11:37:22.602589Z", "fetched_at": "2025-07-13T11:37:51.688499+00:00", "symbol": "ETH-USD"}, {"trade_id": 666211212, "side": "sell", "size": "0.30271000", "price": "2962.97000000", "time": "2025-07-13T11:37:22.602589Z", "fetched_at": "2025-07-13T11:37:51.688499+00:00", "symbol": "ETH-USD"}, {"trade_id": 666211211, "side": "sell", "size": "0.10000000", "price": "2962.97000000", "time": "2025-07-13T11:37:22.602589Z", "fetched_at": "2025-07-13T11:37:51.688499+00:00", "symbol": "ETH-USD"}, {"trade_id": 666211210, "side": "sell", "size": "0.16129069", "price": "2962.97000000", "time": "2025-07-13T11:37:22.602589Z", "fetched_at": "2025-07-13T11:37:51.688499+00:00", "symbol": "ETH-USD"}, {"trade_id": 666211209, "side": "buy", "size": "0.12988748", "price": "2963.18000000", "time": "2025-07-13T11:37:19.373790Z", "fetched_at": "2025-07-13T11:37:51.688499+00:00", "symbol": "ETH-USD"}, {"trade_id": 666211208, "side": "buy", "size": "0.16235598", "price": "2963.18000000", "time": "2025-07-13T11:37:19.373790Z", "fetched_at": "2025-07-13T11:37:51.688499+00:00", "symbol": "ETH-USD"}, {"trade_id": 666211207, "side": "buy", "size": "1.16247158", "price": "2962.96000000", "time": "2025-07-13T11:37:19.108212Z", "fetched_at": "2025-07-13T11:37:51.688499+00:00", "symbol": "ETH-USD"}, {"trade_id": 666211206, "side": "buy", "size": "0.00100000", "price": "2962.96000000", "time": "2025-07-13T11:37:19.108212Z", "fetched_at": "2025-07-13T11:37:51.688499+00:00", "symbol": "ETH-USD"}, {"trade_id": 666211205, "side": "buy", "size": "0.38969099", "price": "2963.04000000", "time": "2025-07-13T11:37:19.108212Z", "fetched_at": "2025-07-13T11:37:51.688499+00:00", "symbol": "ETH-USD"}, {"trade_id": 666211204, "side": "buy", "size": "0.01623670", "price": "2963.04000000", "time": "2025-07-13T11:37:19.108212Z", "fetched_at": "2025-07-13T11:37:51.688499+00:00", "symbol": "ETH-USD"}, {"trade_id": 666211203, "side": "buy", "size": "0.02000000", "price": "2963.04000000", "time": "2025-07-13T11:37:19.108212Z", "fetched_at": "2025-07-13T11:37:51.688499+00:00", "symbol": "ETH-USD"}, {"trade_id": 666211202, "side": "buy", "size": "0.00000337", "price": "2963.04000000", "time": "2025-07-13T11:37:19.108212Z", "fetched_at": "2025-07-13T11:37:51.688499+00:00", "symbol": "ETH-USD"}, {"trade_id": 666211201, "side": "buy", "size": "0.00586858", "price": "2963.04000000", "time": "2025-07-13T11:37:19.108212Z", "fetched_at": "2025-07-13T11:37:51.688499+00:00", "symbol": "ETH-USD"}, {"trade_id": 666211200, "side": "buy", "size": "3.36135588", "price": "2963.09000000", "time": "2025-07-13T11:37:19.108212Z", "fetched_at": "2025-07-13T11:37:51.688499+00:00", "symbol": "ETH-USD"}, {"trade_id": 666211199, "side": "buy", "size": "0.10000000", "price": "2963.10000000", "time": "2025-07-13T11:37:19.108212Z", "fetched_at": "2025-07-13T11:37:51.688499+00:00", "symbol": "ETH-USD"}, {"trade_id": 666211198, "side": "buy", "size": "0.00337484", "price": "2963.11000000", "time": "2025-07-13T11:37:19.108212Z", "fetched_at": "2025-07-13T11:37:51.688499+00:00", "symbol": "ETH-USD"}, {"trade_id": 666211197, "side": "buy", "size": "0.00100000", "price": "2963.18000000", "time": "2025-07-13T11:37:19.108212Z", "fetched_at": "2025-07-13T11:37:51.688499+00:00", "symbol": "ETH-USD"}, {"trade_id": 666211196, "side": "buy", "size": "0.50000000", "price": "2963.36000000", "time": "2025-07-13T11:37:18.677726Z", "fetched_at": "2025-07-13T11:37:51.688499+00:00", "symbol": "ETH-USD"}, {"trade_id": 666211195, "side": "buy", "size": "0.00042488", "price": "2963.27000000", "time": "2025-07-13T11:37:18.677440Z", "fetched_at": "2025-07-13T11:37:51.688499+00:00", "symbol": "ETH-USD"}, {"trade_id": 666211194, "side": "buy", "size": "0.20663955", "price": "2963.30000000", "time": "2025-07-13T11:37:18.677440Z", "fetched_at": "2025-07-13T11:37:51.688499+00:00", "symbol": "ETH-USD"}, {"trade_id": 666211193, "side": "buy", "size": "0.03170222", "price": "2963.32000000", "time": "2025-07-13T11:37:18.677440Z", "fetched_at": "2025-07-13T11:37:51.688499+00:00", "symbol": "ETH-USD"}, {"trade_id": 666211192, "side": "buy", "size": "0.05414796", "price": "2963.34000000", "time": "2025-07-13T11:37:18.677440Z", "fetched_at": "2025-07-13T11:37:51.688499+00:00", "symbol": "ETH-USD"}, {"trade_id": 666211191, "side": "buy", "size": "0.19175364", "price": "2963.36000000", "time": "2025-07-13T11:37:18.677440Z", "fetched_at": "2025-07-13T11:37:51.688499+00:00", "symbol": "ETH-USD"}, {"trade_id": 666211190, "side": "buy", "size": "0.00337439", "price": "2963.50000000", "time": "2025-07-13T11:37:18.677440Z", "fetched_at": "2025-07-13T11:37:51.688499+00:00", "symbol": "ETH-USD"}, {"trade_id": 666211189, "side": "buy", "size": "0.45900000", "price": "2963.49000000", "time": "2025-07-13T11:37:18.671899Z", "fetched_at": "2025-07-13T11:37:51.688499+00:00", "symbol": "ETH-USD"}, {"trade_id": 666211188, "side": "buy", "size": "0.00580550", "price": "2963.49000000", "time": "2025-07-13T11:37:18.671899Z", "fetched_at": "2025-07-13T11:37:51.688499+00:00", "symbol": "ETH-USD"}, {"trade_id": 666211187, "side": "buy", "size": "0.50000044", "price": "2963.59000000", "time": "2025-07-13T11:37:18.671396Z", "fetched_at": "2025-07-13T11:37:51.688499+00:00", "symbol": "ETH-USD"}, {"trade_id": 666211186, "side": "buy", "size": "0.00337428", "price": "2963.60000000", "time": "2025-07-13T11:37:18.671396Z", "fetched_at": "2025-07-13T11:37:51.688499+00:00", "symbol": "ETH-USD"}, {"trade_id": 666211185, "side": "buy", "size": "0.45900000", "price": "2963.79000000", "time": "2025-07-13T11:37:18.668203Z", "fetched_at": "2025-07-13T11:37:51.688499+00:00", "symbol": "ETH-USD"}, {"trade_id": 666211184, "side": "buy", "size": "0.24269000", "price": "2963.79000000", "time": "2025-07-13T11:37:18.668203Z", "fetched_at": "2025-07-13T11:37:51.688499+00:00", "symbol": "ETH-USD"}, {"trade_id": 666211183, "side": "sell", "size": "0.00010109", "price": "2963.80000000", "time": "2025-07-13T11:37:18.273091Z", "fetched_at": "2025-07-13T11:37:51.688499+00:00", "symbol": "ETH-USD"}, {"trade_id": 666211182, "side": "sell", "size": "0.00584235", "price": "2963.84000000", "time": "2025-07-13T11:37:16.414838Z", "fetched_at": "2025-07-13T11:37:51.688499+00:00", "symbol": "ETH-USD"}, {"trade_id": 666211181, "side": "sell", "size": "0.00100000", "price": "2963.84000000", "time": "2025-07-13T11:37:16.414838Z", "fetched_at": "2025-07-13T11:37:51.688499+00:00", "symbol": "ETH-USD"}, {"trade_id": 666211180, "side": "sell", "size": "0.00100000", "price": "2963.62000000", "time": "2025-07-13T11:37:16.414838Z", "fetched_at": "2025-07-13T11:37:51.688499+00:00", "symbol": "ETH-USD"}, {"trade_id": 666211179, "side": "sell", "size": "0.00013209", "price": "2963.61000000", "time": "2025-07-13T11:37:16.414838Z", "fetched_at": "2025-07-13T11:37:51.688499+00:00", "symbol": "ETH-USD"}, {"trade_id": 666211178, "side": "sell", "size": "0.00009771", "price": "2963.61000000", "time": "2025-07-13T11:37:16.414838Z", "fetched_at": "2025-07-13T11:37:51.688499+00:00", "symbol": "ETH-USD"}, {"trade_id": 666211177, "side": "sell", "size": "0.00002892", "price": "2963.61000000", "time": "2025-07-13T11:37:16.414838Z", "fetched_at": "2025-07-13T11:37:51.688499+00:00", "symbol": "ETH-USD"}, {"trade_id": 666211176, "side": "sell", "size": "0.00009665", "price": "2963.60000000", "time": "2025-07-13T11:37:16.414838Z", "fetched_at": "2025-07-13T11:37:51.688499+00:00", "symbol": "ETH-USD"}, {"trade_id": 666211175, "side": "buy", "size": "0.56095302", "price": "2963.59000000", "time": "2025-07-13T11:37:16.052232Z", "fetched_at": "2025-07-13T11:37:51.688499+00:00", "symbol": "ETH-USD"}, {"trade_id": 666211174, "side": "buy", "size": "0.45900000", "price": "2963.59000000", "time": "2025-07-13T11:37:16.052232Z", "fetched_at": "2025-07-13T11:37:51.688499+00:00", "symbol": "ETH-USD"}, {"trade_id": 666211173, "side": "buy", "size": "0.43607243", "price": "2963.59000000", "time": "2025-07-13T11:37:16.052232Z", "fetched_at": "2025-07-13T11:37:51.688499+00:00", "symbol": "ETH-USD"}, {"trade_id": 666211172, "side": "buy", "size": "0.00171390", "price": "2963.59000000", "time": "2025-07-13T11:37:16.052232Z", "fetched_at": "2025-07-13T11:37:51.688499+00:00", "symbol": "ETH-USD"}, {"trade_id": 666211171, "side": "buy", "size": "0.14690000", "price": "2963.59000000", "time": "2025-07-13T11:37:16.052232Z", "fetched_at": "2025-07-13T11:37:51.688499+00:00", "symbol": "ETH-USD"}, {"trade_id": 666211170, "side": "buy", "size": "0.20000000", "price": "2963.59000000", "time": "2025-07-13T11:37:16.052232Z", "fetched_at": "2025-07-13T11:37:51.688499+00:00", "symbol": "ETH-USD"}, {"trade_id": 666211169, "side": "buy", "size": "0.05225600", "price": "2963.52000000", "time": "2025-07-13T11:37:09.841508Z", "fetched_at": "2025-07-13T11:37:51.688499+00:00", "symbol": "ETH-USD"}, {"trade_id": 666211168, "side": "buy", "size": "0.00718800", "price": "2963.45000000", "time": "2025-07-13T11:37:09.321056Z", "fetched_at": "2025-07-13T11:37:51.688499+00:00", "symbol": "ETH-USD"}, {"trade_id": 666211167, "side": "sell", "size": "0.01595190", "price": "2963.10000000", "time": "2025-07-13T11:37:07.913289Z", "fetched_at": "2025-07-13T11:37:51.688499+00:00", "symbol": "ETH-USD"}, {"trade_id": 666211166, "side": "buy", "size": "0.01036812", "price": "2963.04000000", "time": "2025-07-13T11:37:07.190334Z", "fetched_at": "2025-07-13T11:37:51.688499+00:00", "symbol": "ETH-USD"}, {"trade_id": 666211165, "side": "buy", "size": "0.00000337", "price": "2963.04000000", "time": "2025-07-13T11:37:07.190334Z", "fetched_at": "2025-07-13T11:37:51.688499+00:00", "symbol": "ETH-USD"}, {"trade_id": 666211164, "side": "buy", "size": "0.00821451", "price": "2963.04000000", "time": "2025-07-13T11:37:07.190334Z", "fetched_at": "2025-07-13T11:37:51.688499+00:00", "symbol": "ETH-USD"}, {"trade_id": 666211163, "side": "buy", "size": "0.00341000", "price": "2963.04000000", "time": "2025-07-13T11:37:06.854530Z", "fetched_at": "2025-07-13T11:37:51.688499+00:00", "symbol": "ETH-USD"}, {"trade_id": 666211162, "side": "sell", "size": "0.01639649", "price": "2963.05000000", "time": "2025-07-13T11:37:05.825374Z", "fetched_at": "2025-07-13T11:37:51.688499+00:00", "symbol": "ETH-USD"}, {"trade_id": 666211161, "side": "buy", "size": "0.00011320", "price": "2963.04000000", "time": "2025-07-13T11:37:03.016397Z", "fetched_at": "2025-07-13T11:37:51.688499+00:00", "symbol": "ETH-USD"}, {"trade_id": 666211160, "side": "buy", "size": "0.01987200", "price": "2963.04000000", "time": "2025-07-13T11:37:02.533228Z", "fetched_at": "2025-07-13T11:37:51.688499+00:00", "symbol": "ETH-USD"}, {"trade_id": 666211159, "side": "sell", "size": "0.71459102", "price": "2963.60000000", "time": "2025-07-13T11:36:42.355583Z", "fetched_at": "2025-07-13T11:37:51.688499+00:00", "symbol": "ETH-USD"}, {"trade_id": 666211158, "side": "sell", "size": "0.30000000", "price": "2963.60000000", "time": "2025-07-13T11:36:42.355583Z", "fetched_at": "2025-07-13T11:37:51.688499+00:00", "symbol": "ETH-USD"}, {"trade_id": 666211157, "side": "sell", "size": "1.27632014", "price": "2963.54000000", "time": "2025-07-13T11:36:42.355583Z", "fetched_at": "2025-07-13T11:37:51.688499+00:00", "symbol": "ETH-USD"}, {"trade_id": 666211156, "side": "sell", "size": "0.00072341", "price": "2963.34000000", "time": "2025-07-13T11:36:42.355583Z", "fetched_at": "2025-07-13T11:37:51.688499+00:00", "symbol": "ETH-USD"}, {"trade_id": 666211155, "side": "sell", "size": "0.00217011", "price": "2963.34000000", "time": "2025-07-13T11:36:42.355583Z", "fetched_at": "2025-07-13T11:37:51.688499+00:00", "symbol": "ETH-USD"}, {"trade_id": 666211154, "side": "sell", "size": "0.00168026", "price": "2963.34000000", "time": "2025-07-13T11:36:42.355583Z", "fetched_at": "2025-07-13T11:37:51.688499+00:00", "symbol": "ETH-USD"}, {"trade_id": 666211153, "side": "sell", "size": "0.00005589", "price": "2963.34000000", "time": "2025-07-13T11:36:42.355583Z", "fetched_at": "2025-07-13T11:37:51.688499+00:00", "symbol": "ETH-USD"}, {"trade_id": 666211152, "side": "sell", "size": "0.00021810", "price": "2963.34000000", "time": "2025-07-13T11:36:42.355583Z", "fetched_at": "2025-07-13T11:37:51.688499+00:00", "symbol": "ETH-USD"}, {"trade_id": 666211151, "side": "buy", "size": "0.00141783", "price": "2963.33000000", "time": "2025-07-13T11:36:41.880780Z", "fetched_at": "2025-07-13T11:37:51.688499+00:00", "symbol": "ETH-USD"}, {"trade_id": 666211150, "side": "sell", "size": "0.00324127", "price": "2963.34000000", "time": "2025-07-13T11:36:40.877407Z", "fetched_at": "2025-07-13T11:37:51.688499+00:00", "symbol": "ETH-USD"}, {"trade_id": 666211149, "side": "sell", "size": "0.00005588", "price": "2963.34000000", "time": "2025-07-13T11:36:40.877407Z", "fetched_at": "2025-07-13T11:37:51.688499+00:00", "symbol": "ETH-USD"}, {"trade_id": 666211148, "side": "sell", "size": "0.00061998", "price": "2963.34000000", "time": "2025-07-13T11:36:40.877407Z", "fetched_at": "2025-07-13T11:37:51.688499+00:00", "symbol": "ETH-USD"}, {"trade_id": 666211147, "side": "sell", "size": "0.00048005", "price": "2963.34000000", "time": "2025-07-13T11:36:40.877407Z", "fetched_at": "2025-07-13T11:37:51.688499+00:00", "symbol": "ETH-USD"}, {"trade_id": 666211146, "side": "sell", "size": "0.00010335", "price": "2963.34000000", "time": "2025-07-13T11:36:40.877407Z", "fetched_at": "2025-07-13T11:37:51.688499+00:00", "symbol": "ETH-USD"}, {"trade_id": 666211145, "side": "sell", "size": "0.00007431", "price": "2963.07000000", "time": "2025-07-13T11:36:32.035288Z", "fetched_at": "2025-07-13T11:37:51.688499+00:00", "symbol": "ETH-USD"}, {"trade_id": 666211144, "side": "sell", "size": "1.18994393", "price": "2963.06000000", "time": "2025-07-13T11:36:27.030350Z", "fetched_at": "2025-07-13T11:37:51.688499+00:00", "symbol": "ETH-USD"}, {"trade_id": 666211143, "side": "sell", "size": "0.44885477", "price": "2963.05000000", "time": "2025-07-13T11:36:27.030350Z", "fetched_at": "2025-07-13T11:37:51.688499+00:00", "symbol": "ETH-USD"}, {"trade_id": 666211142, "side": "sell", "size": "0.00033779", "price": "2963.05000000", "time": "2025-07-13T11:36:27.030350Z", "fetched_at": "2025-07-13T11:37:51.688499+00:00", "symbol": "ETH-USD"}, {"trade_id": 666211141, "side": "sell", "size": "0.15338339", "price": "2963.06000000", "time": "2025-07-13T11:36:25.685133Z", "fetched_at": "2025-07-13T11:37:51.688499+00:00", "symbol": "ETH-USD"}, {"trade_id": 666211140, "side": "sell", "size": "0.00003747", "price": "2963.05000000", "time": "2025-07-13T11:36:25.685133Z", "fetched_at": "2025-07-13T11:37:51.688499+00:00", "symbol": "ETH-USD"}, {"trade_id": 666211139, "side": "sell", "size": "0.00021566", "price": "2963.05000000", "time": "2025-07-13T11:36:23.114926Z", "fetched_at": "2025-07-13T11:37:51.688499+00:00", "symbol": "ETH-USD"}, {"trade_id": 666211138, "side": "sell", "size": "0.00011177", "price": "2963.05000000", "time": "2025-07-13T11:36:23.114926Z", "fetched_at": "2025-07-13T11:37:51.688499+00:00", "symbol": "ETH-USD"}, {"trade_id": 666211137, "side": "sell", "size": "0.00011320", "price": "2963.05000000", "time": "2025-07-13T11:36:20.011398Z", "fetched_at": "2025-07-13T11:37:51.688499+00:00", "symbol": "ETH-USD"}, {"trade_id": 666211136, "side": "buy", "size": "0.01168703", "price": "2963.04000000", "time": "2025-07-13T11:36:19.803814Z", "fetched_at": "2025-07-13T11:37:51.688499+00:00", "symbol": "ETH-USD"}, {"trade_id": 666211135, "side": "buy", "size": "0.01624007", "price": "2963.04000000", "time": "2025-07-13T11:36:19.803814Z", "fetched_at": "2025-07-13T11:37:51.688499+00:00", "symbol": "ETH-USD"}, {"trade_id": 666211134, "side": "buy", "size": "0.04330349", "price": "2963.04000000", "time": "2025-07-13T11:36:19.803814Z", "fetched_at": "2025-07-13T11:37:51.688499+00:00", "symbol": "ETH-USD"}, {"trade_id": 666211133, "side": "buy", "size": "0.00000674", "price": "2963.04000000", "time": "2025-07-13T11:36:19.803814Z", "fetched_at": "2025-07-13T11:37:51.688499+00:00", "symbol": "ETH-USD"}, {"trade_id": 666211132, "side": "buy", "size": "0.00000674", "price": "2963.04000000", "time": "2025-07-13T11:36:19.803814Z", "fetched_at": "2025-07-13T11:37:51.688499+00:00", "symbol": "ETH-USD"}, {"trade_id": 666211131, "side": "buy", "size": "0.01992885", "price": "2963.04000000", "time": "2025-07-13T11:36:19.803814Z", "fetched_at": "2025-07-13T11:37:51.688499+00:00", "symbol": "ETH-USD"}, {"trade_id": 666211130, "side": "buy", "size": "0.01007411", "price": "2963.04000000", "time": "2025-07-13T11:36:19.803814Z", "fetched_at": "2025-07-13T11:37:51.688499+00:00", "symbol": "ETH-USD"}, {"trade_id": 666211129, "side": "sell", "size": "0.39027185", "price": "2963.25000000", "time": "2025-07-13T11:36:18.901221Z", "fetched_at": "2025-07-13T11:37:51.688499+00:00", "symbol": "ETH-USD"}, {"trade_id": 666211128, "side": "sell", "size": "1.35808729", "price": "2963.25000000", "time": "2025-07-13T11:36:18.901221Z", "fetched_at": "2025-07-13T11:37:51.688499+00:00", "symbol": "ETH-USD"}, {"trade_id": 666211127, "side": "sell", "size": "0.08979479", "price": "2963.25000000", "time": "2025-07-13T11:36:18.901221Z", "fetched_at": "2025-07-13T11:37:51.688499+00:00", "symbol": "ETH-USD"}, {"trade_id": 666211126, "side": "sell", "size": "0.20000000", "price": "2963.24000000", "time": "2025-07-13T11:36:18.901221Z", "fetched_at": "2025-07-13T11:37:51.688499+00:00", "symbol": "ETH-USD"}, {"trade_id": 666211125, "side": "sell", "size": "0.40000000", "price": "2963.24000000", "time": "2025-07-13T11:36:18.901221Z", "fetched_at": "2025-07-13T11:37:51.688499+00:00", "symbol": "ETH-USD"}, {"trade_id": 666211124, "side": "sell", "size": "0.08018644", "price": "2963.23000000", "time": "2025-07-13T11:36:18.901221Z", "fetched_at": "2025-07-13T11:37:51.688499+00:00", "symbol": "ETH-USD"}, {"trade_id": 666211123, "side": "sell", "size": "1.31648747", "price": "2963.18000000", "time": "2025-07-13T11:36:18.901221Z", "fetched_at": "2025-07-13T11:37:51.688499+00:00", "symbol": "ETH-USD"}, {"trade_id": 666211122, "side": "sell", "size": "1.31269229", "price": "2963.11000000", "time": "2025-07-13T11:36:18.901221Z", "fetched_at": "2025-07-13T11:37:51.688499+00:00", "symbol": "ETH-USD"}, {"trade_id": 666211121, "side": "sell", "size": "0.56124796", "price": "2963.10000000", "time": "2025-07-13T11:36:18.901221Z", "fetched_at": "2025-07-13T11:37:51.688499+00:00", "symbol": "ETH-USD"}, {"trade_id": 666211120, "side": "sell", "size": "0.00011611", "price": "2963.09000000", "time": "2025-07-13T11:36:18.901221Z", "fetched_at": "2025-07-13T11:37:51.688499+00:00", "symbol": "ETH-USD"}, {"trade_id": 666211119, "side": "sell", "size": "2.50820317", "price": "2963.08000000", "time": "2025-07-13T11:36:18.901221Z", "fetched_at": "2025-07-13T11:37:51.688499+00:00", "symbol": "ETH-USD"}, {"trade_id": 666211118, "side": "sell", "size": "0.93829000", "price": "2963.05000000", "time": "2025-07-13T11:36:18.901221Z", "fetched_at": "2025-07-13T11:37:51.688499+00:00", "symbol": "ETH-USD"}, {"trade_id": 666211117, "side": "sell", "size": "0.46059507", "price": "2963.05000000", "time": "2025-07-13T11:36:18.901221Z", "fetched_at": "2025-07-13T11:37:51.688499+00:00", "symbol": "ETH-USD"}, {"trade_id": 666211116, "side": "sell", "size": "0.30000000", "price": "2963.05000000", "time": "2025-07-13T11:36:18.901221Z", "fetched_at": "2025-07-13T11:37:51.688499+00:00", "symbol": "ETH-USD"}, {"trade_id": 666211115, "side": "sell", "size": "1.00000000", "price": "2963.05000000", "time": "2025-07-13T11:36:18.901221Z", "fetched_at": "2025-07-13T11:37:51.688499+00:00", "symbol": "ETH-USD"}, {"trade_id": 666211114, "side": "sell", "size": "5.40138517", "price": "2963.05000000", "time": "2025-07-13T11:36:18.901221Z", "fetched_at": "2025-07-13T11:37:51.688499+00:00", "symbol": "ETH-USD"}, {"trade_id": 666211113, "side": "sell", "size": "0.01639444", "price": "2963.05000000", "time": "2025-07-13T11:36:17.948206Z", "fetched_at": "2025-07-13T11:37:51.688499+00:00", "symbol": "ETH-USD"}, {"trade_id": 666211112, "side": "sell", "size": "0.00721238", "price": "2963.05000000", "time": "2025-07-13T11:36:17.415761Z", "fetched_at": "2025-07-13T11:37:51.688499+00:00", "symbol": "ETH-USD"}, {"trade_id": 666211111, "side": "sell", "size": "0.81971890", "price": "2963.05000000", "time": "2025-07-13T11:36:14.375923Z", "fetched_at": "2025-07-13T11:37:51.688499+00:00", "symbol": "ETH-USD"}, {"trade_id": 666211110, "side": "buy", "size": "0.01623985", "price": "2963.08000000", "time": "2025-07-13T11:36:13.383452Z", "fetched_at": "2025-07-13T11:37:51.688499+00:00", "symbol": "ETH-USD"}, {"trade_id": 666211109, "side": "buy", "size": "0.00337487", "price": "2963.08000000", "time": "2025-07-13T11:36:13.383452Z", "fetched_at": "2025-07-13T11:37:51.688499+00:00", "symbol": "ETH-USD"}, {"trade_id": 666211108, "side": "sell", "size": "0.02736639", "price": "2963.05000000", "time": "2025-07-13T11:36:10.221484Z", "fetched_at": "2025-07-13T11:37:51.688499+00:00", "symbol": "ETH-USD"}, {"trade_id": 666211107, "side": "sell", "size": "0.10000000", "price": "2963.05000000", "time": "2025-07-13T11:36:10.221484Z", "fetched_at": "2025-07-13T11:37:51.688499+00:00", "symbol": "ETH-USD"}, {"trade_id": 666211106, "side": "sell", "size": "0.00269000", "price": "2963.05000000", "time": "2025-07-13T11:36:10.221484Z", "fetched_at": "2025-07-13T11:37:51.688499+00:00", "symbol": "ETH-USD"}, {"trade_id": 666211105, "side": "sell", "size": "0.00111776", "price": "2963.05000000", "time": "2025-07-13T11:36:10.221484Z", "fetched_at": "2025-07-13T11:37:51.688499+00:00", "symbol": "ETH-USD"}, {"trade_id": 666211104, "side": "buy", "size": "0.20048766", "price": "2963.15000000", "time": "2025-07-13T11:36:07.510925Z", "fetched_at": "2025-07-13T11:37:51.688499+00:00", "symbol": "ETH-USD"}, {"trade_id": 666211103, "side": "buy", "size": "0.00034456", "price": "2963.15000000", "time": "2025-07-13T11:36:07.510925Z", "fetched_at": "2025-07-13T11:37:51.688499+00:00", "symbol": "ETH-USD"}, {"trade_id": 666211102, "side": "buy", "size": "0.28133471", "price": "2963.18000000", "time": "2025-07-13T11:36:07.507661Z", "fetched_at": "2025-07-13T11:37:51.688499+00:00", "symbol": "ETH-USD"}, {"trade_id": 666211101, "side": "buy", "size": "0.00001012", "price": "2963.31000000", "time": "2025-07-13T11:36:07.507661Z", "fetched_at": "2025-07-13T11:37:51.688499+00:00", "symbol": "ETH-USD"}, {"trade_id": 666211100, "side": "buy", "size": "0.01150740", "price": "2963.31000000", "time": "2025-07-13T11:36:07.507661Z", "fetched_at": "2025-07-13T11:37:51.688499+00:00", "symbol": "ETH-USD"}, {"trade_id": 666211099, "side": "buy", "size": "0.00337459", "price": "2963.33000000", "time": "2025-07-13T11:36:07.507661Z", "fetched_at": "2025-07-13T11:37:51.688499+00:00", "symbol": "ETH-USD"}, {"trade_id": 666211098, "side": "buy", "size": "0.04330263", "price": "2963.33000000", "time": "2025-07-13T11:36:07.507661Z", "fetched_at": "2025-07-13T11:37:51.688499+00:00", "symbol": "ETH-USD"}, {"trade_id": 666211097, "side": "buy", "size": "0.01623848", "price": "2963.33000000", "time": "2025-07-13T11:36:07.507661Z", "fetched_at": "2025-07-13T11:37:51.688499+00:00", "symbol": "ETH-USD"}, {"trade_id": 666211096, "side": "sell", "size": "0.20964802", "price": "2963.34000000", "time": "2025-07-13T11:36:06.622742Z", "fetched_at": "2025-07-13T11:37:51.688499+00:00", "symbol": "ETH-USD"}, {"trade_id": 666211095, "side": "sell", "size": "0.54775162", "price": "2963.34000000", "time": "2025-07-13T11:36:06.622742Z", "fetched_at": "2025-07-13T11:37:51.688499+00:00", "symbol": "ETH-USD"}, {"trade_id": 666211094, "side": "sell", "size": "0.00619799", "price": "2963.34000000", "time": "2025-07-13T11:36:06.622742Z", "fetched_at": "2025-07-13T11:37:51.688499+00:00", "symbol": "ETH-USD"}, {"trade_id": 666211093, "side": "sell", "size": "0.00217036", "price": "2963.34000000", "time": "2025-07-13T11:36:06.622742Z", "fetched_at": "2025-07-13T11:37:51.688499+00:00", "symbol": "ETH-USD"}, {"trade_id": 666211092, "side": "sell", "size": "0.00480042", "price": "2963.34000000", "time": "2025-07-13T11:36:06.622742Z", "fetched_at": "2025-07-13T11:37:51.688499+00:00", "symbol": "ETH-USD"}, {"trade_id": 666211091, "side": "sell", "size": "0.02484471", "price": "2963.33000000", "time": "2025-07-13T11:36:00.409330Z", "fetched_at": "2025-07-13T11:37:51.688499+00:00", "symbol": "ETH-USD"}, {"trade_id": 666211090, "side": "sell", "size": "0.58880364", "price": "2963.33000000", "time": "2025-07-13T11:36:00.409330Z", "fetched_at": "2025-07-13T11:37:51.688499+00:00", "symbol": "ETH-USD"}, {"trade_id": 666211089, "side": "sell", "size": "0.27001500", "price": "2963.32000000", "time": "2025-07-13T11:36:00.409330Z", "fetched_at": "2025-07-13T11:37:51.688499+00:00", "symbol": "ETH-USD"}, {"trade_id": 666211088, "side": "sell", "size": "0.10000000", "price": "2963.32000000", "time": "2025-07-13T11:36:00.409330Z", "fetched_at": "2025-07-13T11:37:51.688499+00:00", "symbol": "ETH-USD"}, {"trade_id": 666211087, "side": "buy", "size": "0.00012568", "price": "2963.31000000", "time": "2025-07-13T11:35:59.555272Z", "fetched_at": "2025-07-13T11:37:51.688499+00:00", "symbol": "ETH-USD"}, {"trade_id": 666211086, "side": "buy", "size": "0.00809249", "price": "2963.18000000", "time": "2025-07-13T11:35:59.210417Z", "fetched_at": "2025-07-13T11:37:51.688499+00:00", "symbol": "ETH-USD"}, {"trade_id": 666211085, "side": "buy", "size": "0.00337459", "price": "2963.33000000", "time": "2025-07-13T11:35:59.210417Z", "fetched_at": "2025-07-13T11:37:51.688499+00:00", "symbol": "ETH-USD"}, {"trade_id": 666211084, "side": "buy", "size": "0.01948821", "price": "2963.33000000", "time": "2025-07-13T11:35:59.210417Z", "fetched_at": "2025-07-13T11:37:51.688499+00:00", "symbol": "ETH-USD"}, {"trade_id": 666211083, "side": "buy", "size": "4.71057280", "price": "2963.18000000", "time": "2025-07-13T11:35:57.730351Z", "fetched_at": "2025-07-13T11:37:51.688499+00:00", "symbol": "ETH-USD"}, {"trade_id": 666211082, "side": "buy", "size": "0.00100000", "price": "2963.18000000", "time": "2025-07-13T11:35:57.730351Z", "fetched_at": "2025-07-13T11:37:51.688499+00:00", "symbol": "ETH-USD"}, {"trade_id": 666211081, "side": "buy", "size": "0.35972658", "price": "2963.19000000", "time": "2025-07-13T11:35:57.730351Z", "fetched_at": "2025-07-13T11:37:51.688499+00:00", "symbol": "ETH-USD"}, {"trade_id": 666211080, "side": "buy", "size": "0.03769287", "price": "2963.21000000", "time": "2025-07-13T11:35:57.730351Z", "fetched_at": "2025-07-13T11:37:51.688499+00:00", "symbol": "ETH-USD"}, {"trade_id": 666211079, "side": "buy", "size": "0.00337460", "price": "2963.32000000", "time": "2025-07-13T11:35:57.730351Z", "fetched_at": "2025-07-13T11:37:51.688499+00:00", "symbol": "ETH-USD"}, {"trade_id": 666211078, "side": "buy", "size": "0.30132168", "price": "2963.31000000", "time": "2025-07-13T11:35:57.724840Z", "fetched_at": "2025-07-13T11:37:51.688499+00:00", "symbol": "ETH-USD"}, {"trade_id": 666211077, "side": "buy", "size": "0.49998396", "price": "2963.49000000", "time": "2025-07-13T11:35:57.723247Z", "fetched_at": "2025-07-13T11:37:51.688499+00:00", "symbol": "ETH-USD"}, {"trade_id": 666211076, "side": "buy", "size": "2.49965507", "price": "2963.49000000", "time": "2025-07-13T11:35:57.723247Z", "fetched_at": "2025-07-13T11:37:51.688499+00:00", "symbol": "ETH-USD"}, {"trade_id": 666211075, "side": "buy", "size": "0.00057663", "price": "2963.49000000", "time": "2025-07-13T11:35:57.723247Z", "fetched_at": "2025-07-13T11:37:51.688499+00:00", "symbol": "ETH-USD"}, {"trade_id": 666211074, "side": "buy", "size": "0.49998833", "price": "2963.49000000", "time": "2025-07-13T11:35:57.723247Z", "fetched_at": "2025-07-13T11:37:51.688499+00:00", "symbol": "ETH-USD"}, {"trade_id": 666211073, "side": "buy", "size": "0.01790113", "price": "2963.50000000", "time": "2025-07-13T11:35:57.723247Z", "fetched_at": "2025-07-13T11:37:51.688499+00:00", "symbol": "ETH-USD"}, {"trade_id": 666211072, "side": "buy", "size": "0.04366796", "price": "2963.50000000", "time": "2025-07-13T11:35:57.723247Z", "fetched_at": "2025-07-13T11:37:51.688499+00:00", "symbol": "ETH-USD"}, {"trade_id": 666211071, "side": "buy", "size": "0.00498059", "price": "2963.50000000", "time": "2025-07-13T11:35:57.723247Z", "fetched_at": "2025-07-13T11:37:51.688499+00:00", "symbol": "ETH-USD"}, {"trade_id": 666211070, "side": "buy", "size": "0.01623624", "price": "2963.74000000", "time": "2025-07-13T11:35:54.059122Z", "fetched_at": "2025-07-13T11:37:51.688499+00:00", "symbol": "ETH-USD"}, {"trade_id": 666211069, "side": "buy", "size": "0.04316505", "price": "2963.74000000", "time": "2025-07-13T11:35:54.059122Z", "fetched_at": "2025-07-13T11:37:51.688499+00:00", "symbol": "ETH-USD"}, {"trade_id": 666211068, "side": "buy", "size": "0.03246562", "price": "2963.75000000", "time": "2025-07-13T11:35:54.059122Z", "fetched_at": "2025-07-13T11:37:51.688499+00:00", "symbol": "ETH-USD"}, {"trade_id": 666211067, "side": "buy", "size": "0.00000281", "price": "2963.75000000", "time": "2025-07-13T11:35:54.059122Z", "fetched_at": "2025-07-13T11:37:51.688499+00:00", "symbol": "ETH-USD"}, {"trade_id": 666211066, "side": "buy", "size": "0.01623000", "price": "2963.75000000", "time": "2025-07-13T11:35:54.026106Z", "fetched_at": "2025-07-13T11:37:51.688499+00:00", "symbol": "ETH-USD"}, {"trade_id": 666211065, "side": "sell", "size": "0.00100000", "price": "2963.76000000", "time": "2025-07-13T11:35:48.376425Z", "fetched_at": "2025-07-13T11:37:51.688499+00:00", "symbol": "ETH-USD"}, {"trade_id": 666211064, "side": "sell", "size": "0.00002360", "price": "2963.76000000", "time": "2025-07-13T11:35:47.136737Z", "fetched_at": "2025-07-13T11:37:51.688499+00:00", "symbol": "ETH-USD"}, {"trade_id": 666211063, "side": "buy", "size": "0.00012147", "price": "2963.74000000", "time": "2025-07-13T11:35:39.688724Z", "fetched_at": "2025-07-13T11:37:51.688499+00:00", "symbol": "ETH-USD"}, {"trade_id": 666211062, "side": "buy", "size": "0.19984545", "price": "2963.37000000", "time": "2025-07-13T11:35:39.238353Z", "fetched_at": "2025-07-13T11:37:51.688499+00:00", "symbol": "ETH-USD"}, {"trade_id": 666211061, "side": "buy", "size": "0.33229691", "price": "2963.38000000", "time": "2025-07-13T11:35:39.238353Z", "fetched_at": "2025-07-13T11:37:51.688499+00:00", "symbol": "ETH-USD"}, {"trade_id": 666211060, "side": "buy", "size": "0.00100000", "price": "2963.40000000", "time": "2025-07-13T11:35:39.238353Z", "fetched_at": "2025-07-13T11:37:51.688499+00:00", "symbol": "ETH-USD"}, {"trade_id": 666211059, "side": "buy", "size": "0.30790428", "price": "2963.42000000", "time": "2025-07-13T11:35:39.238353Z", "fetched_at": "2025-07-13T11:37:51.688499+00:00", "symbol": "ETH-USD"}, {"trade_id": 666211058, "side": "buy", "size": "0.00337447", "price": "2963.43000000", "time": "2025-07-13T11:35:39.238353Z", "fetched_at": "2025-07-13T11:37:51.688499+00:00", "symbol": "ETH-USD"}, {"trade_id": 666211057, "side": "buy", "size": "0.40223090", "price": "2963.54000000", "time": "2025-07-13T11:35:39.238353Z", "fetched_at": "2025-07-13T11:37:51.688499+00:00", "symbol": "ETH-USD"}, {"trade_id": 666211056, "side": "buy", "size": "0.39876302", "price": "2963.69000000", "time": "2025-07-13T11:35:39.238353Z", "fetched_at": "2025-07-13T11:37:51.688499+00:00", "symbol": "ETH-USD"}, {"trade_id": 666211055, "side": "buy", "size": "0.04330016", "price": "2963.73000000", "time": "2025-07-13T11:35:39.238353Z", "fetched_at": "2025-07-13T11:37:51.688499+00:00", "symbol": "ETH-USD"}, {"trade_id": 666211054, "side": "buy", "size": "0.45900000", "price": "2963.74000000", "time": "2025-07-13T11:35:39.238353Z", "fetched_at": "2025-07-13T11:37:51.688499+00:00", "symbol": "ETH-USD"}, {"trade_id": 666211053, "side": "buy", "size": "0.26596000", "price": "2963.74000000", "time": "2025-07-13T11:35:39.238353Z", "fetched_at": "2025-07-13T11:37:51.688499+00:00", "symbol": "ETH-USD"}, {"trade_id": 666211052, "side": "buy", "size": "0.14251796", "price": "2963.74000000", "time": "2025-07-13T11:35:39.238353Z", "fetched_at": "2025-07-13T11:37:51.688499+00:00", "symbol": "ETH-USD"}, {"trade_id": 666211051, "side": "buy", "size": "0.10735384", "price": "2963.73000000", "time": "2025-07-13T11:35:35.527926Z", "fetched_at": "2025-07-13T11:37:51.688499+00:00", "symbol": "ETH-USD"}, {"trade_id": 666211050, "side": "buy", "size": "0.05971143", "price": "2963.33000000", "time": "2025-07-13T11:35:33.453186Z", "fetched_at": "2025-07-13T11:37:51.688499+00:00", "symbol": "ETH-USD"}, {"trade_id": 666211049, "side": "buy", "size": "0.00100000", "price": "2963.40000000", "time": "2025-07-13T11:35:33.453186Z", "fetched_at": "2025-07-13T11:37:51.688499+00:00", "symbol": "ETH-USD"}, {"trade_id": 666211048, "side": "buy", "size": "0.19999753", "price": "2963.53000000", "time": "2025-07-13T11:35:33.453186Z", "fetched_at": "2025-07-13T11:37:51.688499+00:00", "symbol": "ETH-USD"}, {"trade_id": 666211047, "side": "buy", "size": "0.00285804", "price": "2963.56000000", "time": "2025-07-13T11:35:33.453186Z", "fetched_at": "2025-07-13T11:37:51.688499+00:00", "symbol": "ETH-USD"}, {"trade_id": 666211046, "side": "buy", "size": "0.00568910", "price": "2963.56000000", "time": "2025-07-13T11:35:33.453186Z", "fetched_at": "2025-07-13T11:37:51.688499+00:00", "symbol": "ETH-USD"}, {"trade_id": 666211045, "side": "buy", "size": "0.00001349", "price": "2963.56000000", "time": "2025-07-13T11:35:33.453186Z", "fetched_at": "2025-07-13T11:37:51.688499+00:00", "symbol": "ETH-USD"}, {"trade_id": 666211044, "side": "buy", "size": "0.02886393", "price": "2963.56000000", "time": "2025-07-13T11:35:33.453186Z", "fetched_at": "2025-07-13T11:37:51.688499+00:00", "symbol": "ETH-USD"}, {"trade_id": 666211043, "side": "buy", "size": "0.01080439", "price": "2963.56000000", "time": "2025-07-13T11:35:33.453186Z", "fetched_at": "2025-07-13T11:37:51.688499+00:00", "symbol": "ETH-USD"}, {"trade_id": 666211042, "side": "buy", "size": "0.00702315", "price": "2963.69000000", "time": "2025-07-13T11:35:33.453186Z", "fetched_at": "2025-07-13T11:37:51.688499+00:00", "symbol": "ETH-USD"}, {"trade_id": 666211041, "side": "buy", "size": "0.00337412", "price": "2963.74000000", "time": "2025-07-13T11:35:33.453186Z", "fetched_at": "2025-07-13T11:37:51.688499+00:00", "symbol": "ETH-USD"}, {"trade_id": 666211040, "side": "buy", "size": "0.00337402", "price": "2963.69000000", "time": "2025-07-13T11:35:30.816785Z", "fetched_at": "2025-07-13T11:37:51.688499+00:00", "symbol": "ETH-USD"}, {"trade_id": 666211039, "side": "buy", "size": "0.00337412", "price": "2963.74000000", "time": "2025-07-13T11:35:30.816785Z", "fetched_at": "2025-07-13T11:37:51.688499+00:00", "symbol": "ETH-USD"}, {"trade_id": 666211038, "side": "sell", "size": "0.00012568", "price": "2963.76000000", "time": "2025-07-13T11:35:30.651306Z", "fetched_at": "2025-07-13T11:37:51.688499+00:00", "symbol": "ETH-USD"}, {"trade_id": 666211037, "side": "buy", "size": "0.10735352", "price": "2963.73000000", "time": "2025-07-13T11:35:30.016464Z", "fetched_at": "2025-07-13T11:37:51.688499+00:00", "symbol": "ETH-USD"}, {"trade_id": 666211036, "side": "buy", "size": "0.00185029", "price": "2963.69000000", "time": "2025-07-13T11:35:27.479791Z", "fetched_at": "2025-07-13T11:37:51.688499+00:00", "symbol": "ETH-USD"}, {"trade_id": 666211035, "side": "buy", "size": "0.00337409", "price": "2963.77000000", "time": "2025-07-13T11:35:27.479791Z", "fetched_at": "2025-07-13T11:37:51.688499+00:00", "symbol": "ETH-USD"}, {"trade_id": 666211034, "side": "buy", "size": "0.00117138", "price": "2963.77000000", "time": "2025-07-13T11:35:27.479791Z", "fetched_at": "2025-07-13T11:37:51.688499+00:00", "symbol": "ETH-USD"}, {"trade_id": 666211033, "side": "buy", "size": "0.00083000", "price": "2963.77000000", "time": "2025-07-13T11:35:27.479791Z", "fetched_at": "2025-07-13T11:37:51.688499+00:00", "symbol": "ETH-USD"}, {"trade_id": 666211032, "side": "sell", "size": "0.02880261", "price": "2963.78000000", "time": "2025-07-13T11:35:19.691717Z", "fetched_at": "2025-07-13T11:37:51.688499+00:00", "symbol": "ETH-USD"}, {"trade_id": 666211031, "side": "sell", "size": "0.00033403", "price": "2963.78000000", "time": "2025-07-13T11:35:18.846272Z", "fetched_at": "2025-07-13T11:37:51.688499+00:00", "symbol": "ETH-USD"}, {"trade_id": 666211030, "side": "buy", "size": "0.13860200", "price": "2963.78000000", "time": "2025-07-13T11:35:17.655336Z", "fetched_at": "2025-07-13T11:37:51.688499+00:00", "symbol": "ETH-USD"}, {"trade_id": 666211029, "side": "sell", "size": "0.02033852", "price": "2963.86000000", "time": "2025-07-13T11:35:16.940805Z", "fetched_at": "2025-07-13T11:37:51.688499+00:00", "symbol": "ETH-USD"}, {"trade_id": 666211028, "side": "sell", "size": "0.00067285", "price": "2963.85000000", "time": "2025-07-13T11:35:16.940805Z", "fetched_at": "2025-07-13T11:37:51.688499+00:00", "symbol": "ETH-USD"}, {"trade_id": 666211027, "side": "sell", "size": "0.03273002", "price": "2963.86000000", "time": "2025-07-13T11:35:15.963728Z", "fetched_at": "2025-07-13T11:37:51.688499+00:00", "symbol": "ETH-USD"}, {"trade_id": 666211026, "side": "sell", "size": "0.00067285", "price": "2963.84000000", "time": "2025-07-13T11:35:15.963728Z", "fetched_at": "2025-07-13T11:37:51.688499+00:00", "symbol": "ETH-USD"}, {"trade_id": 666211025, "side": "buy", "size": "0.03000000", "price": "2963.85000000", "time": "2025-07-13T11:35:15.008683Z", "fetched_at": "2025-07-13T11:37:51.688499+00:00", "symbol": "ETH-USD"}, {"trade_id": 666211024, "side": "sell", "size": "0.01639478", "price": "2963.73000000", "time": "2025-07-13T11:35:09.982018Z", "fetched_at": "2025-07-13T11:37:51.688499+00:00", "symbol": "ETH-USD"}, {"trade_id": 666211023, "side": "sell", "size": "0.00799966", "price": "2963.77000000", "time": "2025-07-13T11:35:08.910178Z", "fetched_at": "2025-07-13T11:37:51.688499+00:00", "symbol": "ETH-USD"}, {"trade_id": 666211022, "side": "buy", "size": "0.00493719", "price": "2963.69000000", "time": "2025-07-13T11:35:06.827074Z", "fetched_at": "2025-07-13T11:37:51.688499+00:00", "symbol": "ETH-USD"}, {"trade_id": 666211021, "side": "buy", "size": "0.00337399", "price": "2963.85000000", "time": "2025-07-13T11:35:06.827074Z", "fetched_at": "2025-07-13T11:37:51.688499+00:00", "symbol": "ETH-USD"}, {"trade_id": 666211020, "side": "sell", "size": "0.00343888", "price": "2963.89000000", "time": "2025-07-13T11:35:06.088814Z", "fetched_at": "2025-07-13T11:37:51.688499+00:00", "symbol": "ETH-USD"}, {"trade_id": 666211019, "side": "sell", "size": "0.00060666", "price": "2963.80000000", "time": "2025-07-13T11:35:06.088814Z", "fetched_at": "2025-07-13T11:37:51.688499+00:00", "symbol": "ETH-USD"}, {"trade_id": 666211018, "side": "sell", "size": "0.00095510", "price": "2963.80000000", "time": "2025-07-13T11:35:06.088814Z", "fetched_at": "2025-07-13T11:37:51.688499+00:00", "symbol": "ETH-USD"}, {"trade_id": 666211017, "side": "sell", "size": "0.00056815", "price": "2963.80000000", "time": "2025-07-13T11:35:05.529456Z", "fetched_at": "2025-07-13T11:37:51.688499+00:00", "symbol": "ETH-USD"}, {"trade_id": 666211016, "side": "sell", "size": "0.00062852", "price": "2963.70000000", "time": "2025-07-13T11:35:05.529456Z", "fetched_at": "2025-07-13T11:37:51.688499+00:00", "symbol": "ETH-USD"}, {"trade_id": 666211015, "side": "sell", "size": "0.00592419", "price": "2963.81000000", "time": "2025-07-13T11:35:03.935290Z", "fetched_at": "2025-07-13T11:37:51.688499+00:00", "symbol": "ETH-USD"}, {"trade_id": 666211014, "side": "sell", "size": "0.00063319", "price": "2963.80000000", "time": "2025-07-13T11:35:03.935290Z", "fetched_at": "2025-07-13T11:37:51.688499+00:00", "symbol": "ETH-USD"}, {"trade_id": 666211013, "side": "sell", "size": "0.00773760", "price": "2963.93000000", "time": "2025-07-13T11:35:01.567624Z", "fetched_at": "2025-07-13T11:37:51.688499+00:00", "symbol": "ETH-USD"}, {"trade_id": 666211012, "side": "sell", "size": "0.00061345", "price": "2963.70000000", "time": "2025-07-13T11:35:01.567624Z", "fetched_at": "2025-07-13T11:37:51.688499+00:00", "symbol": "ETH-USD"}, {"trade_id": 666211011, "side": "sell", "size": "0.00167021", "price": "2963.70000000", "time": "2025-07-13T11:35:00.007967Z", "fetched_at": "2025-07-13T11:37:51.688499+00:00", "symbol": "ETH-USD"}, {"trade_id": 666211010, "side": "sell", "size": "0.00598821", "price": "2963.86000000", "time": "2025-07-13T11:34:58.022206Z", "fetched_at": "2025-07-13T11:37:51.688499+00:00", "symbol": "ETH-USD"}, {"trade_id": 666211009, "side": "sell", "size": "0.00069263", "price": "2963.85000000", "time": "2025-07-13T11:34:58.022206Z", "fetched_at": "2025-07-13T11:37:51.688499+00:00", "symbol": "ETH-USD"}, {"trade_id": 666211008, "side": "sell", "size": "0.01033942", "price": "2963.86000000", "time": "2025-07-13T11:34:57.996273Z", "fetched_at": "2025-07-13T11:37:51.688499+00:00", "symbol": "ETH-USD"}, {"trade_id": 666211007, "side": "sell", "size": "0.00069263", "price": "2963.85000000", "time": "2025-07-13T11:34:57.996273Z", "fetched_at": "2025-07-13T11:37:51.688499+00:00", "symbol": "ETH-USD"}, {"trade_id": 666211006, "side": "sell", "size": "0.02896658", "price": "2963.83000000", "time": "2025-07-13T11:34:57.996273Z", "fetched_at": "2025-07-13T11:37:51.688499+00:00", "symbol": "ETH-USD"}, {"trade_id": 666211005, "side": "sell", "size": "0.00300000", "price": "2963.70000000", "time": "2025-07-13T11:34:57.996273Z", "fetched_at": "2025-07-13T11:37:51.688499+00:00", "symbol": "ETH-USD"}, {"trade_id": 666211004, "side": "sell", "size": "0.03222095", "price": "2963.85000000", "time": "2025-07-13T11:34:57.633450Z", "fetched_at": "2025-07-13T11:37:51.688499+00:00", "symbol": "ETH-USD"}, {"trade_id": 666211003, "side": "sell", "size": "0.00056723", "price": "2963.84000000", "time": "2025-07-13T11:34:57.633450Z", "fetched_at": "2025-07-13T11:37:51.688499+00:00", "symbol": "ETH-USD"}, {"trade_id": 666211002, "side": "sell", "size": "0.01167279", "price": "2963.95000000", "time": "2025-07-13T11:34:56.430406Z", "fetched_at": "2025-07-13T11:37:51.688499+00:00", "symbol": "ETH-USD"}, {"trade_id": 666211001, "side": "sell", "size": "0.00068043", "price": "2963.83000000", "time": "2025-07-13T11:34:56.430406Z", "fetched_at": "2025-07-13T11:37:51.688499+00:00", "symbol": "ETH-USD"}, {"trade_id": 666211000, "side": "sell", "size": "0.01758602", "price": "2963.94000000", "time": "2025-07-13T11:34:56.204057Z", "fetched_at": "2025-07-13T11:37:51.688499+00:00", "symbol": "ETH-USD"}, {"trade_id": 666210999, "side": "sell", "size": "0.00065521", "price": "2963.85000000", "time": "2025-07-13T11:34:56.204057Z", "fetched_at": "2025-07-13T11:37:51.688499+00:00", "symbol": "ETH-USD"}, {"trade_id": 666210998, "side": "sell", "size": "0.09095079", "price": "2963.70000000", "time": "2025-07-13T11:34:50.904378Z", "fetched_at": "2025-07-13T11:37:51.688499+00:00", "symbol": "ETH-USD"}, {"trade_id": 666210997, "side": "sell", "size": "0.08931008", "price": "2963.57000000", "time": "2025-07-13T11:34:48.283551Z", "fetched_at": "2025-07-13T11:37:51.688499+00:00", "symbol": "ETH-USD"}, {"trade_id": 666210996, "side": "buy", "size": "0.00002380", "price": "2963.56000000", "time": "2025-07-13T11:34:46.659822Z", "fetched_at": "2025-07-13T11:37:51.688499+00:00", "symbol": "ETH-USD"}, {"trade_id": 666210995, "side": "buy", "size": "0.01493969", "price": "2963.24000000", "time": "2025-07-13T11:34:46.179592Z", "fetched_at": "2025-07-13T11:37:51.688499+00:00", "symbol": "ETH-USD"}, {"trade_id": 666210994, "side": "buy", "size": "0.05723558", "price": "2963.25000000", "time": "2025-07-13T11:34:46.179592Z", "fetched_at": "2025-07-13T11:37:51.688499+00:00", "symbol": "ETH-USD"}, {"trade_id": 666210993, "side": "buy", "size": "0.01623544", "price": "2963.27000000", "time": "2025-07-13T11:34:46.179592Z", "fetched_at": "2025-07-13T11:37:51.688499+00:00", "symbol": "ETH-USD"}, {"trade_id": 666210992, "side": "buy", "size": "0.00337464", "price": "2963.28000000", "time": "2025-07-13T11:34:46.179592Z", "fetched_at": "2025-07-13T11:37:51.688499+00:00", "symbol": "ETH-USD"}, {"trade_id": 666210991, "side": "buy", "size": "0.00100000", "price": "2963.40000000", "time": "2025-07-13T11:34:46.179592Z", "fetched_at": "2025-07-13T11:37:51.688499+00:00", "symbol": "ETH-USD"}, {"trade_id": 666210990, "side": "buy", "size": "0.09739120", "price": "2963.82000000", "time": "2025-07-13T11:34:45.418672Z", "fetched_at": "2025-07-13T11:37:51.688499+00:00", "symbol": "ETH-USD"}, {"trade_id": 666210989, "side": "buy", "size": "0.34876611", "price": "2963.82000000", "time": "2025-07-13T11:34:45.418672Z", "fetched_at": "2025-07-13T11:37:51.688499+00:00", "symbol": "ETH-USD"}, {"trade_id": 666210988, "side": "sell", "size": "0.03953069", "price": "2963.95000000", "time": "2025-07-13T11:34:44.992195Z", "fetched_at": "2025-07-13T11:37:51.688499+00:00", "symbol": "ETH-USD"}, {"trade_id": 666210987, "side": "sell", "size": "0.00145009", "price": "2963.84000000", "time": "2025-07-13T11:34:44.992195Z", "fetched_at": "2025-07-13T11:37:51.688499+00:00", "symbol": "ETH-USD"}, {"trade_id": 666210986, "side": "sell", "size": "0.38399573", "price": "2963.95000000", "time": "2025-07-13T11:34:44.843537Z", "fetched_at": "2025-07-13T11:37:51.688499+00:00", "symbol": "ETH-USD"}, {"trade_id": 666210985, "side": "sell", "size": "0.10000000", "price": "2963.94000000", "time": "2025-07-13T11:34:44.843537Z", "fetched_at": "2025-07-13T11:37:51.688499+00:00", "symbol": "ETH-USD"}, {"trade_id": 666210984, "side": "sell", "size": "0.06176444", "price": "2963.93000000", "time": "2025-07-13T11:34:44.843537Z", "fetched_at": "2025-07-13T11:37:51.688499+00:00", "symbol": "ETH-USD"}, {"trade_id": 666210983, "side": "sell", "size": "0.17162073", "price": "2963.93000000", "time": "2025-07-13T11:34:44.843537Z", "fetched_at": "2025-07-13T11:37:51.688499+00:00", "symbol": "ETH-USD"}, {"trade_id": 666210982, "side": "sell", "size": "0.00146585", "price": "2963.83000000", "time": "2025-07-13T11:34:44.843537Z", "fetched_at": "2025-07-13T11:37:51.688499+00:00", "symbol": "ETH-USD"}, {"trade_id": 666210981, "side": "sell", "size": "0.00134401", "price": "2963.83000000", "time": "2025-07-13T11:34:37.867366Z", "fetched_at": "2025-07-13T11:37:51.688499+00:00", "symbol": "ETH-USD"}, {"trade_id": 666210980, "side": "buy", "size": "0.09887639", "price": "2963.41000000", "time": "2025-07-13T11:34:37.530126Z", "fetched_at": "2025-07-13T11:37:51.688499+00:00", "symbol": "ETH-USD"}, {"trade_id": 666210979, "side": "buy", "size": "0.00337448", "price": "2963.42000000", "time": "2025-07-13T11:34:37.530126Z", "fetched_at": "2025-07-13T11:37:51.688499+00:00", "symbol": "ETH-USD"}, {"trade_id": 666210978, "side": "buy", "size": "0.00100000", "price": "2963.62000000", "time": "2025-07-13T11:34:37.530126Z", "fetched_at": "2025-07-13T11:37:51.688499+00:00", "symbol": "ETH-USD"}, {"trade_id": 666210977, "side": "buy", "size": "0.01636434", "price": "2963.76000000", "time": "2025-07-13T11:34:37.530126Z", "fetched_at": "2025-07-13T11:37:51.688499+00:00", "symbol": "ETH-USD"}, {"trade_id": 666210976, "side": "buy", "size": "0.00039139", "price": "2963.76000000", "time": "2025-07-13T11:34:37.530126Z", "fetched_at": "2025-07-13T11:37:51.688499+00:00", "symbol": "ETH-USD"}, {"trade_id": 666210975, "side": "buy", "size": "0.02074729", "price": "2963.76000000", "time": "2025-07-13T11:34:37.530126Z", "fetched_at": "2025-07-13T11:37:51.688499+00:00", "symbol": "ETH-USD"}, {"trade_id": 666210974, "side": "buy", "size": "0.04328623", "price": "2963.76000000", "time": "2025-07-13T11:34:37.530126Z", "fetched_at": "2025-07-13T11:37:51.688499+00:00", "symbol": "ETH-USD"}, {"trade_id": 666210973, "side": "buy", "size": "0.01106019", "price": "2963.76000000", "time": "2025-07-13T11:34:37.530126Z", "fetched_at": "2025-07-13T11:37:51.688499+00:00", "symbol": "ETH-USD"}, {"trade_id": 666210972, "side": "buy", "size": "0.09502234", "price": "2963.82000000", "time": "2025-07-13T11:34:37.530126Z", "fetched_at": "2025-07-13T11:37:51.688499+00:00", "symbol": "ETH-USD"}, {"trade_id": 666210971, "side": "buy", "size": "0.17498774", "price": "2963.89000000", "time": "2025-07-13T11:34:37.530126Z", "fetched_at": "2025-07-13T11:37:51.688499+00:00", "symbol": "ETH-USD"}, {"trade_id": 666210970, "side": "sell", "size": "0.00033401", "price": "2963.90000000", "time": "2025-07-13T11:34:37.356071Z", "fetched_at": "2025-07-13T11:37:51.688499+00:00", "symbol": "ETH-USD"}, {"trade_id": 666210969, "side": "buy", "size": "0.00060812", "price": "2963.89000000", "time": "2025-07-13T11:34:35.174231Z", "fetched_at": "2025-07-13T11:37:51.688499+00:00", "symbol": "ETH-USD"}, {"trade_id": 666210968, "side": "sell", "size": "0.00018705", "price": "2963.90000000", "time": "2025-07-13T11:34:33.766867Z", "fetched_at": "2025-07-13T11:37:51.688499+00:00", "symbol": "ETH-USD"}, {"trade_id": 666210967, "side": "sell", "size": "0.00985521", "price": "2963.90000000", "time": "2025-07-13T11:34:33.114665Z", "fetched_at": "2025-07-13T11:37:51.688499+00:00", "symbol": "ETH-USD"}, {"trade_id": 666210966, "side": "sell", "size": "0.00002698", "price": "2963.90000000", "time": "2025-07-13T11:34:32.858547Z", "fetched_at": "2025-07-13T11:37:51.688499+00:00", "symbol": "ETH-USD"}, {"trade_id": 666210965, "side": "buy", "size": "0.00013894", "price": "2963.89000000", "time": "2025-07-13T11:34:26.818722Z", "fetched_at": "2025-07-13T11:37:51.688499+00:00", "symbol": "ETH-USD"}, {"trade_id": 666210964, "side": "buy", "size": "0.00018423", "price": "2963.92000000", "time": "2025-07-13T11:34:25.600725Z", "fetched_at": "2025-07-13T11:37:51.688499+00:00", "symbol": "ETH-USD"}, {"trade_id": 666210963, "side": "buy", "size": "0.02463223", "price": "2963.89000000", "time": "2025-07-13T11:34:22.729563Z", "fetched_at": "2025-07-13T11:37:51.688499+00:00", "symbol": "ETH-USD"}, {"trade_id": 666210962, "side": "sell", "size": "0.00000238", "price": "2964.10000000", "time": "2025-07-13T11:34:22.531789Z", "fetched_at": "2025-07-13T11:37:51.688499+00:00", "symbol": "ETH-USD"}, {"trade_id": 666210961, "side": "sell", "size": "0.00005157", "price": "2964.10000000", "time": "2025-07-13T11:34:22.531789Z", "fetched_at": "2025-07-13T11:37:51.688499+00:00", "symbol": "ETH-USD"}, {"trade_id": 666210960, "side": "sell", "size": "0.07108225", "price": "2964.14000000", "time": "2025-07-13T11:34:19.369454Z", "fetched_at": "2025-07-13T11:37:51.688499+00:00", "symbol": "ETH-USD"}, {"trade_id": 666210959, "side": "sell", "size": "0.12510732", "price": "2964.13000000", "time": "2025-07-13T11:34:19.369454Z", "fetched_at": "2025-07-13T11:37:51.688499+00:00", "symbol": "ETH-USD"}, {"trade_id": 666210958, "side": "sell", "size": "0.00036544", "price": "2963.94000000", "time": "2025-07-13T11:34:19.369454Z", "fetched_at": "2025-07-13T11:37:51.688499+00:00", "symbol": "ETH-USD"}, {"trade_id": 666210957, "side": "sell", "size": "0.00041340", "price": "2963.94000000", "time": "2025-07-13T11:34:19.369454Z", "fetched_at": "2025-07-13T11:37:51.688499+00:00", "symbol": "ETH-USD"}, {"trade_id": 666210956, "side": "sell", "size": "0.00155007", "price": "2963.94000000", "time": "2025-07-13T11:34:19.369454Z", "fetched_at": "2025-07-13T11:37:51.688499+00:00", "symbol": "ETH-USD"}, {"trade_id": 666210955, "side": "sell", "size": "0.00120007", "price": "2963.94000000", "time": "2025-07-13T11:34:19.369454Z", "fetched_at": "2025-07-13T11:37:51.688499+00:00", "symbol": "ETH-USD"}, {"trade_id": 666210954, "side": "sell", "size": "0.00027943", "price": "2963.94000000", "time": "2025-07-13T11:34:19.369454Z", "fetched_at": "2025-07-13T11:37:51.688499+00:00", "symbol": "ETH-USD"}, {"trade_id": 666210953, "side": "sell", "size": "0.01212591", "price": "2964.07000000", "time": "2025-07-13T11:34:15.378400Z", "fetched_at": "2025-07-13T11:37:51.688499+00:00", "symbol": "ETH-USD"}, {"trade_id": 666210952, "side": "sell", "size": "0.00100000", "price": "2964.06000000", "time": "2025-07-13T11:34:15.378400Z", "fetched_at": "2025-07-13T11:37:51.688499+00:00", "symbol": "ETH-USD"}, {"trade_id": 666210951, "side": "sell", "size": "0.00012147", "price": "2964.06000000", "time": "2025-07-13T11:34:15.378400Z", "fetched_at": "2025-07-13T11:37:51.688499+00:00", "symbol": "ETH-USD"}, {"trade_id": 666210950, "side": "sell", "size": "0.00005589", "price": "2964.01000000", "time": "2025-07-13T11:34:15.378400Z", "fetched_at": "2025-07-13T11:37:51.688499+00:00", "symbol": "ETH-USD"}, {"trade_id": 666210949, "side": "sell", "size": "0.00030999", "price": "2964.01000000", "time": "2025-07-13T11:34:15.378400Z", "fetched_at": "2025-07-13T11:37:51.688499+00:00", "symbol": "ETH-USD"}, {"trade_id": 666210948, "side": "sell", "size": "0.00020784", "price": "2964.01000000", "time": "2025-07-13T11:34:15.378400Z", "fetched_at": "2025-07-13T11:37:51.688499+00:00", "symbol": "ETH-USD"}, {"trade_id": 666210947, "side": "sell", "size": "0.00024003", "price": "2964.01000000", "time": "2025-07-13T11:34:15.378400Z", "fetched_at": "2025-07-13T11:37:51.688499+00:00", "symbol": "ETH-USD"}, {"trade_id": 666210946, "side": "sell", "size": "0.00033932", "price": "2963.93000000", "time": "2025-07-13T11:34:15.378400Z", "fetched_at": "2025-07-13T11:37:51.688499+00:00", "symbol": "ETH-USD"}, {"trade_id": 666210945, "side": "buy", "size": "0.00221720", "price": "2963.95000000", "time": "2025-07-13T11:34:13.685878Z", "fetched_at": "2025-07-13T11:37:51.688499+00:00", "symbol": "ETH-USD"}, {"trade_id": 666210944, "side": "buy", "size": "0.00102192", "price": "2963.95000000", "time": "2025-07-13T11:34:13.685878Z", "fetched_at": "2025-07-13T11:37:51.688499+00:00", "symbol": "ETH-USD"}, {"trade_id": 666210943, "side": "buy", "size": "0.00814061", "price": "2964.00000000", "time": "2025-07-13T11:34:08.545403Z", "fetched_at": "2025-07-13T11:37:51.688499+00:00", "symbol": "ETH-USD"}, {"trade_id": 666210942, "side": "sell", "size": "0.13774356", "price": "2963.77000000", "time": "2025-07-13T11:34:07.012302Z", "fetched_at": "2025-07-13T11:37:51.688499+00:00", "symbol": "ETH-USD"}, {"trade_id": 666210941, "side": "sell", "size": "0.20000000", "price": "2963.77000000", "time": "2025-07-13T11:34:07.012302Z", "fetched_at": "2025-07-13T11:37:51.688499+00:00", "symbol": "ETH-USD"}, {"trade_id": 666210940, "side": "sell", "size": "0.40439960", "price": "2963.77000000", "time": "2025-07-13T11:34:07.012302Z", "fetched_at": "2025-07-13T11:37:51.688499+00:00", "symbol": "ETH-USD"}, {"trade_id": 666210939, "side": "sell", "size": "0.00325689", "price": "2963.77000000", "time": "2025-07-13T11:34:02.626736Z", "fetched_at": "2025-07-13T11:37:51.688499+00:00", "symbol": "ETH-USD"}, {"trade_id": 666210938, "side": "sell", "size": "0.02408577", "price": "2963.80000000", "time": "2025-07-13T11:34:01.334134Z", "fetched_at": "2025-07-13T11:37:51.688499+00:00", "symbol": "ETH-USD"}, {"trade_id": 666210937, "side": "sell", "size": "0.00052062", "price": "2963.79000000", "time": "2025-07-13T11:34:01.334134Z", "fetched_at": "2025-07-13T11:37:51.688499+00:00", "symbol": "ETH-USD"}, {"trade_id": 666210936, "side": "sell", "size": "0.00059696", "price": "2963.83000000", "time": "2025-07-13T11:34:00.235091Z", "fetched_at": "2025-07-13T11:37:51.688499+00:00", "symbol": "ETH-USD"}, {"trade_id": 666210935, "side": "sell", "size": "0.00192073", "price": "2963.77000000", "time": "2025-07-13T11:33:59.390478Z", "fetched_at": "2025-07-13T11:37:51.688499+00:00", "symbol": "ETH-USD"}, {"trade_id": 666210934, "side": "sell", "size": "0.01639467", "price": "2963.77000000", "time": "2025-07-13T11:33:57.588584Z", "fetched_at": "2025-07-13T11:37:51.688499+00:00", "symbol": "ETH-USD"}, {"trade_id": 666210933, "side": "buy", "size": "0.00516919", "price": "2963.76000000", "time": "2025-07-13T11:33:57.038245Z", "fetched_at": "2025-07-13T11:37:51.688499+00:00", "symbol": "ETH-USD"}, {"trade_id": 666210932, "side": "buy", "size": "0.00000674", "price": "2963.76000000", "time": "2025-07-13T11:33:57.038245Z", "fetched_at": "2025-07-13T11:37:51.688499+00:00", "symbol": "ETH-USD"}, {"trade_id": 666210931, "side": "buy", "size": "0.11276691", "price": "2963.60000000", "time": "2025-07-13T11:33:53.686923Z", "fetched_at": "2025-07-13T11:37:51.688499+00:00", "symbol": "ETH-USD"}, {"trade_id": 666210930, "side": "buy", "size": "0.45900000", "price": "2963.71000000", "time": "2025-07-13T11:33:53.686923Z", "fetched_at": "2025-07-13T11:37:51.688499+00:00", "symbol": "ETH-USD"}, {"trade_id": 666210929, "side": "buy", "size": "0.10000000", "price": "2963.71000000", "time": "2025-07-13T11:33:53.686923Z", "fetched_at": "2025-07-13T11:37:51.688499+00:00", "symbol": "ETH-USD"}, {"trade_id": 666210928, "side": "buy", "size": "0.10100178", "price": "2963.71000000", "time": "2025-07-13T11:33:53.686923Z", "fetched_at": "2025-07-13T11:37:51.688499+00:00", "symbol": "ETH-USD"}, {"trade_id": 666210927, "side": "sell", "size": "0.00087853", "price": "2964.06000000", "time": "2025-07-13T11:33:52.218911Z", "fetched_at": "2025-07-13T11:37:51.688499+00:00", "symbol": "ETH-USD"}, {"trade_id": 666210926, "side": "sell", "size": "0.00010219", "price": "2963.74000000", "time": "2025-07-13T11:33:52.218911Z", "fetched_at": "2025-07-13T11:37:51.688499+00:00", "symbol": "ETH-USD"}, {"trade_id": 666210925, "side": "sell", "size": "0.00031001", "price": "2963.72000000", "time": "2025-07-13T11:33:52.218911Z", "fetched_at": "2025-07-13T11:37:51.688499+00:00", "symbol": "ETH-USD"}, {"trade_id": 666210924, "side": "sell", "size": "0.00024007", "price": "2963.72000000", "time": "2025-07-13T11:33:52.218911Z", "fetched_at": "2025-07-13T11:37:51.688499+00:00", "symbol": "ETH-USD"}, {"trade_id": 666210923, "side": "sell", "size": "0.00005589", "price": "2963.72000000", "time": "2025-07-13T11:33:52.218911Z", "fetched_at": "2025-07-13T11:37:51.688499+00:00", "symbol": "ETH-USD"}, {"trade_id": 666210922, "side": "buy", "size": "0.06816026", "price": "2963.71000000", "time": "2025-07-13T11:33:52.181867Z", "fetched_at": "2025-07-13T11:37:51.688499+00:00", "symbol": "ETH-USD"}, {"trade_id": 666210921, "side": "buy", "size": "0.25193756", "price": "2963.22000000", "time": "2025-07-13T11:33:50.129396Z", "fetched_at": "2025-07-13T11:37:51.688499+00:00", "symbol": "ETH-USD"}, {"trade_id": 666210920, "side": "buy", "size": "0.10000000", "price": "2963.22000000", "time": "2025-07-13T11:33:50.129396Z", "fetched_at": "2025-07-13T11:37:51.688499+00:00", "symbol": "ETH-USD"}, {"trade_id": 666210919, "side": "buy", "size": "0.18789631", "price": "2963.23000000", "time": "2025-07-13T11:33:50.129396Z", "fetched_at": "2025-07-13T11:37:51.688499+00:00", "symbol": "ETH-USD"}, {"trade_id": 666210918, "side": "buy", "size": "0.00337469", "price": "2963.24000000", "time": "2025-07-13T11:33:50.129396Z", "fetched_at": "2025-07-13T11:37:51.688499+00:00", "symbol": "ETH-USD"}, {"trade_id": 666210917, "side": "buy", "size": "0.00100000", "price": "2963.40000000", "time": "2025-07-13T11:33:50.129396Z", "fetched_at": "2025-07-13T11:37:51.688499+00:00", "symbol": "ETH-USD"}, {"trade_id": 666210916, "side": "buy", "size": "0.01623445", "price": "2963.45000000", "time": "2025-07-13T11:33:50.129396Z", "fetched_at": "2025-07-13T11:37:51.688499+00:00", "symbol": "ETH-USD"}, {"trade_id": 666210915, "side": "buy", "size": "0.00001349", "price": "2963.45000000", "time": "2025-07-13T11:33:50.129396Z", "fetched_at": "2025-07-13T11:37:51.688499+00:00", "symbol": "ETH-USD"}, {"trade_id": 666210914, "side": "buy", "size": "0.00166126", "price": "2963.45000000", "time": "2025-07-13T11:33:50.129396Z", "fetched_at": "2025-07-13T11:37:51.688499+00:00", "symbol": "ETH-USD"}, {"trade_id": 666210913, "side": "buy", "size": "0.00541228", "price": "2963.63000000", "time": "2025-07-13T11:33:50.129396Z", "fetched_at": "2025-07-13T11:37:51.688499+00:00", "symbol": "ETH-USD"}, {"trade_id": 666210912, "side": "buy", "size": "0.00000337", "price": "2963.63000000", "time": "2025-07-13T11:33:50.129396Z", "fetched_at": "2025-07-13T11:37:51.688499+00:00", "symbol": "ETH-USD"}, {"trade_id": 666210911, "side": "buy", "size": "0.04329487", "price": "2963.63000000", "time": "2025-07-13T11:33:50.129396Z", "fetched_at": "2025-07-13T11:37:51.688499+00:00", "symbol": "ETH-USD"}, {"trade_id": 666210910, "side": "buy", "size": "0.05108462", "price": "2963.71000000", "time": "2025-07-13T11:33:50.129396Z", "fetched_at": "2025-07-13T11:37:51.688499+00:00", "symbol": "ETH-USD"}, {"trade_id": 666210909, "side": "buy", "size": "0.00040000", "price": "2963.71000000", "time": "2025-07-13T11:33:50.129396Z", "fetched_at": "2025-07-13T11:37:51.688499+00:00", "symbol": "ETH-USD"}, {"trade_id": 666210908, "side": "sell", "size": "0.00080511", "price": "2963.72000000", "time": "2025-07-13T11:33:48.385658Z", "fetched_at": "2025-07-13T11:37:51.688499+00:00", "symbol": "ETH-USD"}, {"trade_id": 666210907, "side": "sell", "size": "0.00019489", "price": "2963.72000000", "time": "2025-07-13T11:33:48.385658Z", "fetched_at": "2025-07-13T11:37:51.688499+00:00", "symbol": "ETH-USD"}, {"trade_id": 666210906, "side": "sell", "size": "0.00011511", "price": "2963.72000000", "time": "2025-07-13T11:33:46.716269Z", "fetched_at": "2025-07-13T11:37:51.688499+00:00", "symbol": "ETH-USD"}, {"trade_id": 666210905, "side": "sell", "size": "0.00005589", "price": "2963.72000000", "time": "2025-07-13T11:33:46.716269Z", "fetched_at": "2025-07-13T11:37:51.688499+00:00", "symbol": "ETH-USD"}, {"trade_id": 666210904, "side": "sell", "size": "0.00024002", "price": "2963.72000000", "time": "2025-07-13T11:33:46.716269Z", "fetched_at": "2025-07-13T11:37:51.688499+00:00", "symbol": "ETH-USD"}, {"trade_id": 666210903, "side": "sell", "size": "0.00086846", "price": "2963.72000000", "time": "2025-07-13T11:33:46.716269Z", "fetched_at": "2025-07-13T11:37:51.688499+00:00", "symbol": "ETH-USD"}, {"trade_id": 666210902, "side": "sell", "size": "0.00000337", "price": "2963.72000000", "time": "2025-07-13T11:33:44.040846Z", "fetched_at": "2025-07-13T11:37:51.688499+00:00", "symbol": "ETH-USD"}, {"trade_id": 666210901, "side": "sell", "size": "0.16254306", "price": "2964.01000000", "time": "2025-07-13T11:33:42.556040Z", "fetched_at": "2025-07-13T11:37:51.688499+00:00", "symbol": "ETH-USD"}, {"trade_id": 666210900, "side": "sell", "size": "0.53163143", "price": "2964.00000000", "time": "2025-07-13T11:33:42.556040Z", "fetched_at": "2025-07-13T11:37:51.688499+00:00", "symbol": "ETH-USD"}, {"trade_id": 666210899, "side": "sell", "size": "0.12720482", "price": "2963.99000000", "time": "2025-07-13T11:33:42.556040Z", "fetched_at": "2025-07-13T11:37:51.688499+00:00", "symbol": "ETH-USD"}, {"trade_id": 666210898, "side": "sell", "size": "0.17264064", "price": "2963.98000000", "time": "2025-07-13T11:33:42.556040Z", "fetched_at": "2025-07-13T11:37:51.688499+00:00", "symbol": "ETH-USD"}, {"trade_id": 666210897, "side": "sell", "size": "0.00099988", "price": "2963.72000000", "time": "2025-07-13T11:33:42.556040Z", "fetched_at": "2025-07-13T11:37:51.688499+00:00", "symbol": "ETH-USD"}, {"trade_id": 666210896, "side": "sell", "size": "0.00025798", "price": "2963.72000000", "time": "2025-07-13T11:33:42.556040Z", "fetched_at": "2025-07-13T11:37:51.688499+00:00", "symbol": "ETH-USD"}, {"trade_id": 666210895, "side": "sell", "size": "0.00040494", "price": "2963.72000000", "time": "2025-07-13T11:33:42.556040Z", "fetched_at": "2025-07-13T11:37:51.688499+00:00", "symbol": "ETH-USD"}, {"trade_id": 666210894, "side": "sell", "size": "0.00031927", "price": "2963.72000000", "time": "2025-07-13T11:33:42.556040Z", "fetched_at": "2025-07-13T11:37:51.688499+00:00", "symbol": "ETH-USD"}, {"trade_id": 666210893, "side": "sell", "size": "0.00054010", "price": "2963.72000000", "time": "2025-07-13T11:33:42.556040Z", "fetched_at": "2025-07-13T11:37:51.688499+00:00", "symbol": "ETH-USD"}, {"trade_id": 666210892, "side": "sell", "size": "0.00345949", "price": "2963.72000000", "time": "2025-07-13T11:33:42.556040Z", "fetched_at": "2025-07-13T11:37:51.688499+00:00", "symbol": "ETH-USD"}, {"trade_id": 666210891, "side": "buy", "size": "0.03104064", "price": "2963.71000000", "time": "2025-07-13T11:33:40.836126Z", "fetched_at": "2025-07-13T11:37:51.688499+00:00", "symbol": "ETH-USD"}, {"trade_id": 666210890, "side": "buy", "size": "0.00379000", "price": "2963.71000000", "time": "2025-07-13T11:33:40.836126Z", "fetched_at": "2025-07-13T11:37:51.688499+00:00", "symbol": "ETH-USD"}, {"trade_id": 666210889, "side": "buy", "size": "0.01713393", "price": "2963.71000000", "time": "2025-07-13T11:33:40.836126Z", "fetched_at": "2025-07-13T11:37:51.688499+00:00", "symbol": "ETH-USD"}, {"trade_id": 666210888, "side": "buy", "size": "0.00085774", "price": "2963.71000000", "time": "2025-07-13T11:33:40.836126Z", "fetched_at": "2025-07-13T11:37:51.688499+00:00", "symbol": "ETH-USD"}, {"trade_id": 666210887, "side": "sell", "size": "0.00373160", "price": "2963.72000000", "time": "2025-07-13T11:33:39.174673Z", "fetched_at": "2025-07-13T11:37:51.688499+00:00", "symbol": "ETH-USD"}, {"trade_id": 666210886, "side": "sell", "size": "0.00021506", "price": "2963.72000000", "time": "2025-07-13T11:33:39.174673Z", "fetched_at": "2025-07-13T11:37:51.688499+00:00", "symbol": "ETH-USD"}, {"trade_id": 666210885, "side": "sell", "size": "0.00016081", "price": "2963.72000000", "time": "2025-07-13T11:33:39.174673Z", "fetched_at": "2025-07-13T11:37:51.688499+00:00", "symbol": "ETH-USD"}, {"trade_id": 666210884, "side": "sell", "size": "0.00016767", "price": "2963.72000000", "time": "2025-07-13T11:33:39.174673Z", "fetched_at": "2025-07-13T11:37:51.688499+00:00", "symbol": "ETH-USD"}, {"trade_id": 666210883, "side": "sell", "size": "0.00031004", "price": "2963.72000000", "time": "2025-07-13T11:33:39.174673Z", "fetched_at": "2025-07-13T11:37:51.688499+00:00", "symbol": "ETH-USD"}, {"trade_id": 666210882, "side": "buy", "size": "0.00185507", "price": "2963.71000000", "time": "2025-07-13T11:33:35.578405Z", "fetched_at": "2025-07-13T11:37:51.688499+00:00", "symbol": "ETH-USD"}, {"trade_id": 666210881, "side": "sell", "size": "0.00104276", "price": "2963.64000000", "time": "2025-07-13T11:33:28.674564Z", "fetched_at": "2025-07-13T11:37:51.688499+00:00", "symbol": "ETH-USD"}, {"trade_id": 666210880, "side": "sell", "size": "0.00089526", "price": "2963.64000000", "time": "2025-07-13T11:33:28.674564Z", "fetched_at": "2025-07-13T11:37:51.688499+00:00", "symbol": "ETH-USD"}, {"trade_id": 666210879, "side": "sell", "size": "0.00048002", "price": "2963.64000000", "time": "2025-07-13T11:33:26.393361Z", "fetched_at": "2025-07-13T11:37:51.688499+00:00", "symbol": "ETH-USD"}, {"trade_id": 666210878, "side": "sell", "size": "0.00062000", "price": "2963.64000000", "time": "2025-07-13T11:33:26.393361Z", "fetched_at": "2025-07-13T11:37:51.688499+00:00", "symbol": "ETH-USD"}, {"trade_id": 666210877, "side": "sell", "size": "0.00094670", "price": "2963.46000000", "time": "2025-07-13T11:33:25.810480Z", "fetched_at": "2025-07-13T11:37:51.688499+00:00", "symbol": "ETH-USD"}, {"trade_id": 666210876, "side": "sell", "size": "0.60057230", "price": "2963.46000000", "time": "2025-07-13T11:33:25.810480Z", "fetched_at": "2025-07-13T11:37:51.688499+00:00", "symbol": "ETH-USD"}, {"trade_id": 666210875, "side": "buy", "size": "0.04199731", "price": "2963.45000000", "time": "2025-07-13T11:33:24.872690Z", "fetched_at": "2025-07-13T11:37:51.688499+00:00", "symbol": "ETH-USD"}, {"trade_id": 666210874, "side": "buy", "size": "0.01623108", "price": "2963.45000000", "time": "2025-07-13T11:33:24.872690Z", "fetched_at": "2025-07-13T11:37:51.688499+00:00", "symbol": "ETH-USD"}, {"trade_id": 666210873, "side": "buy", "size": "0.00311461", "price": "2963.45000000", "time": "2025-07-13T11:33:24.872690Z", "fetched_at": "2025-07-13T11:37:51.688499+00:00", "symbol": "ETH-USD"}, {"trade_id": 666210872, "side": "sell", "size": "0.03257431", "price": "2963.46000000", "time": "2025-07-13T11:33:20.659345Z", "fetched_at": "2025-07-13T11:37:51.688499+00:00", "symbol": "ETH-USD"}, {"trade_id": 666210871, "side": "buy", "size": "0.00443357", "price": "2963.75000000", "time": "2025-07-13T11:33:19.831843Z", "fetched_at": "2025-07-13T11:37:51.688499+00:00", "symbol": "ETH-USD"}, {"trade_id": 666210870, "side": "buy", "size": "0.00111345", "price": "2963.76000000", "time": "2025-07-13T11:33:19.831843Z", "fetched_at": "2025-07-13T11:37:51.688499+00:00", "symbol": "ETH-USD"}, {"trade_id": 666210869, "side": "buy", "size": "0.00222352", "price": "2963.76000000", "time": "2025-07-13T11:33:19.831843Z", "fetched_at": "2025-07-13T11:37:51.688499+00:00", "symbol": "ETH-USD"}, {"trade_id": 666210868, "side": "buy", "size": "0.00312103", "price": "2963.76000000", "time": "2025-07-13T11:33:19.831843Z", "fetched_at": "2025-07-13T11:37:51.688499+00:00", "symbol": "ETH-USD"}, {"trade_id": 666210867, "side": "sell", "size": "0.00380473", "price": "2963.77000000", "time": "2025-07-13T11:33:18.734600Z", "fetched_at": "2025-07-13T11:37:51.688499+00:00", "symbol": "ETH-USD"}, {"trade_id": 666210866, "side": "buy", "size": "0.00100000", "price": "2963.62000000", "time": "2025-07-13T11:33:16.617158Z", "fetched_at": "2025-07-13T11:37:51.688499+00:00", "symbol": "ETH-USD"}, {"trade_id": 666210865, "side": "buy", "size": "0.20456138", "price": "2963.66000000", "time": "2025-07-13T11:33:16.617158Z", "fetched_at": "2025-07-13T11:37:51.688499+00:00", "symbol": "ETH-USD"}, {"trade_id": 666210864, "side": "buy", "size": "0.00337419", "price": "2963.68000000", "time": "2025-07-13T11:33:16.617158Z", "fetched_at": "2025-07-13T11:37:51.688499+00:00", "symbol": "ETH-USD"}, {"trade_id": 666210863, "side": "buy", "size": "0.00069468", "price": "2963.84000000", "time": "2025-07-13T11:33:16.617158Z", "fetched_at": "2025-07-13T11:37:51.688499+00:00", "symbol": "ETH-USD"}, {"trade_id": 666210862, "side": "buy", "size": "0.01601000", "price": "2963.84000000", "time": "2025-07-13T11:33:16.611505Z", "fetched_at": "2025-07-13T11:37:51.688499+00:00", "symbol": "ETH-USD"}, {"trade_id": 666210861, "side": "buy", "size": "0.00100000", "price": "2963.84000000", "time": "2025-07-13T11:33:16.611505Z", "fetched_at": "2025-07-13T11:37:51.688499+00:00", "symbol": "ETH-USD"}, {"trade_id": 666210860, "side": "buy", "size": "0.01622807", "price": "2964.00000000", "time": "2025-07-13T11:33:16.611336Z", "fetched_at": "2025-07-13T11:37:51.688499+00:00", "symbol": "ETH-USD"}, {"trade_id": 666210859, "side": "buy", "size": "0.03294613", "price": "2964.00000000", "time": "2025-07-13T11:33:16.611336Z", "fetched_at": "2025-07-13T11:37:51.688499+00:00", "symbol": "ETH-USD"}, {"trade_id": 666210858, "side": "buy", "size": "0.01033659", "price": "2964.00000000", "time": "2025-07-13T11:33:16.611105Z", "fetched_at": "2025-07-13T11:37:51.688499+00:00", "symbol": "ETH-USD"}, {"trade_id": 666210857, "side": "buy", "size": "0.00667341", "price": "2964.00000000", "time": "2025-07-13T11:33:16.611105Z", "fetched_at": "2025-07-13T11:37:51.688499+00:00", "symbol": "ETH-USD"}, {"trade_id": 666210856, "side": "buy", "size": "0.08657073", "price": "2964.05000000", "time": "2025-07-13T11:33:13.481788Z", "fetched_at": "2025-07-13T11:37:51.688499+00:00", "symbol": "ETH-USD"}, {"trade_id": 666210855, "side": "buy", "size": "0.01623117", "price": "2964.05000000", "time": "2025-07-13T11:33:13.481788Z", "fetched_at": "2025-07-13T11:37:51.688499+00:00", "symbol": "ETH-USD"}, {"trade_id": 666210854, "side": "buy", "size": "0.00337376", "price": "2964.06000000", "time": "2025-07-13T11:33:13.481788Z", "fetched_at": "2025-07-13T11:37:51.688499+00:00", "symbol": "ETH-USD"}, {"trade_id": 666210853, "side": "buy", "size": "0.00001012", "price": "2964.06000000", "time": "2025-07-13T11:33:13.481788Z", "fetched_at": "2025-07-13T11:37:51.688499+00:00", "symbol": "ETH-USD"}, {"trade_id": 666210852, "side": "buy", "size": "0.00100000", "price": "2964.06000000", "time": "2025-07-13T11:33:13.481788Z", "fetched_at": "2025-07-13T11:37:51.688499+00:00", "symbol": "ETH-USD"}, {"trade_id": 666210851, "side": "buy", "size": "0.00001686", "price": "2964.28000000", "time": "2025-07-13T11:33:12.213916Z", "fetched_at": "2025-07-13T11:37:51.688499+00:00", "symbol": "ETH-USD"}, {"trade_id": 666210850, "side": "buy", "size": "0.01666171", "price": "2964.28000000", "time": "2025-07-13T11:33:12.213916Z", "fetched_at": "2025-07-13T11:37:51.688499+00:00", "symbol": "ETH-USD"}, {"trade_id": 666210849, "side": "buy", "size": "0.00129879", "price": "2964.28000000", "time": "2025-07-13T11:33:12.213916Z", "fetched_at": "2025-07-13T11:37:51.688499+00:00", "symbol": "ETH-USD"}, {"trade_id": 666210848, "side": "buy", "size": "0.00260096", "price": "2964.28000000", "time": "2025-07-13T11:33:12.213916Z", "fetched_at": "2025-07-13T11:37:51.688499+00:00", "symbol": "ETH-USD"}, {"trade_id": 666210847, "side": "buy", "size": "0.04450901", "price": "2964.28000000", "time": "2025-07-13T11:33:12.213916Z", "fetched_at": "2025-07-13T11:37:51.688499+00:00", "symbol": "ETH-USD"}, {"trade_id": 666210846, "side": "buy", "size": "0.00232192", "price": "2964.28000000", "time": "2025-07-13T11:33:11.739480Z", "fetched_at": "2025-07-13T11:37:51.688499+00:00", "symbol": "ETH-USD"}, {"trade_id": 666210845, "side": "buy", "size": "0.00519519", "price": "2964.28000000", "time": "2025-07-13T11:33:11.739480Z", "fetched_at": "2025-07-13T11:37:51.688499+00:00", "symbol": "ETH-USD"}, {"trade_id": 666210844, "side": "buy", "size": "0.00100000", "price": "2964.28000000", "time": "2025-07-13T11:33:11.739480Z", "fetched_at": "2025-07-13T11:37:51.688499+00:00", "symbol": "ETH-USD"}, {"trade_id": 666210843, "side": "buy", "size": "0.01623273", "price": "2964.38000000", "time": "2025-07-13T11:33:06.714579Z", "fetched_at": "2025-07-13T11:37:51.688499+00:00", "symbol": "ETH-USD"}, {"trade_id": 666210842, "side": "buy", "size": "0.00337339", "price": "2964.38000000", "time": "2025-07-13T11:33:06.714579Z", "fetched_at": "2025-07-13T11:37:51.688499+00:00", "symbol": "ETH-USD"}, {"trade_id": 666210841, "side": "buy", "size": "0.00336409", "price": "2964.38000000", "time": "2025-07-13T11:33:06.670042Z", "fetched_at": "2025-07-13T11:37:51.688499+00:00", "symbol": "ETH-USD"}, {"trade_id": 666210840, "side": "buy", "size": "0.00101391", "price": "2964.38000000", "time": "2025-07-13T11:33:06.670042Z", "fetched_at": "2025-07-13T11:37:51.688499+00:00", "symbol": "ETH-USD"}, {"trade_id": 666210839, "side": "buy", "size": "0.04312200", "price": "2964.38000000", "time": "2025-07-13T11:33:06.670042Z", "fetched_at": "2025-07-13T11:37:51.688499+00:00", "symbol": "ETH-USD"}, {"trade_id": 666210838, "side": "sell", "size": "0.00651685", "price": "2964.39000000", "time": "2025-07-13T11:33:01.282678Z", "fetched_at": "2025-07-13T11:37:51.688499+00:00", "symbol": "ETH-USD"}, {"trade_id": 666210837, "side": "sell", "size": "0.16395828", "price": "2964.39000000", "time": "2025-07-13T11:33:00.193906Z", "fetched_at": "2025-07-13T11:37:51.688499+00:00", "symbol": "ETH-USD"}, {"trade_id": 666210836, "side": "buy", "size": "0.00335903", "price": "2964.78000000", "time": "2025-07-13T11:32:59.776031Z", "fetched_at": "2025-07-13T11:37:51.688499+00:00", "symbol": "ETH-USD"}, {"trade_id": 666210835, "side": "buy", "size": "0.01469923", "price": "2964.78000000", "time": "2025-07-13T11:32:59.776031Z", "fetched_at": "2025-07-13T11:37:51.688499+00:00", "symbol": "ETH-USD"}, {"trade_id": 666210834, "side": "buy", "size": "0.01122174", "price": "2964.78000000", "time": "2025-07-13T11:32:59.776031Z", "fetched_at": "2025-07-13T11:37:51.688499+00:00", "symbol": "ETH-USD"}, {"trade_id": 666210833, "side": "buy", "size": "0.00337286", "price": "2964.85000000", "time": "2025-07-13T11:32:59.684076Z", "fetched_at": "2025-07-13T11:37:51.688499+00:00", "symbol": "ETH-USD"}, {"trade_id": 666210832, "side": "sell", "size": "0.00099021", "price": "2964.86000000", "time": "2025-07-13T11:32:59.673147Z", "fetched_at": "2025-07-13T11:37:51.688499+00:00", "symbol": "ETH-USD"}, {"trade_id": 666210831, "side": "sell", "size": "0.01142277", "price": "2964.81000000", "time": "2025-07-13T11:32:58.700752Z", "fetched_at": "2025-07-13T11:37:51.688499+00:00", "symbol": "ETH-USD"}, {"trade_id": 666210830, "side": "sell", "size": "0.00100000", "price": "2964.72000000", "time": "2025-07-13T11:32:58.700752Z", "fetched_at": "2025-07-13T11:37:51.688499+00:00", "symbol": "ETH-USD"}, {"trade_id": 666210829, "side": "sell", "size": "0.00100000", "price": "2964.50000000", "time": "2025-07-13T11:32:58.700752Z", "fetched_at": "2025-07-13T11:37:51.688499+00:00", "symbol": "ETH-USD"}, {"trade_id": 666210828, "side": "sell", "size": "0.00100000", "price": "2964.28000000", "time": "2025-07-13T11:32:58.620217Z", "fetched_at": "2025-07-13T11:37:51.688499+00:00", "symbol": "ETH-USD"}, {"trade_id": 666210827, "side": "sell", "size": "0.94048193", "price": "2964.28000000", "time": "2025-07-13T11:32:58.620217Z", "fetched_at": "2025-07-13T11:37:51.688499+00:00", "symbol": "ETH-USD"}, {"trade_id": 666210826, "side": "sell", "size": "0.00019734", "price": "2964.06000000", "time": "2025-07-13T11:32:58.535804Z", "fetched_at": "2025-07-13T11:37:51.688499+00:00", "symbol": "ETH-USD"}, {"trade_id": 666210825, "side": "sell", "size": "0.00100000", "price": "2964.06000000", "time": "2025-07-13T11:32:58.535804Z", "fetched_at": "2025-07-13T11:37:51.688499+00:00", "symbol": "ETH-USD"}, {"trade_id": 666210824, "side": "sell", "size": "0.00002145", "price": "2963.91000000", "time": "2025-07-13T11:32:58.378208Z", "fetched_at": "2025-07-13T11:37:51.688499+00:00", "symbol": "ETH-USD"}, {"trade_id": 666210823, "side": "sell", "size": "0.00006480", "price": "2963.91000000", "time": "2025-07-13T11:32:58.378208Z", "fetched_at": "2025-07-13T11:37:51.688499+00:00", "symbol": "ETH-USD"}, {"trade_id": 666210822, "side": "sell", "size": "0.00008000", "price": "2963.91000000", "time": "2025-07-13T11:32:58.378208Z", "fetched_at": "2025-07-13T11:37:51.688499+00:00", "symbol": "ETH-USD"}, {"trade_id": 666210821, "side": "sell", "size": "0.00201829", "price": "2963.91000000", "time": "2025-07-13T11:32:58.378208Z", "fetched_at": "2025-07-13T11:37:51.688499+00:00", "symbol": "ETH-USD"}, {"trade_id": 666210820, "side": "sell", "size": "0.00046185", "price": "2963.91000000", "time": "2025-07-13T11:32:56.672525Z", "fetched_at": "2025-07-13T11:37:51.688499+00:00", "symbol": "ETH-USD"}, {"trade_id": 666210819, "side": "sell", "size": "0.00192013", "price": "2963.91000000", "time": "2025-07-13T11:32:56.672525Z", "fetched_at": "2025-07-13T11:37:51.688499+00:00", "symbol": "ETH-USD"}, {"trade_id": 666210818, "side": "sell", "size": "0.00044711", "price": "2963.91000000", "time": "2025-07-13T11:32:56.672525Z", "fetched_at": "2025-07-13T11:37:51.688499+00:00", "symbol": "ETH-USD"}, {"trade_id": 666210817, "side": "sell", "size": "0.00037080", "price": "2963.91000000", "time": "2025-07-13T11:32:56.672525Z", "fetched_at": "2025-07-13T11:37:51.688499+00:00", "symbol": "ETH-USD"}, {"trade_id": 666210816, "side": "sell", "size": "0.00007456", "price": "2963.91000000", "time": "2025-07-13T11:32:56.479750Z", "fetched_at": "2025-07-13T11:37:51.688499+00:00", "symbol": "ETH-USD"}, {"trade_id": 666210815, "side": "sell", "size": "0.00041339", "price": "2963.91000000", "time": "2025-07-13T11:32:56.479750Z", "fetched_at": "2025-07-13T11:37:51.688499+00:00", "symbol": "ETH-USD"}, {"trade_id": 666210814, "side": "sell", "size": "0.00155019", "price": "2963.91000000", "time": "2025-07-13T11:32:56.479750Z", "fetched_at": "2025-07-13T11:37:51.688499+00:00", "symbol": "ETH-USD"}, {"trade_id": 666210813, "side": "sell", "size": "0.00027945", "price": "2963.91000000", "time": "2025-07-13T11:32:56.479750Z", "fetched_at": "2025-07-13T11:37:51.688499+00:00", "symbol": "ETH-USD"}, {"trade_id": 666210812, "side": "sell", "size": "0.00120010", "price": "2963.91000000", "time": "2025-07-13T11:32:56.479750Z", "fetched_at": "2025-07-13T11:37:51.688499+00:00", "symbol": "ETH-USD"}, {"trade_id": 666210811, "side": "sell", "size": "0.35593112", "price": "2963.78000000", "time": "2025-07-13T11:32:54.887515Z", "fetched_at": "2025-07-13T11:37:51.688499+00:00", "symbol": "ETH-USD"}, {"trade_id": 666210810, "side": "sell", "size": "0.14155675", "price": "2963.77000000", "time": "2025-07-13T11:32:54.887515Z", "fetched_at": "2025-07-13T11:37:51.688499+00:00", "symbol": "ETH-USD"}, {"trade_id": 666210809, "side": "sell", "size": "0.00082678", "price": "2963.59000000", "time": "2025-07-13T11:32:54.887515Z", "fetched_at": "2025-07-13T11:37:51.688499+00:00", "symbol": "ETH-USD"}, {"trade_id": 666210808, "side": "sell", "size": "0.00013894", "price": "2963.51000000", "time": "2025-07-13T11:32:50.332092Z", "fetched_at": "2025-07-13T11:37:51.688499+00:00", "symbol": "ETH-USD"}, {"trade_id": 666210807, "side": "sell", "size": "0.00003373", "price": "2963.51000000", "time": "2025-07-13T11:32:49.821939Z", "fetched_at": "2025-07-13T11:37:51.688499+00:00", "symbol": "ETH-USD"}, {"trade_id": 666210806, "side": "buy", "size": "0.00416325", "price": "2963.50000000", "time": "2025-07-13T11:32:49.777104Z", "fetched_at": "2025-07-13T11:37:51.688499+00:00", "symbol": "ETH-USD"}, {"trade_id": 666210805, "side": "buy", "size": "0.00719292", "price": "2963.50000000", "time": "2025-07-13T11:32:49.071559Z", "fetched_at": "2025-07-13T11:37:51.688499+00:00", "symbol": "ETH-USD"}, {"trade_id": 666210804, "side": "buy", "size": "0.00250717", "price": "2963.50000000", "time": "2025-07-13T11:32:49.071559Z", "fetched_at": "2025-07-13T11:37:51.688499+00:00", "symbol": "ETH-USD"}, {"trade_id": 666210803, "side": "buy", "size": "0.00364096", "price": "2963.50000000", "time": "2025-07-13T11:32:49.071559Z", "fetched_at": "2025-07-13T11:37:51.688499+00:00", "symbol": "ETH-USD"}, {"trade_id": 666210802, "side": "buy", "size": "0.00501096", "price": "2963.50000000", "time": "2025-07-13T11:32:49.071559Z", "fetched_at": "2025-07-13T11:37:51.688499+00:00", "symbol": "ETH-USD"}, {"trade_id": 666210801, "side": "buy", "size": "0.00725156", "price": "2963.50000000", "time": "2025-07-13T11:32:49.071559Z", "fetched_at": "2025-07-13T11:37:51.688499+00:00", "symbol": "ETH-USD"}, {"trade_id": 666210800, "side": "buy", "size": "0.00015522", "price": "2963.50000000", "time": "2025-07-13T11:32:49.071559Z", "fetched_at": "2025-07-13T11:37:51.688499+00:00", "symbol": "ETH-USD"}, {"trade_id": 666210799, "side": "buy", "size": "0.00001089", "price": "2963.90000000", "time": "2025-07-13T11:32:40.995135Z", "fetched_at": "2025-07-13T11:37:51.688499+00:00", "symbol": "ETH-USD"}, {"trade_id": 666210798, "side": "buy", "size": "0.04327667", "price": "2963.90000000", "time": "2025-07-13T11:32:40.955963Z", "fetched_at": "2025-07-13T11:37:51.688499+00:00", "symbol": "ETH-USD"}, {"trade_id": 666210797, "side": "buy", "size": "0.00002333", "price": "2963.90000000", "time": "2025-07-13T11:32:40.955963Z", "fetched_at": "2025-07-13T11:37:51.688499+00:00", "symbol": "ETH-USD"}, {"trade_id": 666210796, "side": "buy", "size": "0.01620866", "price": "2963.90000000", "time": "2025-07-13T11:32:40.428346Z", "fetched_at": "2025-07-13T11:37:51.688499+00:00", "symbol": "ETH-USD"}, {"trade_id": 666210795, "side": "buy", "size": "0.00000674", "price": "2963.90000000", "time": "2025-07-13T11:32:40.428346Z", "fetched_at": "2025-07-13T11:37:51.688499+00:00", "symbol": "ETH-USD"}, {"trade_id": 666210794, "side": "buy", "size": "0.00001012", "price": "2963.90000000", "time": "2025-07-13T11:32:40.428346Z", "fetched_at": "2025-07-13T11:37:51.688499+00:00", "symbol": "ETH-USD"}, {"trade_id": 666210793, "side": "buy", "size": "0.00001686", "price": "2963.90000000", "time": "2025-07-13T11:32:40.428346Z", "fetched_at": "2025-07-13T11:37:51.688499+00:00", "symbol": "ETH-USD"}, {"trade_id": 666210792, "side": "buy", "size": "0.00000337", "price": "2963.90000000", "time": "2025-07-13T11:32:40.428346Z", "fetched_at": "2025-07-13T11:37:51.688499+00:00", "symbol": "ETH-USD"}, {"trade_id": 666210791, "side": "buy", "size": "0.00001425", "price": "2963.90000000", "time": "2025-07-13T11:32:40.428346Z", "fetched_at": "2025-07-13T11:37:51.688499+00:00", "symbol": "ETH-USD"}, {"trade_id": 666210790, "side": "buy", "size": "0.04326993", "price": "2963.90000000", "time": "2025-07-13T11:32:36.913856Z", "fetched_at": "2025-07-13T11:37:51.688499+00:00", "symbol": "ETH-USD"}, {"trade_id": 666210789, "side": "buy", "size": "0.01623199", "price": "2963.90000000", "time": "2025-07-13T11:32:36.913856Z", "fetched_at": "2025-07-13T11:37:51.688499+00:00", "symbol": "ETH-USD"}, {"trade_id": 666210788, "side": "buy", "size": "0.00000337", "price": "2963.90000000", "time": "2025-07-13T11:32:36.913856Z", "fetched_at": "2025-07-13T11:37:51.688499+00:00", "symbol": "ETH-USD"}, {"trade_id": 666210787, "side": "buy", "size": "0.00000337", "price": "2963.90000000", "time": "2025-07-13T11:32:36.913856Z", "fetched_at": "2025-07-13T11:37:51.688499+00:00", "symbol": "ETH-USD"}, {"trade_id": 666210786, "side": "buy", "size": "0.00000134", "price": "2963.90000000", "time": "2025-07-13T11:32:36.913856Z", "fetched_at": "2025-07-13T11:37:51.688499+00:00", "symbol": "ETH-USD"}