[{"trade_id": 666245346, "side": "sell", "size": "0.00100000", "price": "2989.36000000", "time": "2025-07-13T14:10:37.772339Z", "fetched_at": "2025-07-13T14:10:48.848576+00:00", "symbol": "ETH-USD"}, {"trade_id": 666245345, "side": "sell", "size": "0.00100000", "price": "2989.14000000", "time": "2025-07-13T14:10:37.638915Z", "fetched_at": "2025-07-13T14:10:48.848576+00:00", "symbol": "ETH-USD"}, {"trade_id": 666245344, "side": "sell", "size": "0.00093428", "price": "2988.92000000", "time": "2025-07-13T14:10:37.638915Z", "fetched_at": "2025-07-13T14:10:48.848576+00:00", "symbol": "ETH-USD"}, {"trade_id": 666245343, "side": "buy", "size": "0.00157247", "price": "2988.91000000", "time": "2025-07-13T14:10:37.184889Z", "fetched_at": "2025-07-13T14:10:48.848576+00:00", "symbol": "ETH-USD"}, {"trade_id": 666245342, "side": "buy", "size": "0.00669220", "price": "2988.91000000", "time": "2025-07-13T14:10:36.861713Z", "fetched_at": "2025-07-13T14:10:48.848576+00:00", "symbol": "ETH-USD"}, {"trade_id": 666245341, "side": "buy", "size": "0.05125986", "price": "2988.91000000", "time": "2025-07-13T14:10:34.995738Z", "fetched_at": "2025-07-13T14:10:48.848576+00:00", "symbol": "ETH-USD"}, {"trade_id": 666245340, "side": "buy", "size": "0.03131173", "price": "2988.91000000", "time": "2025-07-13T14:10:34.995738Z", "fetched_at": "2025-07-13T14:10:48.848576+00:00", "symbol": "ETH-USD"}, {"trade_id": 666245339, "side": "buy", "size": "0.15000000", "price": "2988.91000000", "time": "2025-07-13T14:10:34.995738Z", "fetched_at": "2025-07-13T14:10:48.848576+00:00", "symbol": "ETH-USD"}, {"trade_id": 666245338, "side": "buy", "size": "0.77544000", "price": "2988.91000000", "time": "2025-07-13T14:10:34.995738Z", "fetched_at": "2025-07-13T14:10:48.848576+00:00", "symbol": "ETH-USD"}, {"trade_id": 666245337, "side": "sell", "size": "0.00006572", "price": "2988.92000000", "time": "2025-07-13T14:10:34.852986Z", "fetched_at": "2025-07-13T14:10:48.848576+00:00", "symbol": "ETH-USD"}, {"trade_id": 666245336, "side": "sell", "size": "0.00021512", "price": "2988.87000000", "time": "2025-07-13T14:10:34.852986Z", "fetched_at": "2025-07-13T14:10:48.848576+00:00", "symbol": "ETH-USD"}, {"trade_id": 666245335, "side": "sell", "size": "0.00016132", "price": "2988.87000000", "time": "2025-07-13T14:10:34.852986Z", "fetched_at": "2025-07-13T14:10:48.848576+00:00", "symbol": "ETH-USD"}, {"trade_id": 666245334, "side": "sell", "size": "0.00002992", "price": "2988.87000000", "time": "2025-07-13T14:10:34.852986Z", "fetched_at": "2025-07-13T14:10:48.848576+00:00", "symbol": "ETH-USD"}, {"trade_id": 666245333, "side": "sell", "size": "0.00009878", "price": "2988.87000000", "time": "2025-07-13T14:10:34.852986Z", "fetched_at": "2025-07-13T14:10:48.848576+00:00", "symbol": "ETH-USD"}, {"trade_id": 666245332, "side": "sell", "size": "0.32840288", "price": "2988.73000000", "time": "2025-07-13T14:10:34.365629Z", "fetched_at": "2025-07-13T14:10:48.848576+00:00", "symbol": "ETH-USD"}, {"trade_id": 666245331, "side": "sell", "size": "0.80396042", "price": "2988.73000000", "time": "2025-07-13T14:10:34.365629Z", "fetched_at": "2025-07-13T14:10:48.848576+00:00", "symbol": "ETH-USD"}, {"trade_id": 666245330, "side": "sell", "size": "0.00217002", "price": "2988.72000000", "time": "2025-07-13T14:10:34.365629Z", "fetched_at": "2025-07-13T14:10:48.848576+00:00", "symbol": "ETH-USD"}, {"trade_id": 666245329, "side": "sell", "size": "0.00024003", "price": "2988.72000000", "time": "2025-07-13T14:10:34.365629Z", "fetched_at": "2025-07-13T14:10:48.848576+00:00", "symbol": "ETH-USD"}, {"trade_id": 666245328, "side": "sell", "size": "0.15000000", "price": "2988.72000000", "time": "2025-07-13T14:10:34.365629Z", "fetched_at": "2025-07-13T14:10:48.848576+00:00", "symbol": "ETH-USD"}, {"trade_id": 666245327, "side": "sell", "size": "0.03251527", "price": "2988.73000000", "time": "2025-07-13T14:10:33.668762Z", "fetched_at": "2025-07-13T14:10:48.848576+00:00", "symbol": "ETH-USD"}, {"trade_id": 666245326, "side": "buy", "size": "0.09810355", "price": "2988.53000000", "time": "2025-07-13T14:10:33.097116Z", "fetched_at": "2025-07-13T14:10:48.848576+00:00", "symbol": "ETH-USD"}, {"trade_id": 666245325, "side": "buy", "size": "0.45900000", "price": "2988.58000000", "time": "2025-07-13T14:10:33.097116Z", "fetched_at": "2025-07-13T14:10:48.848576+00:00", "symbol": "ETH-USD"}, {"trade_id": 666245324, "side": "sell", "size": "0.00497250", "price": "2988.87000000", "time": "2025-07-13T14:10:33.089453Z", "fetched_at": "2025-07-13T14:10:48.848576+00:00", "symbol": "ETH-USD"}, {"trade_id": 666245323, "side": "sell", "size": "0.00100000", "price": "2988.70000000", "time": "2025-07-13T14:10:33.089453Z", "fetched_at": "2025-07-13T14:10:48.848576+00:00", "symbol": "ETH-USD"}, {"trade_id": 666245322, "side": "sell", "size": "0.00062012", "price": "2988.51000000", "time": "2025-07-13T14:10:33.089453Z", "fetched_at": "2025-07-13T14:10:48.848576+00:00", "symbol": "ETH-USD"}, {"trade_id": 666245321, "side": "sell", "size": "0.00039122", "price": "2988.51000000", "time": "2025-07-13T14:10:33.089453Z", "fetched_at": "2025-07-13T14:10:48.848576+00:00", "symbol": "ETH-USD"}, {"trade_id": 666245320, "side": "sell", "size": "0.00144008", "price": "2988.51000000", "time": "2025-07-13T14:10:33.089453Z", "fetched_at": "2025-07-13T14:10:48.848576+00:00", "symbol": "ETH-USD"}, {"trade_id": 666245319, "side": "sell", "size": "0.00192357", "price": "2988.51000000", "time": "2025-07-13T14:10:33.089453Z", "fetched_at": "2025-07-13T14:10:48.848576+00:00", "symbol": "ETH-USD"}, {"trade_id": 666245318, "side": "buy", "size": "0.10038384", "price": "2988.50000000", "time": "2025-07-13T14:10:32.882546Z", "fetched_at": "2025-07-13T14:10:48.848576+00:00", "symbol": "ETH-USD"}, {"trade_id": 666245317, "side": "sell", "size": "0.00039554", "price": "2988.51000000", "time": "2025-07-13T14:10:30.943821Z", "fetched_at": "2025-07-13T14:10:48.848576+00:00", "symbol": "ETH-USD"}, {"trade_id": 666245316, "side": "sell", "size": "0.00062008", "price": "2988.51000000", "time": "2025-07-13T14:10:30.943821Z", "fetched_at": "2025-07-13T14:10:48.848576+00:00", "symbol": "ETH-USD"}, {"trade_id": 666245315, "side": "sell", "size": "0.00041267", "price": "2988.51000000", "time": "2025-07-13T14:10:30.943821Z", "fetched_at": "2025-07-13T14:10:48.848576+00:00", "symbol": "ETH-USD"}, {"trade_id": 666245314, "side": "sell", "size": "0.00180087", "price": "2988.51000000", "time": "2025-07-13T14:10:30.943821Z", "fetched_at": "2025-07-13T14:10:48.848576+00:00", "symbol": "ETH-USD"}, {"trade_id": 666245313, "side": "buy", "size": "0.00100000", "price": "2988.26000000", "time": "2025-07-13T14:10:28.571621Z", "fetched_at": "2025-07-13T14:10:48.848576+00:00", "symbol": "ETH-USD"}, {"trade_id": 666245312, "side": "buy", "size": "0.01431530", "price": "2988.41000000", "time": "2025-07-13T14:10:28.568108Z", "fetched_at": "2025-07-13T14:10:48.848576+00:00", "symbol": "ETH-USD"}, {"trade_id": 666245311, "side": "buy", "size": "0.00000334", "price": "2988.41000000", "time": "2025-07-13T14:10:28.568108Z", "fetched_at": "2025-07-13T14:10:48.848576+00:00", "symbol": "ETH-USD"}, {"trade_id": 666245310, "side": "buy", "size": "17.11348770", "price": "2988.41000000", "time": "2025-07-13T14:10:28.568108Z", "fetched_at": "2025-07-13T14:10:48.848576+00:00", "symbol": "ETH-USD"}, {"trade_id": 666245309, "side": "buy", "size": "0.44523515", "price": "2988.41000000", "time": "2025-07-13T14:10:28.567160Z", "fetched_at": "2025-07-13T14:10:48.848576+00:00", "symbol": "ETH-USD"}, {"trade_id": 666245308, "side": "buy", "size": "0.16744804", "price": "2988.41000000", "time": "2025-07-13T14:10:28.566901Z", "fetched_at": "2025-07-13T14:10:48.848576+00:00", "symbol": "ETH-USD"}, {"trade_id": 666245307, "side": "buy", "size": "0.20802217", "price": "2988.41000000", "time": "2025-07-13T14:10:28.564712Z", "fetched_at": "2025-07-13T14:10:48.848576+00:00", "symbol": "ETH-USD"}, {"trade_id": 666245306, "side": "buy", "size": "0.15929807", "price": "2988.41000000", "time": "2025-07-13T14:10:28.563838Z", "fetched_at": "2025-07-13T14:10:48.848576+00:00", "symbol": "ETH-USD"}, {"trade_id": 666245305, "side": "buy", "size": "0.71387586", "price": "2988.41000000", "time": "2025-07-13T14:10:28.563432Z", "fetched_at": "2025-07-13T14:10:48.848576+00:00", "symbol": "ETH-USD"}, {"trade_id": 666245304, "side": "buy", "size": "0.12489205", "price": "2988.41000000", "time": "2025-07-13T14:10:28.561422Z", "fetched_at": "2025-07-13T14:10:48.848576+00:00", "symbol": "ETH-USD"}, {"trade_id": 666245303, "side": "buy", "size": "0.21552087", "price": "2988.41000000", "time": "2025-07-13T14:10:28.560684Z", "fetched_at": "2025-07-13T14:10:48.848576+00:00", "symbol": "ETH-USD"}, {"trade_id": 666245302, "side": "buy", "size": "1.56647299", "price": "2988.41000000", "time": "2025-07-13T14:10:28.543957Z", "fetched_at": "2025-07-13T14:10:48.848576+00:00", "symbol": "ETH-USD"}, {"trade_id": 666245301, "side": "buy", "size": "0.80600695", "price": "2988.41000000", "time": "2025-07-13T14:10:28.531048Z", "fetched_at": "2025-07-13T14:10:48.848576+00:00", "symbol": "ETH-USD"}, {"trade_id": 666245300, "side": "buy", "size": "1.51932834", "price": "2988.41000000", "time": "2025-07-13T14:10:28.520665Z", "fetched_at": "2025-07-13T14:10:48.848576+00:00", "symbol": "ETH-USD"}, {"trade_id": 666245299, "side": "buy", "size": "1.05348627", "price": "2988.41000000", "time": "2025-07-13T14:10:28.412450Z", "fetched_at": "2025-07-13T14:10:48.848576+00:00", "symbol": "ETH-USD"}, {"trade_id": 666245298, "side": "buy", "size": "1.28117815", "price": "2988.41000000", "time": "2025-07-13T14:10:28.386897Z", "fetched_at": "2025-07-13T14:10:48.848576+00:00", "symbol": "ETH-USD"}, {"trade_id": 666245297, "side": "buy", "size": "1.41192189", "price": "2988.41000000", "time": "2025-07-13T14:10:28.376204Z", "fetched_at": "2025-07-13T14:10:48.848576+00:00", "symbol": "ETH-USD"}, {"trade_id": 666245296, "side": "buy", "size": "0.59351442", "price": "2988.41000000", "time": "2025-07-13T14:10:28.278923Z", "fetched_at": "2025-07-13T14:10:48.848576+00:00", "symbol": "ETH-USD"}, {"trade_id": 666245295, "side": "buy", "size": "0.48033637", "price": "2988.41000000", "time": "2025-07-13T14:10:28.243739Z", "fetched_at": "2025-07-13T14:10:48.848576+00:00", "symbol": "ETH-USD"}, {"trade_id": 666245294, "side": "buy", "size": "1.21049112", "price": "2988.41000000", "time": "2025-07-13T14:10:28.081337Z", "fetched_at": "2025-07-13T14:10:48.848576+00:00", "symbol": "ETH-USD"}, {"trade_id": 666245293, "side": "sell", "size": "0.32502222", "price": "2988.42000000", "time": "2025-07-13T14:10:28.076858Z", "fetched_at": "2025-07-13T14:10:48.848576+00:00", "symbol": "ETH-USD"}, {"trade_id": 666245292, "side": "buy", "size": "1.13483705", "price": "2988.41000000", "time": "2025-07-13T14:10:27.951542Z", "fetched_at": "2025-07-13T14:10:48.848576+00:00", "symbol": "ETH-USD"}, {"trade_id": 666245291, "side": "buy", "size": "1.79630206", "price": "2988.41000000", "time": "2025-07-13T14:10:27.939611Z", "fetched_at": "2025-07-13T14:10:48.848576+00:00", "symbol": "ETH-USD"}, {"trade_id": 666245290, "side": "buy", "size": "1.54275882", "price": "2988.41000000", "time": "2025-07-13T14:10:27.928229Z", "fetched_at": "2025-07-13T14:10:48.848576+00:00", "symbol": "ETH-USD"}, {"trade_id": 666245289, "side": "buy", "size": "0.97719674", "price": "2988.41000000", "time": "2025-07-13T14:10:27.920123Z", "fetched_at": "2025-07-13T14:10:48.848576+00:00", "symbol": "ETH-USD"}, {"trade_id": 666245288, "side": "buy", "size": "3.64881265", "price": "2988.41000000", "time": "2025-07-13T14:10:27.906934Z", "fetched_at": "2025-07-13T14:10:48.848576+00:00", "symbol": "ETH-USD"}, {"trade_id": 666245287, "side": "buy", "size": "1.80590728", "price": "2988.41000000", "time": "2025-07-13T14:10:27.894919Z", "fetched_at": "2025-07-13T14:10:48.848576+00:00", "symbol": "ETH-USD"}, {"trade_id": 666245286, "side": "buy", "size": "1.29451404", "price": "2988.41000000", "time": "2025-07-13T14:10:27.881537Z", "fetched_at": "2025-07-13T14:10:48.848576+00:00", "symbol": "ETH-USD"}, {"trade_id": 666245285, "side": "buy", "size": "0.70426876", "price": "2988.41000000", "time": "2025-07-13T14:10:27.862311Z", "fetched_at": "2025-07-13T14:10:48.848576+00:00", "symbol": "ETH-USD"}, {"trade_id": 666245284, "side": "buy", "size": "0.49408355", "price": "2988.41000000", "time": "2025-07-13T14:10:27.819866Z", "fetched_at": "2025-07-13T14:10:48.848576+00:00", "symbol": "ETH-USD"}, {"trade_id": 666245283, "side": "buy", "size": "1.08493619", "price": "2988.41000000", "time": "2025-07-13T14:10:27.790679Z", "fetched_at": "2025-07-13T14:10:48.848576+00:00", "symbol": "ETH-USD"}, {"trade_id": 666245282, "side": "buy", "size": "0.61196961", "price": "2988.41000000", "time": "2025-07-13T14:10:27.764401Z", "fetched_at": "2025-07-13T14:10:48.848576+00:00", "symbol": "ETH-USD"}, {"trade_id": 666245281, "side": "buy", "size": "1.81679600", "price": "2988.41000000", "time": "2025-07-13T14:10:27.727858Z", "fetched_at": "2025-07-13T14:10:48.848576+00:00", "symbol": "ETH-USD"}, {"trade_id": 666245280, "side": "sell", "size": "0.02505626", "price": "2988.42000000", "time": "2025-07-13T14:10:27.335859Z", "fetched_at": "2025-07-13T14:10:48.848576+00:00", "symbol": "ETH-USD"}, {"trade_id": 666245279, "side": "buy", "size": "0.48838828", "price": "2988.41000000", "time": "2025-07-13T14:10:27.293572Z", "fetched_at": "2025-07-13T14:10:48.848576+00:00", "symbol": "ETH-USD"}, {"trade_id": 666245278, "side": "buy", "size": "0.97330949", "price": "2988.41000000", "time": "2025-07-13T14:10:27.264212Z", "fetched_at": "2025-07-13T14:10:48.848576+00:00", "symbol": "ETH-USD"}, {"trade_id": 666245277, "side": "buy", "size": "0.71774142", "price": "2988.41000000", "time": "2025-07-13T14:10:27.253218Z", "fetched_at": "2025-07-13T14:10:48.848576+00:00", "symbol": "ETH-USD"}, {"trade_id": 666245276, "side": "buy", "size": "1.65567134", "price": "2988.41000000", "time": "2025-07-13T14:10:27.220719Z", "fetched_at": "2025-07-13T14:10:48.848576+00:00", "symbol": "ETH-USD"}, {"trade_id": 666245275, "side": "buy", "size": "0.03479765", "price": "2988.42000000", "time": "2025-07-13T14:10:27.220719Z", "fetched_at": "2025-07-13T14:10:48.848576+00:00", "symbol": "ETH-USD"}, {"trade_id": 666245274, "side": "buy", "size": "0.04421855", "price": "2988.42000000", "time": "2025-07-13T14:10:27.220719Z", "fetched_at": "2025-07-13T14:10:48.848576+00:00", "symbol": "ETH-USD"}, {"trade_id": 666245273, "side": "buy", "size": "0.01867870", "price": "2988.43000000", "time": "2025-07-13T14:10:27.205605Z", "fetched_at": "2025-07-13T14:10:48.848576+00:00", "symbol": "ETH-USD"}, {"trade_id": 666245272, "side": "buy", "size": "0.05073493", "price": "2988.45000000", "time": "2025-07-13T14:10:27.178385Z", "fetched_at": "2025-07-13T14:10:48.848576+00:00", "symbol": "ETH-USD"}, {"trade_id": 666245271, "side": "sell", "size": "0.09751406", "price": "2988.50000000", "time": "2025-07-13T14:10:25.851299Z", "fetched_at": "2025-07-13T14:10:48.848576+00:00", "symbol": "ETH-USD"}, {"trade_id": 666245270, "side": "buy", "size": "0.00296709", "price": "2988.58000000", "time": "2025-07-13T14:10:23.455563Z", "fetched_at": "2025-07-13T14:10:48.848576+00:00", "symbol": "ETH-USD"}, {"trade_id": 666245269, "side": "buy", "size": "0.00296709", "price": "2988.58000000", "time": "2025-07-13T14:10:23.444217Z", "fetched_at": "2025-07-13T14:10:48.848576+00:00", "symbol": "ETH-USD"}, {"trade_id": 666245268, "side": "buy", "size": "0.00296709", "price": "2988.58000000", "time": "2025-07-13T14:10:23.424760Z", "fetched_at": "2025-07-13T14:10:48.848576+00:00", "symbol": "ETH-USD"}, {"trade_id": 666245267, "side": "buy", "size": "0.00296707", "price": "2988.60000000", "time": "2025-07-13T14:10:23.406319Z", "fetched_at": "2025-07-13T14:10:48.848576+00:00", "symbol": "ETH-USD"}, {"trade_id": 666245266, "side": "buy", "size": "0.00314761", "price": "2988.42000000", "time": "2025-07-13T14:10:23.335317Z", "fetched_at": "2025-07-13T14:10:48.848576+00:00", "symbol": "ETH-USD"}, {"trade_id": 666245265, "side": "buy", "size": "0.18199031", "price": "2988.41000000", "time": "2025-07-13T14:10:22.808228Z", "fetched_at": "2025-07-13T14:10:48.848576+00:00", "symbol": "ETH-USD"}, {"trade_id": 666245264, "side": "buy", "size": "0.15000000", "price": "2988.42000000", "time": "2025-07-13T14:10:22.808228Z", "fetched_at": "2025-07-13T14:10:48.848576+00:00", "symbol": "ETH-USD"}, {"trade_id": 666245263, "side": "buy", "size": "0.00292870", "price": "2988.43000000", "time": "2025-07-13T14:10:22.808228Z", "fetched_at": "2025-07-13T14:10:48.848576+00:00", "symbol": "ETH-USD"}, {"trade_id": 666245262, "side": "sell", "size": "0.00322867", "price": "2988.63000000", "time": "2025-07-13T14:10:22.599148Z", "fetched_at": "2025-07-13T14:10:48.848576+00:00", "symbol": "ETH-USD"}, {"trade_id": 666245261, "side": "buy", "size": "0.00100000", "price": "2988.48000000", "time": "2025-07-13T14:10:22.155405Z", "fetched_at": "2025-07-13T14:10:48.848576+00:00", "symbol": "ETH-USD"}, {"trade_id": 666245260, "side": "buy", "size": "0.00292686", "price": "2988.69000000", "time": "2025-07-13T14:10:22.044324Z", "fetched_at": "2025-07-13T14:10:48.848576+00:00", "symbol": "ETH-USD"}, {"trade_id": 666245259, "side": "buy", "size": "0.00292686", "price": "2988.69000000", "time": "2025-07-13T14:10:22.032826Z", "fetched_at": "2025-07-13T14:10:48.848576+00:00", "symbol": "ETH-USD"}, {"trade_id": 666245258, "side": "buy", "size": "0.00292686", "price": "2988.69000000", "time": "2025-07-13T14:10:22.022989Z", "fetched_at": "2025-07-13T14:10:48.848576+00:00", "symbol": "ETH-USD"}, {"trade_id": 666245257, "side": "buy", "size": "0.04452772", "price": "2988.70000000", "time": "2025-07-13T14:10:22.003436Z", "fetched_at": "2025-07-13T14:10:48.848576+00:00", "symbol": "ETH-USD"}, {"trade_id": 666245256, "side": "buy", "size": "0.01723826", "price": "2988.70000000", "time": "2025-07-13T14:10:22.003436Z", "fetched_at": "2025-07-13T14:10:48.848576+00:00", "symbol": "ETH-USD"}, {"trade_id": 666245255, "side": "buy", "size": "0.00100000", "price": "2988.70000000", "time": "2025-07-13T14:10:22.003436Z", "fetched_at": "2025-07-13T14:10:48.848576+00:00", "symbol": "ETH-USD"}, {"trade_id": 666245254, "side": "buy", "size": "0.00292679", "price": "2988.76000000", "time": "2025-07-13T14:10:21.992821Z", "fetched_at": "2025-07-13T14:10:48.848576+00:00", "symbol": "ETH-USD"}, {"trade_id": 666245253, "side": "buy", "size": "0.00286756", "price": "2988.80000000", "time": "2025-07-13T14:10:21.974945Z", "fetched_at": "2025-07-13T14:10:48.848576+00:00", "symbol": "ETH-USD"}, {"trade_id": 666245252, "side": "buy", "size": "0.00015626", "price": "2988.80000000", "time": "2025-07-13T14:10:21.974945Z", "fetched_at": "2025-07-13T14:10:48.848576+00:00", "symbol": "ETH-USD"}, {"trade_id": 666245251, "side": "buy", "size": "0.00047080", "price": "2989.07000000", "time": "2025-07-13T14:10:21.542101Z", "fetched_at": "2025-07-13T14:10:48.848576+00:00", "symbol": "ETH-USD"}, {"trade_id": 666245250, "side": "buy", "size": "0.00100000", "price": "2988.92000000", "time": "2025-07-13T14:10:21.526135Z", "fetched_at": "2025-07-13T14:10:48.848576+00:00", "symbol": "ETH-USD"}, {"trade_id": 666245249, "side": "buy", "size": "0.19999999", "price": "2989.03000000", "time": "2025-07-13T14:10:21.515844Z", "fetched_at": "2025-07-13T14:10:48.848576+00:00", "symbol": "ETH-USD"}, {"trade_id": 666245248, "side": "buy", "size": "0.00047078", "price": "2989.07000000", "time": "2025-07-13T14:10:21.514263Z", "fetched_at": "2025-07-13T14:10:48.848576+00:00", "symbol": "ETH-USD"}, {"trade_id": 666245247, "side": "sell", "size": "0.00157312", "price": "2989.17000000", "time": "2025-07-13T14:10:19.837530Z", "fetched_at": "2025-07-13T14:10:48.848576+00:00", "symbol": "ETH-USD"}, {"trade_id": 666245246, "side": "buy", "size": "0.00116585", "price": "2989.06000000", "time": "2025-07-13T14:10:14.442446Z", "fetched_at": "2025-07-13T14:10:48.848576+00:00", "symbol": "ETH-USD"}, {"trade_id": 666245245, "side": "buy", "size": "0.00336473", "price": "2989.07000000", "time": "2025-07-13T14:10:14.442446Z", "fetched_at": "2025-07-13T14:10:48.848576+00:00", "symbol": "ETH-USD"}, {"trade_id": 666245244, "side": "sell", "size": "0.06622339", "price": "2989.28000000", "time": "2025-07-13T14:10:13.509776Z", "fetched_at": "2025-07-13T14:10:48.848576+00:00", "symbol": "ETH-USD"}, {"trade_id": 666245243, "side": "sell", "size": "0.00322788", "price": "2989.28000000", "time": "2025-07-13T14:10:13.108372Z", "fetched_at": "2025-07-13T14:10:48.848576+00:00", "symbol": "ETH-USD"}, {"trade_id": 666245242, "side": "sell", "size": "0.01624954", "price": "2989.30000000", "time": "2025-07-13T14:10:12.815887Z", "fetched_at": "2025-07-13T14:10:48.848576+00:00", "symbol": "ETH-USD"}, {"trade_id": 666245241, "side": "buy", "size": "0.29648587", "price": "2988.93000000", "time": "2025-07-13T14:10:12.472011Z", "fetched_at": "2025-07-13T14:10:48.848576+00:00", "symbol": "ETH-USD"}, {"trade_id": 666245240, "side": "buy", "size": "0.00336488", "price": "2988.94000000", "time": "2025-07-13T14:10:12.472011Z", "fetched_at": "2025-07-13T14:10:48.848576+00:00", "symbol": "ETH-USD"}, {"trade_id": 666245239, "side": "buy", "size": "0.00056388", "price": "2989.14000000", "time": "2025-07-13T14:10:12.472011Z", "fetched_at": "2025-07-13T14:10:48.848576+00:00", "symbol": "ETH-USD"}, {"trade_id": 666245238, "side": "buy", "size": "0.19958537", "price": "2989.14000000", "time": "2025-07-13T14:10:12.472011Z", "fetched_at": "2025-07-13T14:10:48.848576+00:00", "symbol": "ETH-USD"}, {"trade_id": 666245237, "side": "sell", "size": "0.01299861", "price": "2989.19000000", "time": "2025-07-13T14:10:12.068751Z", "fetched_at": "2025-07-13T14:10:48.848576+00:00", "symbol": "ETH-USD"}, {"trade_id": 666245236, "side": "buy", "size": "0.00041462", "price": "2989.14000000", "time": "2025-07-13T14:10:10.696408Z", "fetched_at": "2025-07-13T14:10:48.848576+00:00", "symbol": "ETH-USD"}, {"trade_id": 666245235, "side": "buy", "size": "0.00058000", "price": "2989.20000000", "time": "2025-07-13T14:10:10.696408Z", "fetched_at": "2025-07-13T14:10:48.848576+00:00", "symbol": "ETH-USD"}, {"trade_id": 666245234, "side": "buy", "size": "0.00235029", "price": "2989.20000000", "time": "2025-07-13T14:10:10.696408Z", "fetched_at": "2025-07-13T14:10:48.848576+00:00", "symbol": "ETH-USD"}, {"trade_id": 666245233, "side": "sell", "size": "0.03249940", "price": "2989.30000000", "time": "2025-07-13T14:10:10.252418Z", "fetched_at": "2025-07-13T14:10:48.848576+00:00", "symbol": "ETH-USD"}, {"trade_id": 666245232, "side": "sell", "size": "0.00792959", "price": "2989.39000000", "time": "2025-07-13T14:10:08.018157Z", "fetched_at": "2025-07-13T14:10:48.848576+00:00", "symbol": "ETH-USD"}, {"trade_id": 666245231, "side": "sell", "size": "0.11513983", "price": "2989.00000000", "time": "2025-07-13T14:10:07.686862Z", "fetched_at": "2025-07-13T14:10:48.848576+00:00", "symbol": "ETH-USD"}, {"trade_id": 666245230, "side": "sell", "size": "0.05052997", "price": "2988.96000000", "time": "2025-07-13T14:10:07.686862Z", "fetched_at": "2025-07-13T14:10:48.848576+00:00", "symbol": "ETH-USD"}, {"trade_id": 666245229, "side": "buy", "size": "1.96440796", "price": "2988.87000000", "time": "2025-07-13T14:10:05.331428Z", "fetched_at": "2025-07-13T14:10:48.848576+00:00", "symbol": "ETH-USD"}, {"trade_id": 666245228, "side": "buy", "size": "0.00100000", "price": "2988.92000000", "time": "2025-07-13T14:10:05.322622Z", "fetched_at": "2025-07-13T14:10:48.848576+00:00", "symbol": "ETH-USD"}, {"trade_id": 666245227, "side": "buy", "size": "0.00084969", "price": "2988.96000000", "time": "2025-07-13T14:10:05.310293Z", "fetched_at": "2025-07-13T14:10:48.848576+00:00", "symbol": "ETH-USD"}, {"trade_id": 666245226, "side": "buy", "size": "0.08073656", "price": "2988.96000000", "time": "2025-07-13T14:10:05.298310Z", "fetched_at": "2025-07-13T14:10:48.848576+00:00", "symbol": "ETH-USD"}, {"trade_id": 666245225, "side": "buy", "size": "0.00342592", "price": "2988.97000000", "time": "2025-07-13T14:10:05.298310Z", "fetched_at": "2025-07-13T14:10:48.848576+00:00", "symbol": "ETH-USD"}, {"trade_id": 666245224, "side": "buy", "size": "0.00480433", "price": "2988.97000000", "time": "2025-07-13T14:10:05.298310Z", "fetched_at": "2025-07-13T14:10:48.848576+00:00", "symbol": "ETH-USD"}, {"trade_id": 666245223, "side": "buy", "size": "0.00100000", "price": "2989.14000000", "time": "2025-07-13T14:10:05.100072Z", "fetched_at": "2025-07-13T14:10:48.848576+00:00", "symbol": "ETH-USD"}, {"trade_id": 666245222, "side": "buy", "size": "0.33442467", "price": "2989.31000000", "time": "2025-07-13T14:10:05.100072Z", "fetched_at": "2025-07-13T14:10:48.848576+00:00", "symbol": "ETH-USD"}, {"trade_id": 666245221, "side": "buy", "size": "0.03344213", "price": "2989.34000000", "time": "2025-07-13T14:10:05.084399Z", "fetched_at": "2025-07-13T14:10:48.848576+00:00", "symbol": "ETH-USD"}, {"trade_id": 666245220, "side": "buy", "size": "0.02841585", "price": "2989.36000000", "time": "2025-07-13T14:10:05.068620Z", "fetched_at": "2025-07-13T14:10:48.848576+00:00", "symbol": "ETH-USD"}, {"trade_id": 666245219, "side": "buy", "size": "0.24473823", "price": "2989.36000000", "time": "2025-07-13T14:10:05.068620Z", "fetched_at": "2025-07-13T14:10:48.848576+00:00", "symbol": "ETH-USD"}, {"trade_id": 666245218, "side": "buy", "size": "0.00100000", "price": "2989.36000000", "time": "2025-07-13T14:10:05.068620Z", "fetched_at": "2025-07-13T14:10:48.848576+00:00", "symbol": "ETH-USD"}, {"trade_id": 666245217, "side": "buy", "size": "0.00100000", "price": "2989.58000000", "time": "2025-07-13T14:10:05.067163Z", "fetched_at": "2025-07-13T14:10:48.848576+00:00", "symbol": "ETH-USD"}, {"trade_id": 666245216, "side": "buy", "size": "0.02958914", "price": "2989.61000000", "time": "2025-07-13T14:10:05.067163Z", "fetched_at": "2025-07-13T14:10:48.848576+00:00", "symbol": "ETH-USD"}, {"trade_id": 666245215, "side": "buy", "size": "0.00684704", "price": "2989.61000000", "time": "2025-07-13T14:10:05.067163Z", "fetched_at": "2025-07-13T14:10:48.848576+00:00", "symbol": "ETH-USD"}, {"trade_id": 666245214, "side": "buy", "size": "0.00037774", "price": "2989.61000000", "time": "2025-07-13T14:10:05.067163Z", "fetched_at": "2025-07-13T14:10:48.848576+00:00", "symbol": "ETH-USD"}, {"trade_id": 666245213, "side": "buy", "size": "0.19992189", "price": "2989.61000000", "time": "2025-07-13T14:10:05.067163Z", "fetched_at": "2025-07-13T14:10:48.848576+00:00", "symbol": "ETH-USD"}, {"trade_id": 666245212, "side": "sell", "size": "0.00203830", "price": "2989.62000000", "time": "2025-07-13T14:10:04.452777Z", "fetched_at": "2025-07-13T14:10:48.848576+00:00", "symbol": "ETH-USD"}, {"trade_id": 666245211, "side": "buy", "size": "0.00100000", "price": "2989.80000000", "time": "2025-07-13T14:10:03.896563Z", "fetched_at": "2025-07-13T14:10:48.848576+00:00", "symbol": "ETH-USD"}, {"trade_id": 666245210, "side": "buy", "size": "0.19999990", "price": "2989.83000000", "time": "2025-07-13T14:10:03.893032Z", "fetched_at": "2025-07-13T14:10:48.848576+00:00", "symbol": "ETH-USD"}, {"trade_id": 666245209, "side": "buy", "size": "0.08290397", "price": "2989.84000000", "time": "2025-07-13T14:10:03.893032Z", "fetched_at": "2025-07-13T14:10:48.848576+00:00", "symbol": "ETH-USD"}, {"trade_id": 666245208, "side": "buy", "size": "0.00235420", "price": "2989.85000000", "time": "2025-07-13T14:10:03.893021Z", "fetched_at": "2025-07-13T14:10:48.848576+00:00", "symbol": "ETH-USD"}, {"trade_id": 666245207, "side": "buy", "size": "0.09451182", "price": "2989.85000000", "time": "2025-07-13T14:10:03.893021Z", "fetched_at": "2025-07-13T14:10:48.848576+00:00", "symbol": "ETH-USD"}, {"trade_id": 666245206, "side": "buy", "size": "4.59126093", "price": "2989.85000000", "time": "2025-07-13T14:10:03.892273Z", "fetched_at": "2025-07-13T14:10:48.848576+00:00", "symbol": "ETH-USD"}, {"trade_id": 666245205, "side": "buy", "size": "0.14667122", "price": "2989.85000000", "time": "2025-07-13T14:10:03.891787Z", "fetched_at": "2025-07-13T14:10:48.848576+00:00", "symbol": "ETH-USD"}, {"trade_id": 666245204, "side": "buy", "size": "2.99139044", "price": "2989.85000000", "time": "2025-07-13T14:10:03.891439Z", "fetched_at": "2025-07-13T14:10:48.848576+00:00", "symbol": "ETH-USD"}, {"trade_id": 666245203, "side": "buy", "size": "0.73878309", "price": "2989.85000000", "time": "2025-07-13T14:10:03.890505Z", "fetched_at": "2025-07-13T14:10:48.848576+00:00", "symbol": "ETH-USD"}, {"trade_id": 666245202, "side": "buy", "size": "0.33439409", "price": "2989.85000000", "time": "2025-07-13T14:10:03.890190Z", "fetched_at": "2025-07-13T14:10:48.848576+00:00", "symbol": "ETH-USD"}, {"trade_id": 666245201, "side": "buy", "size": "0.14457094", "price": "2989.85000000", "time": "2025-07-13T14:10:03.889800Z", "fetched_at": "2025-07-13T14:10:48.848576+00:00", "symbol": "ETH-USD"}, {"trade_id": 666245200, "side": "buy", "size": "9.71993616", "price": "2989.85000000", "time": "2025-07-13T14:10:03.889685Z", "fetched_at": "2025-07-13T14:10:48.848576+00:00", "symbol": "ETH-USD"}, {"trade_id": 666245199, "side": "buy", "size": "8.80471650", "price": "2989.85000000", "time": "2025-07-13T14:10:03.885449Z", "fetched_at": "2025-07-13T14:10:48.848576+00:00", "symbol": "ETH-USD"}, {"trade_id": 666245198, "side": "buy", "size": "0.36988081", "price": "2989.85000000", "time": "2025-07-13T14:10:03.885067Z", "fetched_at": "2025-07-13T14:10:48.848576+00:00", "symbol": "ETH-USD"}, {"trade_id": 666245197, "side": "buy", "size": "1.70131175", "price": "2989.85000000", "time": "2025-07-13T14:10:03.882274Z", "fetched_at": "2025-07-13T14:10:48.848576+00:00", "symbol": "ETH-USD"}, {"trade_id": 666245196, "side": "buy", "size": "0.41736405", "price": "2989.85000000", "time": "2025-07-13T14:10:03.882209Z", "fetched_at": "2025-07-13T14:10:48.848576+00:00", "symbol": "ETH-USD"}, {"trade_id": 666245195, "side": "buy", "size": "8.02947255", "price": "2989.85000000", "time": "2025-07-13T14:10:03.881782Z", "fetched_at": "2025-07-13T14:10:48.848576+00:00", "symbol": "ETH-USD"}, {"trade_id": 666245194, "side": "sell", "size": "0.32498916", "price": "2989.86000000", "time": "2025-07-13T14:10:03.669005Z", "fetched_at": "2025-07-13T14:10:48.848576+00:00", "symbol": "ETH-USD"}, {"trade_id": 666245193, "side": "buy", "size": "0.41422083", "price": "2989.85000000", "time": "2025-07-13T14:10:03.367794Z", "fetched_at": "2025-07-13T14:10:48.848576+00:00", "symbol": "ETH-USD"}, {"trade_id": 666245192, "side": "buy", "size": "0.50589696", "price": "2989.85000000", "time": "2025-07-13T14:10:03.342835Z", "fetched_at": "2025-07-13T14:10:48.848576+00:00", "symbol": "ETH-USD"}, {"trade_id": 666245191, "side": "buy", "size": "0.61106901", "price": "2989.85000000", "time": "2025-07-13T14:10:03.312326Z", "fetched_at": "2025-07-13T14:10:48.848576+00:00", "symbol": "ETH-USD"}, {"trade_id": 666245190, "side": "buy", "size": "0.57646880", "price": "2989.85000000", "time": "2025-07-13T14:10:03.269629Z", "fetched_at": "2025-07-13T14:10:48.848576+00:00", "symbol": "ETH-USD"}, {"trade_id": 666245189, "side": "buy", "size": "2.26750002", "price": "2989.85000000", "time": "2025-07-13T14:10:03.235315Z", "fetched_at": "2025-07-13T14:10:48.848576+00:00", "symbol": "ETH-USD"}, {"trade_id": 666245188, "side": "buy", "size": "0.09651829", "price": "2989.87000000", "time": "2025-07-13T14:10:03.235315Z", "fetched_at": "2025-07-13T14:10:48.848576+00:00", "symbol": "ETH-USD"}, {"trade_id": 666245187, "side": "buy", "size": "0.01013354", "price": "2989.87000000", "time": "2025-07-13T14:10:03.180298Z", "fetched_at": "2025-07-13T14:10:48.848576+00:00", "symbol": "ETH-USD"}, {"trade_id": 666245186, "side": "buy", "size": "0.01521688", "price": "2989.87000000", "time": "2025-07-13T14:10:03.088670Z", "fetched_at": "2025-07-13T14:10:48.848576+00:00", "symbol": "ETH-USD"}, {"trade_id": 666245185, "side": "sell", "size": "0.04387316", "price": "2989.88000000", "time": "2025-07-13T14:10:02.486868Z", "fetched_at": "2025-07-13T14:10:48.848576+00:00", "symbol": "ETH-USD"}, {"trade_id": 666245184, "side": "buy", "size": "0.00183566", "price": "2989.87000000", "time": "2025-07-13T14:10:02.486169Z", "fetched_at": "2025-07-13T14:10:48.848576+00:00", "symbol": "ETH-USD"}, {"trade_id": 666245183, "side": "sell", "size": "0.01559573", "price": "2989.97000000", "time": "2025-07-13T14:10:02.269551Z", "fetched_at": "2025-07-13T14:10:48.848576+00:00", "symbol": "ETH-USD"}, {"trade_id": 666245182, "side": "buy", "size": "0.27979100", "price": "2989.85000000", "time": "2025-07-13T14:10:02.241958Z", "fetched_at": "2025-07-13T14:10:48.848576+00:00", "symbol": "ETH-USD"}, {"trade_id": 666245181, "side": "buy", "size": "4.68946135", "price": "2989.85000000", "time": "2025-07-13T14:10:02.240808Z", "fetched_at": "2025-07-13T14:10:48.848576+00:00", "symbol": "ETH-USD"}, {"trade_id": 666245180, "side": "buy", "size": "0.23797796", "price": "2989.85000000", "time": "2025-07-13T14:10:02.240248Z", "fetched_at": "2025-07-13T14:10:48.848576+00:00", "symbol": "ETH-USD"}, {"trade_id": 666245179, "side": "buy", "size": "2.33334972", "price": "2989.85000000", "time": "2025-07-13T14:10:02.239534Z", "fetched_at": "2025-07-13T14:10:48.848576+00:00", "symbol": "ETH-USD"}, {"trade_id": 666245178, "side": "buy", "size": "0.00141241", "price": "2989.87000000", "time": "2025-07-13T14:10:02.239534Z", "fetched_at": "2025-07-13T14:10:48.848576+00:00", "symbol": "ETH-USD"}, {"trade_id": 666245177, "side": "buy", "size": "0.09496065", "price": "2989.87000000", "time": "2025-07-13T14:10:02.239534Z", "fetched_at": "2025-07-13T14:10:48.848576+00:00", "symbol": "ETH-USD"}, {"trade_id": 666245176, "side": "buy", "size": "0.04488823", "price": "2989.87000000", "time": "2025-07-13T14:10:02.239534Z", "fetched_at": "2025-07-13T14:10:48.848576+00:00", "symbol": "ETH-USD"}, {"trade_id": 666245175, "side": "buy", "size": "0.00034533", "price": "2989.96000000", "time": "2025-07-13T14:10:02.229841Z", "fetched_at": "2025-07-13T14:10:48.848576+00:00", "symbol": "ETH-USD"}, {"trade_id": 666245174, "side": "buy", "size": "0.19999915", "price": "2989.96000000", "time": "2025-07-13T14:10:02.229841Z", "fetched_at": "2025-07-13T14:10:48.848576+00:00", "symbol": "ETH-USD"}, {"trade_id": 666245173, "side": "buy", "size": "0.20005480", "price": "2990.04000000", "time": "2025-07-13T14:10:02.096062Z", "fetched_at": "2025-07-13T14:10:48.848576+00:00", "symbol": "ETH-USD"}, {"trade_id": 666245172, "side": "buy", "size": "0.04350896", "price": "2990.07000000", "time": "2025-07-13T14:10:02.096062Z", "fetched_at": "2025-07-13T14:10:48.848576+00:00", "symbol": "ETH-USD"}, {"trade_id": 666245171, "side": "buy", "size": "0.15204228", "price": "2990.07000000", "time": "2025-07-13T14:10:02.096062Z", "fetched_at": "2025-07-13T14:10:48.848576+00:00", "symbol": "ETH-USD"}, {"trade_id": 666245170, "side": "sell", "size": "0.01585976", "price": "2990.09000000", "time": "2025-07-13T14:10:00.338897Z", "fetched_at": "2025-07-13T14:10:48.848576+00:00", "symbol": "ETH-USD"}, {"trade_id": 666245169, "side": "buy", "size": "0.00129651", "price": "2990.07000000", "time": "2025-07-13T14:09:59.225869Z", "fetched_at": "2025-07-13T14:10:48.848576+00:00", "symbol": "ETH-USD"}, {"trade_id": 666245168, "side": "sell", "size": "0.08276706", "price": "2990.14000000", "time": "2025-07-13T14:09:58.874970Z", "fetched_at": "2025-07-13T14:10:48.848576+00:00", "symbol": "ETH-USD"}, {"trade_id": 666245167, "side": "sell", "size": "0.00013901", "price": "2990.20000000", "time": "2025-07-13T14:09:57.756765Z", "fetched_at": "2025-07-13T14:10:48.848576+00:00", "symbol": "ETH-USD"}, {"trade_id": 666245166, "side": "sell", "size": "0.36983324", "price": "2990.25000000", "time": "2025-07-13T14:09:57.348340Z", "fetched_at": "2025-07-13T14:10:48.848576+00:00", "symbol": "ETH-USD"}, {"trade_id": 666245165, "side": "sell", "size": "0.64441010", "price": "2990.11000000", "time": "2025-07-13T14:09:57.348340Z", "fetched_at": "2025-07-13T14:10:48.848576+00:00", "symbol": "ETH-USD"}, {"trade_id": 666245164, "side": "sell", "size": "0.40002390", "price": "2990.10000000", "time": "2025-07-13T14:09:57.348340Z", "fetched_at": "2025-07-13T14:10:48.848576+00:00", "symbol": "ETH-USD"}, {"trade_id": 666245163, "side": "buy", "size": "0.00612789", "price": "2990.07000000", "time": "2025-07-13T14:09:55.689338Z", "fetched_at": "2025-07-13T14:10:48.848576+00:00", "symbol": "ETH-USD"}, {"trade_id": 666245162, "side": "buy", "size": "0.04052884", "price": "2990.07000000", "time": "2025-07-13T14:09:54.921077Z", "fetched_at": "2025-07-13T14:10:48.848576+00:00", "symbol": "ETH-USD"}, {"trade_id": 666245161, "side": "sell", "size": "0.07276372", "price": "2990.26000000", "time": "2025-07-13T14:09:54.918292Z", "fetched_at": "2025-07-13T14:10:48.848576+00:00", "symbol": "ETH-USD"}, {"trade_id": 666245160, "side": "sell", "size": "0.15000000", "price": "2990.25000000", "time": "2025-07-13T14:09:54.918292Z", "fetched_at": "2025-07-13T14:10:48.848576+00:00", "symbol": "ETH-USD"}, {"trade_id": 666245159, "side": "sell", "size": "0.02804376", "price": "2990.18000000", "time": "2025-07-13T14:09:54.918292Z", "fetched_at": "2025-07-13T14:10:48.848576+00:00", "symbol": "ETH-USD"}, {"trade_id": 666245158, "side": "buy", "size": "0.00000334", "price": "2990.07000000", "time": "2025-07-13T14:09:54.628100Z", "fetched_at": "2025-07-13T14:10:48.848576+00:00", "symbol": "ETH-USD"}, {"trade_id": 666245157, "side": "buy", "size": "0.05030453", "price": "2990.08000000", "time": "2025-07-13T14:09:53.604856Z", "fetched_at": "2025-07-13T14:10:48.848576+00:00", "symbol": "ETH-USD"}, {"trade_id": 666245156, "side": "sell", "size": "0.02600140", "price": "2990.25000000", "time": "2025-07-13T14:09:53.458283Z", "fetched_at": "2025-07-13T14:10:48.848576+00:00", "symbol": "ETH-USD"}, {"trade_id": 666245155, "side": "sell", "size": "0.06230000", "price": "2990.25000000", "time": "2025-07-13T14:09:53.185340Z", "fetched_at": "2025-07-13T14:10:48.848576+00:00", "symbol": "ETH-USD"}, {"trade_id": 666245154, "side": "buy", "size": "0.01827207", "price": "2990.07000000", "time": "2025-07-13T14:09:52.886656Z", "fetched_at": "2025-07-13T14:10:48.848576+00:00", "symbol": "ETH-USD"}, {"trade_id": 666245153, "side": "buy", "size": "0.01772528", "price": "2990.08000000", "time": "2025-07-13T14:09:52.662923Z", "fetched_at": "2025-07-13T14:10:48.848576+00:00", "symbol": "ETH-USD"}, {"trade_id": 666245152, "side": "sell", "size": "0.16553025", "price": "2990.32000000", "time": "2025-07-13T14:09:50.391460Z", "fetched_at": "2025-07-13T14:10:48.848576+00:00", "symbol": "ETH-USD"}, {"trade_id": 666245151, "side": "buy", "size": "0.05871703", "price": "2990.16000000", "time": "2025-07-13T14:09:49.255520Z", "fetched_at": "2025-07-13T14:10:48.848576+00:00", "symbol": "ETH-USD"}, {"trade_id": 666245150, "side": "buy", "size": "0.03128297", "price": "2990.16000000", "time": "2025-07-13T14:09:49.255520Z", "fetched_at": "2025-07-13T14:10:48.848576+00:00", "symbol": "ETH-USD"}, {"trade_id": 666245149, "side": "buy", "size": "0.04000000", "price": "2990.16000000", "time": "2025-07-13T14:09:49.229949Z", "fetched_at": "2025-07-13T14:10:48.848576+00:00", "symbol": "ETH-USD"}, {"trade_id": 666245148, "side": "buy", "size": "0.02885562", "price": "2990.21000000", "time": "2025-07-13T14:09:45.359766Z", "fetched_at": "2025-07-13T14:10:48.848576+00:00", "symbol": "ETH-USD"}, {"trade_id": 666245147, "side": "sell", "size": "0.01585590", "price": "2990.29000000", "time": "2025-07-13T14:09:41.340506Z", "fetched_at": "2025-07-13T14:10:48.848576+00:00", "symbol": "ETH-USD"}, {"trade_id": 666245146, "side": "buy", "size": "0.00425456", "price": "2990.25000000", "time": "2025-07-13T14:09:40.401729Z", "fetched_at": "2025-07-13T14:10:48.848576+00:00", "symbol": "ETH-USD"}, {"trade_id": 666245145, "side": "buy", "size": "0.19840919", "price": "2990.25000000", "time": "2025-07-13T14:09:40.401729Z", "fetched_at": "2025-07-13T14:10:48.848576+00:00", "symbol": "ETH-USD"}, {"trade_id": 666245144, "side": "sell", "size": "0.08785958", "price": "2990.50000000", "time": "2025-07-13T14:09:39.612649Z", "fetched_at": "2025-07-13T14:10:48.848576+00:00", "symbol": "ETH-USD"}, {"trade_id": 666245143, "side": "sell", "size": "0.00100000", "price": "2990.46000000", "time": "2025-07-13T14:09:39.612649Z", "fetched_at": "2025-07-13T14:10:48.848576+00:00", "symbol": "ETH-USD"}, {"trade_id": 666245142, "side": "sell", "size": "0.00016096", "price": "2990.46000000", "time": "2025-07-13T14:09:39.612649Z", "fetched_at": "2025-07-13T14:10:48.848576+00:00", "symbol": "ETH-USD"}, {"trade_id": 666245141, "side": "sell", "size": "0.00003445", "price": "2990.46000000", "time": "2025-07-13T14:09:39.612649Z", "fetched_at": "2025-07-13T14:10:48.848576+00:00", "symbol": "ETH-USD"}, {"trade_id": 666245140, "side": "sell", "size": "0.00011925", "price": "2990.46000000", "time": "2025-07-13T14:09:39.612649Z", "fetched_at": "2025-07-13T14:10:48.848576+00:00", "symbol": "ETH-USD"}, {"trade_id": 666245139, "side": "sell", "size": "0.03489639", "price": "2990.46000000", "time": "2025-07-13T14:09:39.612649Z", "fetched_at": "2025-07-13T14:10:48.848576+00:00", "symbol": "ETH-USD"}, {"trade_id": 666245138, "side": "sell", "size": "0.00010337", "price": "2990.40000000", "time": "2025-07-13T14:09:39.612649Z", "fetched_at": "2025-07-13T14:10:48.848576+00:00", "symbol": "ETH-USD"}, {"trade_id": 666245137, "side": "buy", "size": "0.02602207", "price": "2990.24000000", "time": "2025-07-13T14:09:38.839237Z", "fetched_at": "2025-07-13T14:10:48.848576+00:00", "symbol": "ETH-USD"}, {"trade_id": 666245136, "side": "sell", "size": "0.00612789", "price": "2990.08000000", "time": "2025-07-13T14:09:38.602127Z", "fetched_at": "2025-07-13T14:10:48.848576+00:00", "symbol": "ETH-USD"}, {"trade_id": 666245135, "side": "sell", "size": "0.16248558", "price": "2990.02000000", "time": "2025-07-13T14:09:36.933940Z", "fetched_at": "2025-07-13T14:10:48.848576+00:00", "symbol": "ETH-USD"}, {"trade_id": 666245134, "side": "buy", "size": "0.00100000", "price": "2990.02000000", "time": "2025-07-13T14:09:35.849002Z", "fetched_at": "2025-07-13T14:10:48.848576+00:00", "symbol": "ETH-USD"}, {"trade_id": 666245133, "side": "buy", "size": "0.19998070", "price": "2990.06000000", "time": "2025-07-13T14:09:35.849002Z", "fetched_at": "2025-07-13T14:10:48.848576+00:00", "symbol": "ETH-USD"}, {"trade_id": 666245132, "side": "buy", "size": "0.39947565", "price": "2990.08000000", "time": "2025-07-13T14:09:35.822162Z", "fetched_at": "2025-07-13T14:10:48.848576+00:00", "symbol": "ETH-USD"}, {"trade_id": 666245131, "side": "buy", "size": "0.00033978", "price": "2990.13000000", "time": "2025-07-13T14:09:35.808060Z", "fetched_at": "2025-07-13T14:10:48.848576+00:00", "symbol": "ETH-USD"}, {"trade_id": 666245130, "side": "buy", "size": "0.20007796", "price": "2990.13000000", "time": "2025-07-13T14:09:35.808060Z", "fetched_at": "2025-07-13T14:10:48.848576+00:00", "symbol": "ETH-USD"}, {"trade_id": 666245129, "side": "buy", "size": "0.06652442", "price": "2990.18000000", "time": "2025-07-13T14:09:35.808060Z", "fetched_at": "2025-07-13T14:10:48.848576+00:00", "symbol": "ETH-USD"}, {"trade_id": 666245128, "side": "buy", "size": "0.01908246", "price": "2990.18000000", "time": "2025-07-13T14:09:35.808060Z", "fetched_at": "2025-07-13T14:10:48.848576+00:00", "symbol": "ETH-USD"}, {"trade_id": 666245127, "side": "buy", "size": "0.00144990", "price": "2990.18000000", "time": "2025-07-13T14:09:35.808060Z", "fetched_at": "2025-07-13T14:10:48.848576+00:00", "symbol": "ETH-USD"}, {"trade_id": 666245126, "side": "buy", "size": "3.15825062", "price": "2990.21000000", "time": "2025-07-13T14:09:35.803542Z", "fetched_at": "2025-07-13T14:10:48.848576+00:00", "symbol": "ETH-USD"}, {"trade_id": 666245125, "side": "sell", "size": "0.16721289", "price": "2990.20000000", "time": "2025-07-13T14:09:35.562679Z", "fetched_at": "2025-07-13T14:10:48.848576+00:00", "symbol": "ETH-USD"}, {"trade_id": 666245124, "side": "sell", "size": "0.39453649", "price": "2990.19000000", "time": "2025-07-13T14:09:35.562679Z", "fetched_at": "2025-07-13T14:10:48.848576+00:00", "symbol": "ETH-USD"}, {"trade_id": 666245123, "side": "sell", "size": "0.01585743", "price": "2990.27000000", "time": "2025-07-13T14:09:32.503998Z", "fetched_at": "2025-07-13T14:10:48.848576+00:00", "symbol": "ETH-USD"}, {"trade_id": 666245122, "side": "buy", "size": "0.04198136", "price": "2990.31000000", "time": "2025-07-13T14:09:29.367909Z", "fetched_at": "2025-07-13T14:10:48.848576+00:00", "symbol": "ETH-USD"}, {"trade_id": 666245121, "side": "sell", "size": "0.12587907", "price": "2990.45000000", "time": "2025-07-13T14:09:27.609734Z", "fetched_at": "2025-07-13T14:10:48.848576+00:00", "symbol": "ETH-USD"}, {"trade_id": 666245120, "side": "sell", "size": "0.83630089", "price": "2990.45000000", "time": "2025-07-13T14:09:27.609734Z", "fetched_at": "2025-07-13T14:10:48.848576+00:00", "symbol": "ETH-USD"}, {"trade_id": 666245119, "side": "sell", "size": "0.15000000", "price": "2990.44000000", "time": "2025-07-13T14:09:27.609734Z", "fetched_at": "2025-07-13T14:10:48.848576+00:00", "symbol": "ETH-USD"}, {"trade_id": 666245118, "side": "sell", "size": "0.04480917", "price": "2990.35000000", "time": "2025-07-13T14:09:27.609734Z", "fetched_at": "2025-07-13T14:10:48.848576+00:00", "symbol": "ETH-USD"}, {"trade_id": 666245117, "side": "sell", "size": "0.16720786", "price": "2990.29000000", "time": "2025-07-13T14:09:27.609734Z", "fetched_at": "2025-07-13T14:10:48.848576+00:00", "symbol": "ETH-USD"}, {"trade_id": 666245116, "side": "sell", "size": "0.01624807", "price": "2990.33000000", "time": "2025-07-13T14:09:26.715574Z", "fetched_at": "2025-07-13T14:10:48.848576+00:00", "symbol": "ETH-USD"}, {"trade_id": 666245115, "side": "sell", "size": "0.33307472", "price": "2990.38000000", "time": "2025-07-13T14:09:25.718812Z", "fetched_at": "2025-07-13T14:10:48.848576+00:00", "symbol": "ETH-USD"}, {"trade_id": 666245114, "side": "sell", "size": "0.07520404", "price": "2990.38000000", "time": "2025-07-13T14:09:23.748456Z", "fetched_at": "2025-07-13T14:10:48.848576+00:00", "symbol": "ETH-USD"}, {"trade_id": 666245113, "side": "sell", "size": "0.00013930", "price": "2990.33000000", "time": "2025-07-13T14:09:23.748456Z", "fetched_at": "2025-07-13T14:10:48.848576+00:00", "symbol": "ETH-USD"}, {"trade_id": 666245112, "side": "buy", "size": "0.19999859", "price": "2990.20000000", "time": "2025-07-13T14:09:22.993884Z", "fetched_at": "2025-07-13T14:10:48.848576+00:00", "symbol": "ETH-USD"}, {"trade_id": 666245111, "side": "buy", "size": "0.19997719", "price": "2990.21000000", "time": "2025-07-13T14:09:22.993884Z", "fetched_at": "2025-07-13T14:10:48.848576+00:00", "symbol": "ETH-USD"}, {"trade_id": 666245110, "side": "buy", "size": "0.00000940", "price": "2990.23000000", "time": "2025-07-13T14:09:22.993884Z", "fetched_at": "2025-07-13T14:10:48.848576+00:00", "symbol": "ETH-USD"}, {"trade_id": 666245109, "side": "buy", "size": "0.05028439", "price": "2990.23000000", "time": "2025-07-13T14:09:22.945359Z", "fetched_at": "2025-07-13T14:10:48.848576+00:00", "symbol": "ETH-USD"}, {"trade_id": 666245108, "side": "buy", "size": "0.12966561", "price": "2990.23000000", "time": "2025-07-13T14:09:22.945359Z", "fetched_at": "2025-07-13T14:10:48.848576+00:00", "symbol": "ETH-USD"}, {"trade_id": 666245107, "side": "buy", "size": "0.56334381", "price": "2990.33000000", "time": "2025-07-13T14:09:22.940411Z", "fetched_at": "2025-07-13T14:10:48.848576+00:00", "symbol": "ETH-USD"}, {"trade_id": 666245106, "side": "buy", "size": "0.00073916", "price": "2990.37000000", "time": "2025-07-13T14:09:22.940411Z", "fetched_at": "2025-07-13T14:10:48.848576+00:00", "symbol": "ETH-USD"}, {"trade_id": 666245105, "side": "buy", "size": "0.04889027", "price": "2990.37000000", "time": "2025-07-13T14:09:22.940411Z", "fetched_at": "2025-07-13T14:10:48.848576+00:00", "symbol": "ETH-USD"}, {"trade_id": 666245104, "side": "buy", "size": "0.12998725", "price": "2990.37000000", "time": "2025-07-13T14:09:22.940411Z", "fetched_at": "2025-07-13T14:10:48.848576+00:00", "symbol": "ETH-USD"}, {"trade_id": 666245103, "side": "buy", "size": "0.03217241", "price": "2990.45000000", "time": "2025-07-13T14:09:22.888818Z", "fetched_at": "2025-07-13T14:10:48.848576+00:00", "symbol": "ETH-USD"}, {"trade_id": 666245102, "side": "buy", "size": "0.10009864", "price": "2990.45000000", "time": "2025-07-13T14:09:22.888818Z", "fetched_at": "2025-07-13T14:10:48.848576+00:00", "symbol": "ETH-USD"}, {"trade_id": 666245101, "side": "buy", "size": "0.00084926", "price": "2990.45000000", "time": "2025-07-13T14:09:22.888818Z", "fetched_at": "2025-07-13T14:10:48.848576+00:00", "symbol": "ETH-USD"}, {"trade_id": 666245100, "side": "buy", "size": "0.01608787", "price": "2990.45000000", "time": "2025-07-13T14:09:22.888818Z", "fetched_at": "2025-07-13T14:10:48.848576+00:00", "symbol": "ETH-USD"}, {"trade_id": 666245099, "side": "buy", "size": "0.04182643", "price": "2990.45000000", "time": "2025-07-13T14:09:22.888818Z", "fetched_at": "2025-07-13T14:10:48.848576+00:00", "symbol": "ETH-USD"}, {"trade_id": 666245098, "side": "sell", "size": "0.01685025", "price": "2990.46000000", "time": "2025-07-13T14:09:22.470963Z", "fetched_at": "2025-07-13T14:10:48.848576+00:00", "symbol": "ETH-USD"}, {"trade_id": 666245097, "side": "sell", "size": "0.00265298", "price": "2990.46000000", "time": "2025-07-13T14:09:22.439727Z", "fetched_at": "2025-07-13T14:10:48.848576+00:00", "symbol": "ETH-USD"}, {"trade_id": 666245096, "side": "buy", "size": "0.00271245", "price": "2990.45000000", "time": "2025-07-13T14:09:21.662776Z", "fetched_at": "2025-07-13T14:10:48.848576+00:00", "symbol": "ETH-USD"}, {"trade_id": 666245095, "side": "sell", "size": "0.00680000", "price": "2990.46000000", "time": "2025-07-13T14:09:21.027551Z", "fetched_at": "2025-07-13T14:10:48.848576+00:00", "symbol": "ETH-USD"}, {"trade_id": 666245094, "side": "sell", "size": "0.00567972", "price": "2990.46000000", "time": "2025-07-13T14:09:18.484231Z", "fetched_at": "2025-07-13T14:10:48.848576+00:00", "symbol": "ETH-USD"}, {"trade_id": 666245093, "side": "sell", "size": "0.00006740", "price": "2990.46000000", "time": "2025-07-13T14:09:18.484231Z", "fetched_at": "2025-07-13T14:10:48.848576+00:00", "symbol": "ETH-USD"}, {"trade_id": 666245092, "side": "sell", "size": "0.00048003", "price": "2990.46000000", "time": "2025-07-13T14:09:18.484231Z", "fetched_at": "2025-07-13T14:10:48.848576+00:00", "symbol": "ETH-USD"}, {"trade_id": 666245091, "side": "sell", "size": "0.00011178", "price": "2990.46000000", "time": "2025-07-13T14:09:18.484231Z", "fetched_at": "2025-07-13T14:10:48.848576+00:00", "symbol": "ETH-USD"}, {"trade_id": 666245090, "side": "sell", "size": "0.00006107", "price": "2990.46000000", "time": "2025-07-13T14:09:18.484231Z", "fetched_at": "2025-07-13T14:10:48.848576+00:00", "symbol": "ETH-USD"}, {"trade_id": 666245089, "side": "buy", "size": "0.00969023", "price": "2990.45000000", "time": "2025-07-13T14:09:17.792015Z", "fetched_at": "2025-07-13T14:10:48.848576+00:00", "symbol": "ETH-USD"}, {"trade_id": 666245088, "side": "sell", "size": "0.00055892", "price": "2990.46000000", "time": "2025-07-13T14:09:16.563097Z", "fetched_at": "2025-07-13T14:10:48.848576+00:00", "symbol": "ETH-USD"}, {"trade_id": 666245087, "side": "sell", "size": "0.00010334", "price": "2990.46000000", "time": "2025-07-13T14:09:16.563097Z", "fetched_at": "2025-07-13T14:10:48.848576+00:00", "symbol": "ETH-USD"}, {"trade_id": 666245086, "side": "sell", "size": "0.43335671", "price": "2990.59000000", "time": "2025-07-13T14:09:16.132510Z", "fetched_at": "2025-07-13T14:10:48.848576+00:00", "symbol": "ETH-USD"}, {"trade_id": 666245085, "side": "sell", "size": "0.98213892", "price": "2990.58000000", "time": "2025-07-13T14:09:16.132510Z", "fetched_at": "2025-07-13T14:10:48.848576+00:00", "symbol": "ETH-USD"}, {"trade_id": 666245084, "side": "sell", "size": "0.15000000", "price": "2990.57000000", "time": "2025-07-13T14:09:16.132510Z", "fetched_at": "2025-07-13T14:10:48.848576+00:00", "symbol": "ETH-USD"}, {"trade_id": 666245083, "side": "sell", "size": "0.00024002", "price": "2990.51000000", "time": "2025-07-13T14:09:16.132510Z", "fetched_at": "2025-07-13T14:10:48.848576+00:00", "symbol": "ETH-USD"}, {"trade_id": 666245082, "side": "sell", "size": "0.00031002", "price": "2990.51000000", "time": "2025-07-13T14:09:16.132510Z", "fetched_at": "2025-07-13T14:10:48.848576+00:00", "symbol": "ETH-USD"}, {"trade_id": 666245081, "side": "sell", "size": "0.00005588", "price": "2990.51000000", "time": "2025-07-13T14:09:16.132510Z", "fetched_at": "2025-07-13T14:10:48.848576+00:00", "symbol": "ETH-USD"}, {"trade_id": 666245080, "side": "sell", "size": "0.00010336", "price": "2990.51000000", "time": "2025-07-13T14:09:16.132510Z", "fetched_at": "2025-07-13T14:10:48.848576+00:00", "symbol": "ETH-USD"}, {"trade_id": 666245079, "side": "sell", "size": "0.05912430", "price": "2990.50000000", "time": "2025-07-13T14:09:16.132510Z", "fetched_at": "2025-07-13T14:10:48.848576+00:00", "symbol": "ETH-USD"}, {"trade_id": 666245078, "side": "sell", "size": "0.06820427", "price": "2990.46000000", "time": "2025-07-13T14:09:15.790765Z", "fetched_at": "2025-07-13T14:10:48.848576+00:00", "symbol": "ETH-USD"}, {"trade_id": 666245077, "side": "sell", "size": "0.03553761", "price": "2990.46000000", "time": "2025-07-13T14:09:15.756361Z", "fetched_at": "2025-07-13T14:10:48.848576+00:00", "symbol": "ETH-USD"}, {"trade_id": 666245076, "side": "buy", "size": "0.00709258", "price": "2990.45000000", "time": "2025-07-13T14:09:14.855723Z", "fetched_at": "2025-07-13T14:10:48.848576+00:00", "symbol": "ETH-USD"}, {"trade_id": 666245075, "side": "sell", "size": "0.03172357", "price": "2990.46000000", "time": "2025-07-13T14:09:12.972046Z", "fetched_at": "2025-07-13T14:10:48.848576+00:00", "symbol": "ETH-USD"}, {"trade_id": 666245074, "side": "buy", "size": "0.01016580", "price": "2990.45000000", "time": "2025-07-13T14:09:12.921907Z", "fetched_at": "2025-07-13T14:10:48.848576+00:00", "symbol": "ETH-USD"}, {"trade_id": 666245073, "side": "sell", "size": "0.01625176", "price": "2990.46000000", "time": "2025-07-13T14:09:11.725889Z", "fetched_at": "2025-07-13T14:10:48.848576+00:00", "symbol": "ETH-USD"}, {"trade_id": 666245072, "side": "buy", "size": "0.00000676", "price": "2990.45000000", "time": "2025-07-13T14:09:09.453589Z", "fetched_at": "2025-07-13T14:10:48.848576+00:00", "symbol": "ETH-USD"}, {"trade_id": 666245071, "side": "sell", "size": "0.03081729", "price": "2990.77000000", "time": "2025-07-13T14:09:08.128708Z", "fetched_at": "2025-07-13T14:10:48.848576+00:00", "symbol": "ETH-USD"}, {"trade_id": 666245070, "side": "sell", "size": "0.00100000", "price": "2990.68000000", "time": "2025-07-13T14:09:08.128708Z", "fetched_at": "2025-07-13T14:10:48.848576+00:00", "symbol": "ETH-USD"}, {"trade_id": 666245069, "side": "sell", "size": "0.00010334", "price": "2990.46000000", "time": "2025-07-13T14:09:08.128708Z", "fetched_at": "2025-07-13T14:10:48.848576+00:00", "symbol": "ETH-USD"}, {"trade_id": 666245068, "side": "sell", "size": "0.00031000", "price": "2990.46000000", "time": "2025-07-13T14:09:08.128708Z", "fetched_at": "2025-07-13T14:10:48.848576+00:00", "symbol": "ETH-USD"}, {"trade_id": 666245067, "side": "sell", "size": "0.00024001", "price": "2990.46000000", "time": "2025-07-13T14:09:08.128708Z", "fetched_at": "2025-07-13T14:10:48.848576+00:00", "symbol": "ETH-USD"}, {"trade_id": 666245066, "side": "sell", "size": "0.00003158", "price": "2990.46000000", "time": "2025-07-13T14:09:08.128708Z", "fetched_at": "2025-07-13T14:10:48.848576+00:00", "symbol": "ETH-USD"}, {"trade_id": 666245065, "side": "sell", "size": "0.00002431", "price": "2990.46000000", "time": "2025-07-13T14:09:06.908072Z", "fetched_at": "2025-07-13T14:10:48.848576+00:00", "symbol": "ETH-USD"}, {"trade_id": 666245064, "side": "sell", "size": "0.00100000", "price": "2990.46000000", "time": "2025-07-13T14:09:06.908072Z", "fetched_at": "2025-07-13T14:10:48.848576+00:00", "symbol": "ETH-USD"}, {"trade_id": 666245063, "side": "sell", "size": "0.00487393", "price": "2990.38000000", "time": "2025-07-13T14:09:06.390278Z", "fetched_at": "2025-07-13T14:10:48.848576+00:00", "symbol": "ETH-USD"}, {"trade_id": 666245062, "side": "sell", "size": "0.33111697", "price": "2990.38000000", "time": "2025-07-13T14:09:06.196350Z", "fetched_at": "2025-07-13T14:10:48.848576+00:00", "symbol": "ETH-USD"}, {"trade_id": 666245061, "side": "sell", "size": "0.00099356", "price": "2990.38000000", "time": "2025-07-13T14:09:04.160779Z", "fetched_at": "2025-07-13T14:10:48.848576+00:00", "symbol": "ETH-USD"}, {"trade_id": 666245060, "side": "sell", "size": "0.00827770", "price": "2990.45000000", "time": "2025-07-13T14:09:03.741014Z", "fetched_at": "2025-07-13T14:10:48.848576+00:00", "symbol": "ETH-USD"}, {"trade_id": 666245059, "side": "buy", "size": "0.03080825", "price": "2990.30000000", "time": "2025-07-13T14:09:02.816836Z", "fetched_at": "2025-07-13T14:10:48.848576+00:00", "symbol": "ETH-USD"}, {"trade_id": 666245058, "side": "buy", "size": "0.77500463", "price": "2990.31000000", "time": "2025-07-13T14:09:02.816836Z", "fetched_at": "2025-07-13T14:10:48.848576+00:00", "symbol": "ETH-USD"}, {"trade_id": 666245057, "side": "buy", "size": "0.00331712", "price": "2990.32000000", "time": "2025-07-13T14:09:02.816836Z", "fetched_at": "2025-07-13T14:10:48.848576+00:00", "symbol": "ETH-USD"}, {"trade_id": 666245056, "side": "buy", "size": "0.45900000", "price": "2990.45000000", "time": "2025-07-13T14:09:02.816836Z", "fetched_at": "2025-07-13T14:10:48.848576+00:00", "symbol": "ETH-USD"}, {"trade_id": 666245055, "side": "buy", "size": "0.15000000", "price": "2990.45000000", "time": "2025-07-13T14:09:02.816836Z", "fetched_at": "2025-07-13T14:10:48.848576+00:00", "symbol": "ETH-USD"}, {"trade_id": 666245054, "side": "buy", "size": "0.08187000", "price": "2990.45000000", "time": "2025-07-13T14:09:02.816836Z", "fetched_at": "2025-07-13T14:10:48.848576+00:00", "symbol": "ETH-USD"}, {"trade_id": 666245053, "side": "sell", "size": "0.16000000", "price": "2990.43000000", "time": "2025-07-13T14:09:02.154688Z", "fetched_at": "2025-07-13T14:10:48.848576+00:00", "symbol": "ETH-USD"}, {"trade_id": 666245052, "side": "sell", "size": "0.57471832", "price": "2990.45000000", "time": "2025-07-13T14:09:01.936751Z", "fetched_at": "2025-07-13T14:10:48.848576+00:00", "symbol": "ETH-USD"}, {"trade_id": 666245051, "side": "sell", "size": "0.08571503", "price": "2990.44000000", "time": "2025-07-13T14:09:01.936751Z", "fetched_at": "2025-07-13T14:10:48.848576+00:00", "symbol": "ETH-USD"}, {"trade_id": 666245050, "side": "sell", "size": "0.00100000", "price": "2990.24000000", "time": "2025-07-13T14:09:01.936751Z", "fetched_at": "2025-07-13T14:10:48.848576+00:00", "symbol": "ETH-USD"}, {"trade_id": 666245049, "side": "sell", "size": "0.00005589", "price": "2990.09000000", "time": "2025-07-13T14:09:01.936751Z", "fetched_at": "2025-07-13T14:10:48.848576+00:00", "symbol": "ETH-USD"}, {"trade_id": 666245048, "side": "sell", "size": "0.00024001", "price": "2990.07000000", "time": "2025-07-13T14:09:01.936751Z", "fetched_at": "2025-07-13T14:10:48.848576+00:00", "symbol": "ETH-USD"}, {"trade_id": 666245047, "side": "sell", "size": "0.00031001", "price": "2990.07000000", "time": "2025-07-13T14:09:01.936751Z", "fetched_at": "2025-07-13T14:10:48.848576+00:00", "symbol": "ETH-USD"}, {"trade_id": 666245046, "side": "sell", "size": "0.00013987", "price": "2989.87000000", "time": "2025-07-13T14:09:01.936751Z", "fetched_at": "2025-07-13T14:10:48.848576+00:00", "symbol": "ETH-USD"}, {"trade_id": 666245045, "side": "sell", "size": "0.01701000", "price": "2989.86000000", "time": "2025-07-13T14:09:01.685408Z", "fetched_at": "2025-07-13T14:10:48.848576+00:00", "symbol": "ETH-USD"}, {"trade_id": 666245044, "side": "sell", "size": "0.08125967", "price": "2989.85000000", "time": "2025-07-13T14:08:59.730936Z", "fetched_at": "2025-07-13T14:10:48.848576+00:00", "symbol": "ETH-USD"}, {"trade_id": 666245043, "side": "buy", "size": "0.10034284", "price": "2989.61000000", "time": "2025-07-13T14:08:59.723605Z", "fetched_at": "2025-07-13T14:10:48.848576+00:00", "symbol": "ETH-USD"}, {"trade_id": 666245042, "side": "buy", "size": "0.07430582", "price": "2989.54000000", "time": "2025-07-13T14:08:58.972302Z", "fetched_at": "2025-07-13T14:10:48.848576+00:00", "symbol": "ETH-USD"}, {"trade_id": 666245041, "side": "buy", "size": "0.18704647", "price": "2989.55000000", "time": "2025-07-13T14:08:58.972302Z", "fetched_at": "2025-07-13T14:10:48.848576+00:00", "symbol": "ETH-USD"}, {"trade_id": 666245040, "side": "buy", "size": "0.00331796", "price": "2989.56000000", "time": "2025-07-13T14:08:58.972302Z", "fetched_at": "2025-07-13T14:10:48.848576+00:00", "symbol": "ETH-USD"}, {"trade_id": 666245039, "side": "buy", "size": "0.01609261", "price": "2989.57000000", "time": "2025-07-13T14:08:58.972302Z", "fetched_at": "2025-07-13T14:10:48.848576+00:00", "symbol": "ETH-USD"}, {"trade_id": 666245038, "side": "buy", "size": "0.04290918", "price": "2989.57000000", "time": "2025-07-13T14:08:58.972302Z", "fetched_at": "2025-07-13T14:10:48.848576+00:00", "symbol": "ETH-USD"}, {"trade_id": 666245037, "side": "buy", "size": "0.01609170", "price": "2989.74000000", "time": "2025-07-13T14:08:58.972302Z", "fetched_at": "2025-07-13T14:10:48.848576+00:00", "symbol": "ETH-USD"}, {"trade_id": 666245036, "side": "buy", "size": "0.04290674", "price": "2989.74000000", "time": "2025-07-13T14:08:58.972302Z", "fetched_at": "2025-07-13T14:10:48.848576+00:00", "symbol": "ETH-USD"}, {"trade_id": 666245035, "side": "buy", "size": "0.00016494", "price": "2989.77000000", "time": "2025-07-13T14:08:58.972302Z", "fetched_at": "2025-07-13T14:10:48.848576+00:00", "symbol": "ETH-USD"}, {"trade_id": 666245034, "side": "sell", "size": "0.00660918", "price": "2989.78000000", "time": "2025-07-13T14:08:57.974289Z", "fetched_at": "2025-07-13T14:10:48.848576+00:00", "symbol": "ETH-USD"}, {"trade_id": 666245033, "side": "sell", "size": "0.02803502", "price": "2989.78000000", "time": "2025-07-13T14:08:57.778893Z", "fetched_at": "2025-07-13T14:10:48.848576+00:00", "symbol": "ETH-USD"}, {"trade_id": 666245032, "side": "sell", "size": "0.13350469", "price": "2989.78000000", "time": "2025-07-13T14:08:57.778893Z", "fetched_at": "2025-07-13T14:10:48.848576+00:00", "symbol": "ETH-USD"}, {"trade_id": 666245031, "side": "buy", "size": "0.16537879", "price": "2989.76000000", "time": "2025-07-13T14:08:56.630872Z", "fetched_at": "2025-07-13T14:10:48.848576+00:00", "symbol": "ETH-USD"}, {"trade_id": 666245030, "side": "buy", "size": "0.00188322", "price": "2989.81000000", "time": "2025-07-13T14:08:56.630872Z", "fetched_at": "2025-07-13T14:10:48.848576+00:00", "symbol": "ETH-USD"}, {"trade_id": 666245029, "side": "sell", "size": "0.01625459", "price": "2990.07000000", "time": "2025-07-13T14:08:56.040072Z", "fetched_at": "2025-07-13T14:10:48.848576+00:00", "symbol": "ETH-USD"}, {"trade_id": 666245028, "side": "sell", "size": "0.00060800", "price": "2990.09000000", "time": "2025-07-13T14:08:55.566941Z", "fetched_at": "2025-07-13T14:10:48.848576+00:00", "symbol": "ETH-USD"}, {"trade_id": 666245027, "side": "buy", "size": "0.06422074", "price": "2989.80000000", "time": "2025-07-13T14:08:55.200556Z", "fetched_at": "2025-07-13T14:10:48.848576+00:00", "symbol": "ETH-USD"}, {"trade_id": 666245026, "side": "buy", "size": "0.00267448", "price": "2989.87000000", "time": "2025-07-13T14:08:55.200556Z", "fetched_at": "2025-07-13T14:10:48.848576+00:00", "symbol": "ETH-USD"}, {"trade_id": 666245025, "side": "sell", "size": "0.18368823", "price": "2990.21000000", "time": "2025-07-13T14:08:54.408285Z", "fetched_at": "2025-07-13T14:10:48.848576+00:00", "symbol": "ETH-USD"}, {"trade_id": 666245024, "side": "sell", "size": "0.04299794", "price": "2990.20000000", "time": "2025-07-13T14:08:54.408285Z", "fetched_at": "2025-07-13T14:10:48.848576+00:00", "symbol": "ETH-USD"}, {"trade_id": 666245023, "side": "sell", "size": "0.00100000", "price": "2990.02000000", "time": "2025-07-13T14:08:54.408285Z", "fetched_at": "2025-07-13T14:10:48.848576+00:00", "symbol": "ETH-USD"}, {"trade_id": 666245022, "side": "sell", "size": "0.00100000", "price": "2989.80000000", "time": "2025-07-13T14:08:54.408285Z", "fetched_at": "2025-07-13T14:10:48.848576+00:00", "symbol": "ETH-USD"}, {"trade_id": 666245021, "side": "sell", "size": "0.00006683", "price": "2989.75000000", "time": "2025-07-13T14:08:54.408285Z", "fetched_at": "2025-07-13T14:10:48.848576+00:00", "symbol": "ETH-USD"}, {"trade_id": 666245020, "side": "sell", "size": "0.16116102", "price": "2989.75000000", "time": "2025-07-13T14:08:54.408285Z", "fetched_at": "2025-07-13T14:10:48.848576+00:00", "symbol": "ETH-USD"}, {"trade_id": 666245019, "side": "sell", "size": "0.00570000", "price": "2989.75000000", "time": "2025-07-13T14:08:54.114969Z", "fetched_at": "2025-07-13T14:10:48.848576+00:00", "symbol": "ETH-USD"}, {"trade_id": 666245018, "side": "sell", "size": "0.03313198", "price": "2989.75000000", "time": "2025-07-13T14:08:53.249703Z", "fetched_at": "2025-07-13T14:10:48.848576+00:00", "symbol": "ETH-USD"}, {"trade_id": 666245017, "side": "sell", "size": "0.00031640", "price": "2989.58000000", "time": "2025-07-13T14:08:51.522979Z", "fetched_at": "2025-07-13T14:10:48.848576+00:00", "symbol": "ETH-USD"}, {"trade_id": 666245016, "side": "sell", "size": "0.00040178", "price": "2989.58000000", "time": "2025-07-13T14:08:51.522979Z", "fetched_at": "2025-07-13T14:10:48.848576+00:00", "symbol": "ETH-USD"}, {"trade_id": 666245015, "side": "sell", "size": "0.00006700", "price": "2989.58000000", "time": "2025-07-13T14:08:51.522979Z", "fetched_at": "2025-07-13T14:10:48.848576+00:00", "symbol": "ETH-USD"}, {"trade_id": 666245014, "side": "sell", "size": "0.00010336", "price": "2989.58000000", "time": "2025-07-13T14:08:51.522979Z", "fetched_at": "2025-07-13T14:10:48.848576+00:00", "symbol": "ETH-USD"}, {"trade_id": 666245013, "side": "sell", "size": "0.00000630", "price": "2989.58000000", "time": "2025-07-13T14:08:51.522979Z", "fetched_at": "2025-07-13T14:10:48.848576+00:00", "symbol": "ETH-USD"}, {"trade_id": 666245012, "side": "buy", "size": "0.00668906", "price": "2989.57000000", "time": "2025-07-13T14:08:51.229062Z", "fetched_at": "2025-07-13T14:10:48.848576+00:00", "symbol": "ETH-USD"}, {"trade_id": 666245011, "side": "sell", "size": "0.00099370", "price": "2989.58000000", "time": "2025-07-13T14:08:50.156677Z", "fetched_at": "2025-07-13T14:10:48.848576+00:00", "symbol": "ETH-USD"}, {"trade_id": 666245010, "side": "sell", "size": "0.00100000", "price": "2989.36000000", "time": "2025-07-13T14:08:49.871943Z", "fetched_at": "2025-07-13T14:10:48.848576+00:00", "symbol": "ETH-USD"}, {"trade_id": 666245009, "side": "sell", "size": "0.00039869", "price": "2989.26000000", "time": "2025-07-13T14:08:49.300132Z", "fetched_at": "2025-07-13T14:10:48.848576+00:00", "symbol": "ETH-USD"}, {"trade_id": 666245008, "side": "sell", "size": "0.00030867", "price": "2989.26000000", "time": "2025-07-13T14:08:49.300132Z", "fetched_at": "2025-07-13T14:10:48.848576+00:00", "symbol": "ETH-USD"}, {"trade_id": 666245007, "side": "sell", "size": "0.00007188", "price": "2989.26000000", "time": "2025-07-13T14:08:49.300132Z", "fetched_at": "2025-07-13T14:10:48.848576+00:00", "symbol": "ETH-USD"}, {"trade_id": 666245006, "side": "sell", "size": "0.00010996", "price": "2989.26000000", "time": "2025-07-13T14:08:49.300132Z", "fetched_at": "2025-07-13T14:10:48.848576+00:00", "symbol": "ETH-USD"}, {"trade_id": 666245005, "side": "sell", "size": "0.05271291", "price": "2989.26000000", "time": "2025-07-13T14:08:49.300132Z", "fetched_at": "2025-07-13T14:10:48.848576+00:00", "symbol": "ETH-USD"}, {"trade_id": 666245004, "side": "sell", "size": "0.01701000", "price": "2989.26000000", "time": "2025-07-13T14:08:49.288450Z", "fetched_at": "2025-07-13T14:10:48.848576+00:00", "symbol": "ETH-USD"}, {"trade_id": 666245003, "side": "buy", "size": "0.01651162", "price": "2989.25000000", "time": "2025-07-13T14:08:48.754247Z", "fetched_at": "2025-07-13T14:10:48.848576+00:00", "symbol": "ETH-USD"}, {"trade_id": 666245002, "side": "sell", "size": "0.06625065", "price": "2989.26000000", "time": "2025-07-13T14:08:48.437034Z", "fetched_at": "2025-07-13T14:10:48.848576+00:00", "symbol": "ETH-USD"}, {"trade_id": 666245001, "side": "sell", "size": "0.00968971", "price": "2989.26000000", "time": "2025-07-13T14:08:47.363522Z", "fetched_at": "2025-07-13T14:10:48.848576+00:00", "symbol": "ETH-USD"}, {"trade_id": 666245000, "side": "buy", "size": "0.10711355", "price": "2989.09000000", "time": "2025-07-13T14:08:46.995209Z", "fetched_at": "2025-07-13T14:10:48.848576+00:00", "symbol": "ETH-USD"}, {"trade_id": 666244999, "side": "buy", "size": "0.16726760", "price": "2989.22000000", "time": "2025-07-13T14:08:46.995209Z", "fetched_at": "2025-07-13T14:10:48.848576+00:00", "symbol": "ETH-USD"}, {"trade_id": 666244998, "side": "buy", "size": "0.12754525", "price": "2989.25000000", "time": "2025-07-13T14:08:46.995209Z", "fetched_at": "2025-07-13T14:10:48.848576+00:00", "symbol": "ETH-USD"}, {"trade_id": 666244997, "side": "buy", "size": "0.31888623", "price": "2989.25000000", "time": "2025-07-13T14:08:46.995209Z", "fetched_at": "2025-07-13T14:10:48.848576+00:00", "symbol": "ETH-USD"}, {"trade_id": 666244996, "side": "buy", "size": "0.32749830", "price": "2989.25000000", "time": "2025-07-13T14:08:46.995209Z", "fetched_at": "2025-07-13T14:10:48.848576+00:00", "symbol": "ETH-USD"}, {"trade_id": 666244995, "side": "buy", "size": "0.62741730", "price": "2989.25000000", "time": "2025-07-13T14:08:46.995209Z", "fetched_at": "2025-07-13T14:10:48.848576+00:00", "symbol": "ETH-USD"}, {"trade_id": 666244994, "side": "buy", "size": "0.72365879", "price": "2989.25000000", "time": "2025-07-13T14:08:46.995209Z", "fetched_at": "2025-07-13T14:10:48.848576+00:00", "symbol": "ETH-USD"}, {"trade_id": 666244993, "side": "sell", "size": "0.00066250", "price": "2989.26000000", "time": "2025-07-13T14:08:46.465207Z", "fetched_at": "2025-07-13T14:10:48.848576+00:00", "symbol": "ETH-USD"}, {"trade_id": 666244992, "side": "buy", "size": "0.05178121", "price": "2989.25000000", "time": "2025-07-13T14:08:46.202317Z", "fetched_at": "2025-07-13T14:10:48.848576+00:00", "symbol": "ETH-USD"}, {"trade_id": 666244991, "side": "buy", "size": "0.45900000", "price": "2989.25000000", "time": "2025-07-13T14:08:46.202317Z", "fetched_at": "2025-07-13T14:10:48.848576+00:00", "symbol": "ETH-USD"}, {"trade_id": 666244990, "side": "buy", "size": "0.44832112", "price": "2989.25000000", "time": "2025-07-13T14:08:46.202317Z", "fetched_at": "2025-07-13T14:10:48.848576+00:00", "symbol": "ETH-USD"}, {"trade_id": 666244989, "side": "buy", "size": "0.04750747", "price": "2989.25000000", "time": "2025-07-13T14:08:46.202317Z", "fetched_at": "2025-07-13T14:10:48.848576+00:00", "symbol": "ETH-USD"}, {"trade_id": 666244988, "side": "sell", "size": "0.00035260", "price": "2989.26000000", "time": "2025-07-13T14:08:44.802694Z", "fetched_at": "2025-07-13T14:10:48.848576+00:00", "symbol": "ETH-USD"}, {"trade_id": 666244987, "side": "buy", "size": "0.39107307", "price": "2989.25000000", "time": "2025-07-13T14:08:44.105977Z", "fetched_at": "2025-07-13T14:10:48.848576+00:00", "symbol": "ETH-USD"}, {"trade_id": 666244986, "side": "sell", "size": "0.00100000", "price": "2989.26000000", "time": "2025-07-13T14:08:42.765253Z", "fetched_at": "2025-07-13T14:10:48.848576+00:00", "symbol": "ETH-USD"}, {"trade_id": 666244985, "side": "sell", "size": "0.00100000", "price": "2989.14000000", "time": "2025-07-13T14:08:42.618551Z", "fetched_at": "2025-07-13T14:10:48.848576+00:00", "symbol": "ETH-USD"}, {"trade_id": 666244984, "side": "sell", "size": "0.05231760", "price": "2989.26000000", "time": "2025-07-13T14:08:40.074702Z", "fetched_at": "2025-07-13T14:10:48.848576+00:00", "symbol": "ETH-USD"}, {"trade_id": 666244983, "side": "sell", "size": "0.00100000", "price": "2989.14000000", "time": "2025-07-13T14:08:40.074702Z", "fetched_at": "2025-07-13T14:10:48.848576+00:00", "symbol": "ETH-USD"}, {"trade_id": 666244982, "side": "sell", "size": "0.00100000", "price": "2988.92000000", "time": "2025-07-13T14:08:40.074702Z", "fetched_at": "2025-07-13T14:10:48.848576+00:00", "symbol": "ETH-USD"}, {"trade_id": 666244981, "side": "sell", "size": "0.00009505", "price": "2988.69000000", "time": "2025-07-13T14:08:40.074702Z", "fetched_at": "2025-07-13T14:10:48.848576+00:00", "symbol": "ETH-USD"}, {"trade_id": 666244980, "side": "sell", "size": "0.00012958", "price": "2988.69000000", "time": "2025-07-13T14:08:40.074702Z", "fetched_at": "2025-07-13T14:10:48.848576+00:00", "symbol": "ETH-USD"}, {"trade_id": 666244979, "side": "sell", "size": "0.00002879", "price": "2988.69000000", "time": "2025-07-13T14:08:40.074702Z", "fetched_at": "2025-07-13T14:10:48.848576+00:00", "symbol": "ETH-USD"}, {"trade_id": 666244978, "side": "sell", "size": "0.00009674", "price": "2988.69000000", "time": "2025-07-13T14:08:40.074702Z", "fetched_at": "2025-07-13T14:10:48.848576+00:00", "symbol": "ETH-USD"}, {"trade_id": 666244977, "side": "buy", "size": "0.11017963", "price": "2988.68000000", "time": "2025-07-13T14:08:39.393584Z", "fetched_at": "2025-07-13T14:10:48.848576+00:00", "symbol": "ETH-USD"}, {"trade_id": 666244976, "side": "sell", "size": "0.03420200", "price": "2988.69000000", "time": "2025-07-13T14:08:37.978803Z", "fetched_at": "2025-07-13T14:10:48.848576+00:00", "symbol": "ETH-USD"}, {"trade_id": 666244975, "side": "sell", "size": "0.00031001", "price": "2988.69000000", "time": "2025-07-13T14:08:37.978803Z", "fetched_at": "2025-07-13T14:10:48.848576+00:00", "symbol": "ETH-USD"}, {"trade_id": 666244974, "side": "sell", "size": "0.00024001", "price": "2988.69000000", "time": "2025-07-13T14:08:37.978803Z", "fetched_at": "2025-07-13T14:10:48.848576+00:00", "symbol": "ETH-USD"}, {"trade_id": 666244973, "side": "sell", "size": "0.00010335", "price": "2988.69000000", "time": "2025-07-13T14:08:37.978803Z", "fetched_at": "2025-07-13T14:10:48.848576+00:00", "symbol": "ETH-USD"}, {"trade_id": 666244972, "side": "sell", "size": "0.00005588", "price": "2988.69000000", "time": "2025-07-13T14:08:37.978803Z", "fetched_at": "2025-07-13T14:10:48.848576+00:00", "symbol": "ETH-USD"}, {"trade_id": 666244971, "side": "sell", "size": "0.00066264", "price": "2988.68000000", "time": "2025-07-13T14:08:36.580553Z", "fetched_at": "2025-07-13T14:10:48.848576+00:00", "symbol": "ETH-USD"}, {"trade_id": 666244970, "side": "sell", "size": "0.06910737", "price": "2988.83000000", "time": "2025-07-13T14:08:36.336850Z", "fetched_at": "2025-07-13T14:10:48.848576+00:00", "symbol": "ETH-USD"}, {"trade_id": 666244969, "side": "sell", "size": "0.00100000", "price": "2988.70000000", "time": "2025-07-13T14:08:36.336850Z", "fetched_at": "2025-07-13T14:10:48.848576+00:00", "symbol": "ETH-USD"}, {"trade_id": 666244968, "side": "sell", "size": "0.00340997", "price": "2988.69000000", "time": "2025-07-13T14:08:36.336850Z", "fetched_at": "2025-07-13T14:10:48.848576+00:00", "symbol": "ETH-USD"}, {"trade_id": 666244967, "side": "sell", "size": "0.00264020", "price": "2988.69000000", "time": "2025-07-13T14:08:36.336850Z", "fetched_at": "2025-07-13T14:10:48.848576+00:00", "symbol": "ETH-USD"}, {"trade_id": 666244966, "side": "sell", "size": "0.00005590", "price": "2988.69000000", "time": "2025-07-13T14:08:36.336850Z", "fetched_at": "2025-07-13T14:10:48.848576+00:00", "symbol": "ETH-USD"}, {"trade_id": 666244965, "side": "sell", "size": "0.00020668", "price": "2988.69000000", "time": "2025-07-13T14:08:36.336850Z", "fetched_at": "2025-07-13T14:10:48.848576+00:00", "symbol": "ETH-USD"}, {"trade_id": 666244964, "side": "sell", "size": "0.08000000", "price": "2988.67000000", "time": "2025-07-13T14:08:36.279027Z", "fetched_at": "2025-07-13T14:10:48.848576+00:00", "symbol": "ETH-USD"}, {"trade_id": 666244963, "side": "buy", "size": "0.01859793", "price": "2988.31000000", "time": "2025-07-13T14:08:35.346096Z", "fetched_at": "2025-07-13T14:10:48.848576+00:00", "symbol": "ETH-USD"}, {"trade_id": 666244962, "side": "buy", "size": "0.00658740", "price": "2988.37000000", "time": "2025-07-13T14:08:35.173698Z", "fetched_at": "2025-07-13T14:10:48.848576+00:00", "symbol": "ETH-USD"}, {"trade_id": 666244961, "side": "sell", "size": "0.14368494", "price": "2988.64000000", "time": "2025-07-13T14:08:34.982949Z", "fetched_at": "2025-07-13T14:10:48.848576+00:00", "symbol": "ETH-USD"}, {"trade_id": 666244960, "side": "sell", "size": "0.38016742", "price": "2988.64000000", "time": "2025-07-13T14:08:34.982949Z", "fetched_at": "2025-07-13T14:10:48.848576+00:00", "symbol": "ETH-USD"}, {"trade_id": 666244959, "side": "sell", "size": "0.10976000", "price": "2988.56000000", "time": "2025-07-13T14:08:34.982949Z", "fetched_at": "2025-07-13T14:10:48.848576+00:00", "symbol": "ETH-USD"}, {"trade_id": 666244958, "side": "buy", "size": "0.56274364", "price": "2988.37000000", "time": "2025-07-13T14:08:34.857737Z", "fetched_at": "2025-07-13T14:10:48.848576+00:00", "symbol": "ETH-USD"}, {"trade_id": 666244957, "side": "buy", "size": "0.15000000", "price": "2988.38000000", "time": "2025-07-13T14:08:34.857737Z", "fetched_at": "2025-07-13T14:10:48.848576+00:00", "symbol": "ETH-USD"}, {"trade_id": 666244956, "side": "buy", "size": "0.09249777", "price": "2988.40000000", "time": "2025-07-13T14:08:34.857737Z", "fetched_at": "2025-07-13T14:10:48.848576+00:00", "symbol": "ETH-USD"}, {"trade_id": 666244955, "side": "sell", "size": "0.00323013", "price": "2988.69000000", "time": "2025-07-13T14:08:34.387573Z", "fetched_at": "2025-07-13T14:10:48.848576+00:00", "symbol": "ETH-USD"}, {"trade_id": 666244954, "side": "buy", "size": "0.00109471", "price": "2988.48000000", "time": "2025-07-13T14:08:34.346803Z", "fetched_at": "2025-07-13T14:10:48.848576+00:00", "symbol": "ETH-USD"}, {"trade_id": 666244953, "side": "buy", "size": "0.01701000", "price": "2988.66000000", "time": "2025-07-13T14:08:32.634527Z", "fetched_at": "2025-07-13T14:10:48.848576+00:00", "symbol": "ETH-USD"}, {"trade_id": 666244952, "side": "sell", "size": "0.24527214", "price": "2988.94000000", "time": "2025-07-13T14:08:31.933283Z", "fetched_at": "2025-07-13T14:10:48.848576+00:00", "symbol": "ETH-USD"}, {"trade_id": 666244951, "side": "sell", "size": "0.00100000", "price": "2988.92000000", "time": "2025-07-13T14:08:31.933283Z", "fetched_at": "2025-07-13T14:10:48.848576+00:00", "symbol": "ETH-USD"}, {"trade_id": 666244950, "side": "sell", "size": "1.26062709", "price": "2988.90000000", "time": "2025-07-13T14:08:31.933283Z", "fetched_at": "2025-07-13T14:10:48.848576+00:00", "symbol": "ETH-USD"}, {"trade_id": 666244949, "side": "sell", "size": "0.00030999", "price": "2988.90000000", "time": "2025-07-13T14:08:31.933283Z", "fetched_at": "2025-07-13T14:10:48.848576+00:00", "symbol": "ETH-USD"}, {"trade_id": 666244948, "side": "sell", "size": "0.00024001", "price": "2988.90000000", "time": "2025-07-13T14:08:31.933283Z", "fetched_at": "2025-07-13T14:10:48.848576+00:00", "symbol": "ETH-USD"}, {"trade_id": 666244947, "side": "sell", "size": "1.37100794", "price": "2988.80000000", "time": "2025-07-13T14:08:31.933283Z", "fetched_at": "2025-07-13T14:10:48.848576+00:00", "symbol": "ETH-USD"}, {"trade_id": 666244946, "side": "sell", "size": "1.57931102", "price": "2988.79000000", "time": "2025-07-13T14:08:31.933283Z", "fetched_at": "2025-07-13T14:10:48.848576+00:00", "symbol": "ETH-USD"}, {"trade_id": 666244945, "side": "sell", "size": "0.34010717", "price": "2988.77000000", "time": "2025-07-13T14:08:31.933283Z", "fetched_at": "2025-07-13T14:10:48.848576+00:00", "symbol": "ETH-USD"}, {"trade_id": 666244944, "side": "sell", "size": "1.26536343", "price": "2988.72000000", "time": "2025-07-13T14:08:31.933283Z", "fetched_at": "2025-07-13T14:10:48.848576+00:00", "symbol": "ETH-USD"}, {"trade_id": 666244943, "side": "sell", "size": "0.00100000", "price": "2988.70000000", "time": "2025-07-13T14:08:31.933283Z", "fetched_at": "2025-07-13T14:10:48.848576+00:00", "symbol": "ETH-USD"}, {"trade_id": 666244942, "side": "sell", "size": "0.43154000", "price": "2988.67000000", "time": "2025-07-13T14:08:31.933283Z", "fetched_at": "2025-07-13T14:10:48.848576+00:00", "symbol": "ETH-USD"}, {"trade_id": 666244941, "side": "sell", "size": "0.43030000", "price": "2988.67000000", "time": "2025-07-13T14:08:31.933283Z", "fetched_at": "2025-07-13T14:10:48.848576+00:00", "symbol": "ETH-USD"}, {"trade_id": 666244940, "side": "sell", "size": "0.00010335", "price": "2988.66000000", "time": "2025-07-13T14:08:31.933283Z", "fetched_at": "2025-07-13T14:10:48.848576+00:00", "symbol": "ETH-USD"}, {"trade_id": 666244939, "side": "sell", "size": "2.12388026", "price": "2988.65000000", "time": "2025-07-13T14:08:31.933283Z", "fetched_at": "2025-07-13T14:10:48.848576+00:00", "symbol": "ETH-USD"}, {"trade_id": 666244938, "side": "sell", "size": "2.55131222", "price": "2988.64000000", "time": "2025-07-13T14:08:31.933283Z", "fetched_at": "2025-07-13T14:10:48.848576+00:00", "symbol": "ETH-USD"}, {"trade_id": 666244937, "side": "sell", "size": "0.00812666", "price": "2988.62000000", "time": "2025-07-13T14:08:31.933283Z", "fetched_at": "2025-07-13T14:10:48.848576+00:00", "symbol": "ETH-USD"}, {"trade_id": 666244936, "side": "sell", "size": "0.45900000", "price": "2988.57000000", "time": "2025-07-13T14:08:31.933283Z", "fetched_at": "2025-07-13T14:10:48.848576+00:00", "symbol": "ETH-USD"}, {"trade_id": 666244935, "side": "sell", "size": "0.12472134", "price": "2988.56000000", "time": "2025-07-13T14:08:31.933283Z", "fetched_at": "2025-07-13T14:10:48.848576+00:00", "symbol": "ETH-USD"}, {"trade_id": 666244934, "side": "sell", "size": "0.83654260", "price": "2988.50000000", "time": "2025-07-13T14:08:31.933283Z", "fetched_at": "2025-07-13T14:10:48.848576+00:00", "symbol": "ETH-USD"}, {"trade_id": 666244933, "side": "sell", "size": "0.96394293", "price": "2988.49000000", "time": "2025-07-13T14:08:31.933283Z", "fetched_at": "2025-07-13T14:10:48.848576+00:00", "symbol": "ETH-USD"}, {"trade_id": 666244932, "side": "sell", "size": "1.30808731", "price": "2988.45000000", "time": "2025-07-13T14:08:31.933283Z", "fetched_at": "2025-07-13T14:10:48.848576+00:00", "symbol": "ETH-USD"}, {"trade_id": 666244931, "side": "sell", "size": "0.40000000", "price": "2988.43000000", "time": "2025-07-13T14:08:31.933283Z", "fetched_at": "2025-07-13T14:10:48.848576+00:00", "symbol": "ETH-USD"}, {"trade_id": 666244930, "side": "sell", "size": "0.80000000", "price": "2988.43000000", "time": "2025-07-13T14:08:31.933283Z", "fetched_at": "2025-07-13T14:10:48.848576+00:00", "symbol": "ETH-USD"}, {"trade_id": 666244929, "side": "sell", "size": "0.80909999", "price": "2988.42000000", "time": "2025-07-13T14:08:31.933283Z", "fetched_at": "2025-07-13T14:10:48.848576+00:00", "symbol": "ETH-USD"}, {"trade_id": 666244928, "side": "sell", "size": "0.64728315", "price": "2988.38000000", "time": "2025-07-13T14:08:31.933283Z", "fetched_at": "2025-07-13T14:10:48.848576+00:00", "symbol": "ETH-USD"}, {"trade_id": 666244927, "side": "sell", "size": "0.31102895", "price": "2988.32000000", "time": "2025-07-13T14:08:31.933283Z", "fetched_at": "2025-07-13T14:10:48.848576+00:00", "symbol": "ETH-USD"}, {"trade_id": 666244926, "side": "sell", "size": "0.47998427", "price": "2988.32000000", "time": "2025-07-13T14:08:31.933283Z", "fetched_at": "2025-07-13T14:10:48.848576+00:00", "symbol": "ETH-USD"}, {"trade_id": 666244925, "side": "sell", "size": "2.64047150", "price": "2988.31000000", "time": "2025-07-13T14:08:31.933283Z", "fetched_at": "2025-07-13T14:10:48.848576+00:00", "symbol": "ETH-USD"}, {"trade_id": 666244924, "side": "sell", "size": "0.32593301", "price": "2988.29000000", "time": "2025-07-13T14:08:31.933283Z", "fetched_at": "2025-07-13T14:10:48.848576+00:00", "symbol": "ETH-USD"}, {"trade_id": 666244923, "side": "sell", "size": "0.00345270", "price": "2988.27000000", "time": "2025-07-13T14:08:31.933283Z", "fetched_at": "2025-07-13T14:10:48.848576+00:00", "symbol": "ETH-USD"}, {"trade_id": 666244922, "side": "sell", "size": "0.00011177", "price": "2988.27000000", "time": "2025-07-13T14:08:31.933283Z", "fetched_at": "2025-07-13T14:10:48.848576+00:00", "symbol": "ETH-USD"}, {"trade_id": 666244921, "side": "sell", "size": "0.16736003", "price": "2988.26000000", "time": "2025-07-13T14:08:31.933283Z", "fetched_at": "2025-07-13T14:10:48.848576+00:00", "symbol": "ETH-USD"}, {"trade_id": 666244920, "side": "sell", "size": "0.20000000", "price": "2988.26000000", "time": "2025-07-13T14:08:31.933283Z", "fetched_at": "2025-07-13T14:10:48.848576+00:00", "symbol": "ETH-USD"}, {"trade_id": 666244919, "side": "sell", "size": "0.80000000", "price": "2988.26000000", "time": "2025-07-13T14:08:31.933283Z", "fetched_at": "2025-07-13T14:10:48.848576+00:00", "symbol": "ETH-USD"}, {"trade_id": 666244918, "side": "sell", "size": "0.40000000", "price": "2988.26000000", "time": "2025-07-13T14:08:31.933283Z", "fetched_at": "2025-07-13T14:10:48.848576+00:00", "symbol": "ETH-USD"}, {"trade_id": 666244917, "side": "sell", "size": "0.08381963", "price": "2988.26000000", "time": "2025-07-13T14:08:31.933283Z", "fetched_at": "2025-07-13T14:10:48.848576+00:00", "symbol": "ETH-USD"}, {"trade_id": 666244916, "side": "sell", "size": "0.11384642", "price": "2988.25000000", "time": "2025-07-13T14:08:31.933283Z", "fetched_at": "2025-07-13T14:10:48.848576+00:00", "symbol": "ETH-USD"}, {"trade_id": 666244915, "side": "sell", "size": "0.45900000", "price": "2988.24000000", "time": "2025-07-13T14:08:31.933283Z", "fetched_at": "2025-07-13T14:10:48.848576+00:00", "symbol": "ETH-USD"}, {"trade_id": 666244914, "side": "sell", "size": "0.06138431", "price": "2988.23000000", "time": "2025-07-13T14:08:31.933283Z", "fetched_at": "2025-07-13T14:10:48.848576+00:00", "symbol": "ETH-USD"}, {"trade_id": 666244913, "side": "sell", "size": "0.83661962", "price": "2988.22000000", "time": "2025-07-13T14:08:31.933283Z", "fetched_at": "2025-07-13T14:10:48.848576+00:00", "symbol": "ETH-USD"}, {"trade_id": 666244912, "side": "sell", "size": "0.50000000", "price": "2988.21000000", "time": "2025-07-13T14:08:31.933283Z", "fetched_at": "2025-07-13T14:10:48.848576+00:00", "symbol": "ETH-USD"}, {"trade_id": 666244911, "side": "sell", "size": "1.84585679", "price": "2988.18000000", "time": "2025-07-13T14:08:31.933283Z", "fetched_at": "2025-07-13T14:10:48.848576+00:00", "symbol": "ETH-USD"}, {"trade_id": 666244910, "side": "sell", "size": "0.16732993", "price": "2988.11000000", "time": "2025-07-13T14:08:31.933283Z", "fetched_at": "2025-07-13T14:10:48.848576+00:00", "symbol": "ETH-USD"}, {"trade_id": 666244909, "side": "sell", "size": "0.11183000", "price": "2988.05000000", "time": "2025-07-13T14:08:31.933283Z", "fetched_at": "2025-07-13T14:10:48.848576+00:00", "symbol": "ETH-USD"}, {"trade_id": 666244908, "side": "sell", "size": "0.14427642", "price": "2988.05000000", "time": "2025-07-13T14:08:31.933283Z", "fetched_at": "2025-07-13T14:10:48.848576+00:00", "symbol": "ETH-USD"}, {"trade_id": 666244907, "side": "sell", "size": "0.45612426", "price": "2988.05000000", "time": "2025-07-13T14:08:31.933283Z", "fetched_at": "2025-07-13T14:10:48.848576+00:00", "symbol": "ETH-USD"}, {"trade_id": 666244906, "side": "sell", "size": "0.07786179", "price": "2988.05000000", "time": "2025-07-13T14:08:31.933283Z", "fetched_at": "2025-07-13T14:10:48.848576+00:00", "symbol": "ETH-USD"}, {"trade_id": 666244905, "side": "sell", "size": "0.10423000", "price": "2988.05000000", "time": "2025-07-13T14:08:31.933283Z", "fetched_at": "2025-07-13T14:10:48.848576+00:00", "symbol": "ETH-USD"}, {"trade_id": 666244904, "side": "buy", "size": "0.16575532", "price": "2988.26000000", "time": "2025-07-13T14:08:27.283527Z", "fetched_at": "2025-07-13T14:10:48.848576+00:00", "symbol": "ETH-USD"}, {"trade_id": 666244903, "side": "buy", "size": "0.06132331", "price": "2988.26000000", "time": "2025-07-13T14:08:27.283527Z", "fetched_at": "2025-07-13T14:10:48.848576+00:00", "symbol": "ETH-USD"}, {"trade_id": 666244902, "side": "buy", "size": "0.00075672", "price": "2988.26000000", "time": "2025-07-13T14:08:27.283527Z", "fetched_at": "2025-07-13T14:10:48.848576+00:00", "symbol": "ETH-USD"}, {"trade_id": 666244901, "side": "buy", "size": "0.02812338", "price": "2988.26000000", "time": "2025-07-13T14:08:27.283527Z", "fetched_at": "2025-07-13T14:10:48.848576+00:00", "symbol": "ETH-USD"}, {"trade_id": 666244900, "side": "buy", "size": "0.01054794", "price": "2988.26000000", "time": "2025-07-13T14:08:27.283527Z", "fetched_at": "2025-07-13T14:10:48.848576+00:00", "symbol": "ETH-USD"}, {"trade_id": 666244899, "side": "buy", "size": "0.00000669", "price": "2988.26000000", "time": "2025-07-13T14:08:27.283527Z", "fetched_at": "2025-07-13T14:10:48.848576+00:00", "symbol": "ETH-USD"}, {"trade_id": 666244898, "side": "buy", "size": "0.00002342", "price": "2988.26000000", "time": "2025-07-13T14:08:27.283527Z", "fetched_at": "2025-07-13T14:10:48.848576+00:00", "symbol": "ETH-USD"}, {"trade_id": 666244897, "side": "buy", "size": "0.00015032", "price": "2988.26000000", "time": "2025-07-13T14:08:27.283527Z", "fetched_at": "2025-07-13T14:10:48.848576+00:00", "symbol": "ETH-USD"}, {"trade_id": 666244896, "side": "buy", "size": "0.00083430", "price": "2988.26000000", "time": "2025-07-13T14:08:27.283527Z", "fetched_at": "2025-07-13T14:10:48.848576+00:00", "symbol": "ETH-USD"}, {"trade_id": 666244895, "side": "buy", "size": "0.00016570", "price": "2988.26000000", "time": "2025-07-13T14:08:26.417852Z", "fetched_at": "2025-07-13T14:10:48.848576+00:00", "symbol": "ETH-USD"}, {"trade_id": 666244894, "side": "sell", "size": "0.00052051", "price": "2988.27000000", "time": "2025-07-13T14:08:25.477738Z", "fetched_at": "2025-07-13T14:10:48.848576+00:00", "symbol": "ETH-USD"}, {"trade_id": 666244893, "side": "sell", "size": "0.00022356", "price": "2988.27000000", "time": "2025-07-13T14:08:25.477738Z", "fetched_at": "2025-07-13T14:10:48.848576+00:00", "symbol": "ETH-USD"}, {"trade_id": 666244892, "side": "sell", "size": "0.01625949", "price": "2988.75000000", "time": "2025-07-13T14:08:18.017113Z", "fetched_at": "2025-07-13T14:10:48.848576+00:00", "symbol": "ETH-USD"}, {"trade_id": 666244891, "side": "buy", "size": "0.13770672", "price": "2988.45000000", "time": "2025-07-13T14:08:16.522317Z", "fetched_at": "2025-07-13T14:10:48.848576+00:00", "symbol": "ETH-USD"}, {"trade_id": 666244890, "side": "buy", "size": "0.00099018", "price": "2988.46000000", "time": "2025-07-13T14:08:16.522317Z", "fetched_at": "2025-07-13T14:10:48.848576+00:00", "symbol": "ETH-USD"}, {"trade_id": 666244889, "side": "buy", "size": "0.06130310", "price": "2988.47000000", "time": "2025-07-13T14:08:16.522317Z", "fetched_at": "2025-07-13T14:10:48.848576+00:00", "symbol": "ETH-USD"}, {"trade_id": 666244888, "side": "buy", "size": "0.15000000", "price": "2988.48000000", "time": "2025-07-13T14:08:16.522317Z", "fetched_at": "2025-07-13T14:10:48.848576+00:00", "symbol": "ETH-USD"}, {"trade_id": 666244887, "side": "sell", "size": "0.06160230", "price": "2988.75000000", "time": "2025-07-13T14:08:16.439186Z", "fetched_at": "2025-07-13T14:10:48.848576+00:00", "symbol": "ETH-USD"}, {"trade_id": 666244886, "side": "sell", "size": "0.10423000", "price": "2988.64000000", "time": "2025-07-13T14:08:16.439186Z", "fetched_at": "2025-07-13T14:10:48.848576+00:00", "symbol": "ETH-USD"}, {"trade_id": 666244885, "side": "sell", "size": "0.01800000", "price": "2988.70000000", "time": "2025-07-13T14:08:14.183392Z", "fetched_at": "2025-07-13T14:10:48.848576+00:00", "symbol": "ETH-USD"}, {"trade_id": 666244884, "side": "sell", "size": "0.02459666", "price": "2988.69000000", "time": "2025-07-13T14:08:13.572168Z", "fetched_at": "2025-07-13T14:10:48.848576+00:00", "symbol": "ETH-USD"}, {"trade_id": 666244883, "side": "sell", "size": "0.00010334", "price": "2988.67000000", "time": "2025-07-13T14:08:13.572168Z", "fetched_at": "2025-07-13T14:10:48.848576+00:00", "symbol": "ETH-USD"}, {"trade_id": 666244882, "side": "sell", "size": "0.00096974", "price": "2988.58000000", "time": "2025-07-13T14:08:12.748239Z", "fetched_at": "2025-07-13T14:10:48.848576+00:00", "symbol": "ETH-USD"}, {"trade_id": 666244881, "side": "sell", "size": "0.08715368", "price": "2988.65000000", "time": "2025-07-13T14:08:11.867489Z", "fetched_at": "2025-07-13T14:10:48.848576+00:00", "symbol": "ETH-USD"}, {"trade_id": 666244880, "side": "sell", "size": "0.00010336", "price": "2988.36000000", "time": "2025-07-13T14:08:11.867489Z", "fetched_at": "2025-07-13T14:10:48.848576+00:00", "symbol": "ETH-USD"}, {"trade_id": 666244879, "side": "sell", "size": "0.01944296", "price": "2988.36000000", "time": "2025-07-13T14:08:11.867489Z", "fetched_at": "2025-07-13T14:10:48.848576+00:00", "symbol": "ETH-USD"}, {"trade_id": 666244878, "side": "sell", "size": "0.00020456", "price": "2988.36000000", "time": "2025-07-13T14:08:11.276874Z", "fetched_at": "2025-07-13T14:10:48.848576+00:00", "symbol": "ETH-USD"}, {"trade_id": 666244877, "side": "sell", "size": "0.00158610", "price": "2988.36000000", "time": "2025-07-13T14:08:11.091681Z", "fetched_at": "2025-07-13T14:10:48.848576+00:00", "symbol": "ETH-USD"}, {"trade_id": 666244876, "side": "sell", "size": "0.01624869", "price": "2988.36000000", "time": "2025-07-13T14:08:09.955388Z", "fetched_at": "2025-07-13T14:10:48.848576+00:00", "symbol": "ETH-USD"}, {"trade_id": 666244875, "side": "sell", "size": "0.00158462", "price": "2988.35000000", "time": "2025-07-13T14:08:07.470677Z", "fetched_at": "2025-07-13T14:10:48.848576+00:00", "symbol": "ETH-USD"}, {"trade_id": 666244874, "side": "buy", "size": "0.00047083", "price": "2988.48000000", "time": "2025-07-13T14:08:06.473169Z", "fetched_at": "2025-07-13T14:10:48.848576+00:00", "symbol": "ETH-USD"}, {"trade_id": 666244873, "side": "buy", "size": "0.00100000", "price": "2988.48000000", "time": "2025-07-13T14:08:06.473169Z", "fetched_at": "2025-07-13T14:10:48.848576+00:00", "symbol": "ETH-USD"}, {"trade_id": 666244872, "side": "sell", "size": "0.09751549", "price": "2988.49000000", "time": "2025-07-13T14:08:06.235362Z", "fetched_at": "2025-07-13T14:10:48.848576+00:00", "symbol": "ETH-USD"}, {"trade_id": 666244871, "side": "sell", "size": "0.00331124", "price": "2988.49000000", "time": "2025-07-13T14:08:06.138119Z", "fetched_at": "2025-07-13T14:10:48.848576+00:00", "symbol": "ETH-USD"}, {"trade_id": 666244870, "side": "buy", "size": "0.01583297", "price": "2988.70000000", "time": "2025-07-13T14:08:05.852113Z", "fetched_at": "2025-07-13T14:10:48.848576+00:00", "symbol": "ETH-USD"}, {"trade_id": 666244869, "side": "buy", "size": "0.04221567", "price": "2988.70000000", "time": "2025-07-13T14:08:05.852113Z", "fetched_at": "2025-07-13T14:10:48.848576+00:00", "symbol": "ETH-USD"}, {"trade_id": 666244868, "side": "buy", "size": "0.00100000", "price": "2988.70000000", "time": "2025-07-13T14:08:05.852113Z", "fetched_at": "2025-07-13T14:10:48.848576+00:00", "symbol": "ETH-USD"}, {"trade_id": 666244867, "side": "buy", "size": "0.00058000", "price": "2988.89000000", "time": "2025-07-13T14:08:05.676643Z", "fetched_at": "2025-07-13T14:10:48.848576+00:00", "symbol": "ETH-USD"}, {"trade_id": 666244866, "side": "buy", "size": "0.00300000", "price": "2988.89000000", "time": "2025-07-13T14:08:05.676643Z", "fetched_at": "2025-07-13T14:10:48.848576+00:00", "symbol": "ETH-USD"}, {"trade_id": 666244865, "side": "buy", "size": "0.00925092", "price": "2988.89000000", "time": "2025-07-13T14:08:05.676643Z", "fetched_at": "2025-07-13T14:10:48.848576+00:00", "symbol": "ETH-USD"}, {"trade_id": 666244864, "side": "buy", "size": "0.00689553", "price": "2988.89000000", "time": "2025-07-13T14:08:05.676643Z", "fetched_at": "2025-07-13T14:10:48.848576+00:00", "symbol": "ETH-USD"}, {"trade_id": 666244863, "side": "buy", "size": "0.00141245", "price": "2988.89000000", "time": "2025-07-13T14:08:05.676643Z", "fetched_at": "2025-07-13T14:10:48.848576+00:00", "symbol": "ETH-USD"}, {"trade_id": 666244862, "side": "buy", "size": "0.00033876", "price": "2988.89000000", "time": "2025-07-13T14:08:05.676643Z", "fetched_at": "2025-07-13T14:10:48.848576+00:00", "symbol": "ETH-USD"}, {"trade_id": 666244861, "side": "sell", "size": "0.01057000", "price": "2988.90000000", "time": "2025-07-13T14:08:04.432905Z", "fetched_at": "2025-07-13T14:10:48.848576+00:00", "symbol": "ETH-USD"}, {"trade_id": 666244860, "side": "sell", "size": "0.10976000", "price": "2988.90000000", "time": "2025-07-13T14:08:04.432905Z", "fetched_at": "2025-07-13T14:10:48.848576+00:00", "symbol": "ETH-USD"}, {"trade_id": 666244859, "side": "sell", "size": "0.77544000", "price": "2988.90000000", "time": "2025-07-13T14:08:04.432905Z", "fetched_at": "2025-07-13T14:10:48.848576+00:00", "symbol": "ETH-USD"}, {"trade_id": 666244858, "side": "sell", "size": "0.10423000", "price": "2988.90000000", "time": "2025-07-13T14:08:04.432905Z", "fetched_at": "2025-07-13T14:10:48.848576+00:00", "symbol": "ETH-USD"}, {"trade_id": 666244857, "side": "buy", "size": "0.00100000", "price": "2988.92000000", "time": "2025-07-13T14:08:04.326982Z", "fetched_at": "2025-07-13T14:10:48.848576+00:00", "symbol": "ETH-USD"}, {"trade_id": 666244856, "side": "buy", "size": "0.00100000", "price": "2989.14000000", "time": "2025-07-13T14:08:03.886708Z", "fetched_at": "2025-07-13T14:10:48.848576+00:00", "symbol": "ETH-USD"}, {"trade_id": 666244855, "side": "buy", "size": "0.01609158", "price": "2989.14000000", "time": "2025-07-13T14:08:03.886708Z", "fetched_at": "2025-07-13T14:10:48.848576+00:00", "symbol": "ETH-USD"}, {"trade_id": 666244854, "side": "buy", "size": "0.00001338", "price": "2989.14000000", "time": "2025-07-13T14:08:03.886708Z", "fetched_at": "2025-07-13T14:10:48.848576+00:00", "symbol": "ETH-USD"}, {"trade_id": 666244853, "side": "buy", "size": "0.00001338", "price": "2989.17000000", "time": "2025-07-13T14:08:03.876418Z", "fetched_at": "2025-07-13T14:10:48.848576+00:00", "symbol": "ETH-USD"}, {"trade_id": 666244852, "side": "buy", "size": "0.00001003", "price": "2989.17000000", "time": "2025-07-13T14:08:03.876418Z", "fetched_at": "2025-07-13T14:10:48.848576+00:00", "symbol": "ETH-USD"}, {"trade_id": 666244851, "side": "buy", "size": "0.04309891", "price": "2989.17000000", "time": "2025-07-13T14:08:03.876418Z", "fetched_at": "2025-07-13T14:10:48.848576+00:00", "symbol": "ETH-USD"}, {"trade_id": 666244850, "side": "buy", "size": "0.00017731", "price": "2989.17000000", "time": "2025-07-13T14:08:03.860263Z", "fetched_at": "2025-07-13T14:10:48.848576+00:00", "symbol": "ETH-USD"}, {"trade_id": 666244849, "side": "buy", "size": "0.01685417", "price": "2989.17000000", "time": "2025-07-13T14:08:03.860263Z", "fetched_at": "2025-07-13T14:10:48.848576+00:00", "symbol": "ETH-USD"}, {"trade_id": 666244848, "side": "buy", "size": "0.00108725", "price": "2989.17000000", "time": "2025-07-13T14:08:03.860263Z", "fetched_at": "2025-07-13T14:10:48.848576+00:00", "symbol": "ETH-USD"}, {"trade_id": 666244847, "side": "buy", "size": "0.00228491", "price": "2989.17000000", "time": "2025-07-13T14:08:03.860263Z", "fetched_at": "2025-07-13T14:10:48.848576+00:00", "symbol": "ETH-USD"}, {"trade_id": 666244846, "side": "buy", "size": "0.00047086", "price": "2989.17000000", "time": "2025-07-13T14:08:03.860263Z", "fetched_at": "2025-07-13T14:10:48.848576+00:00", "symbol": "ETH-USD"}, {"trade_id": 666244845, "side": "buy", "size": "0.00456648", "price": "2989.17000000", "time": "2025-07-13T14:08:03.860263Z", "fetched_at": "2025-07-13T14:10:48.848576+00:00", "symbol": "ETH-USD"}, {"trade_id": 666244844, "side": "buy", "size": "0.00217786", "price": "2989.17000000", "time": "2025-07-13T14:08:03.860263Z", "fetched_at": "2025-07-13T14:10:48.848576+00:00", "symbol": "ETH-USD"}