[{"trade_id": 666305131, "side": "buy", "size": "0.00172960", "price": "2993.10000000", "time": "2025-07-13T16:39:29.398073Z", "fetched_at": "2025-07-13T16:39:32.643317+00:00", "symbol": "ETH-USD"}, {"trade_id": 666305130, "side": "buy", "size": "0.00000334", "price": "2993.11000000", "time": "2025-07-13T16:39:29.398073Z", "fetched_at": "2025-07-13T16:39:32.643317+00:00", "symbol": "ETH-USD"}, {"trade_id": 666305129, "side": "buy", "size": "0.00321587", "price": "2993.27000000", "time": "2025-07-13T16:39:29.398073Z", "fetched_at": "2025-07-13T16:39:32.643317+00:00", "symbol": "ETH-USD"}, {"trade_id": 666305128, "side": "buy", "size": "0.00069568", "price": "2993.10000000", "time": "2025-07-13T16:39:27.429262Z", "fetched_at": "2025-07-13T16:39:32.643317+00:00", "symbol": "ETH-USD"}, {"trade_id": 666305127, "side": "buy", "size": "0.00000668", "price": "2993.10000000", "time": "2025-07-13T16:39:27.429262Z", "fetched_at": "2025-07-13T16:39:32.643317+00:00", "symbol": "ETH-USD"}, {"trade_id": 666305126, "side": "buy", "size": "0.00812201", "price": "2993.10000000", "time": "2025-07-13T16:39:27.429262Z", "fetched_at": "2025-07-13T16:39:32.643317+00:00", "symbol": "ETH-USD"}, {"trade_id": 666305125, "side": "buy", "size": "0.00001670", "price": "2993.10000000", "time": "2025-07-13T16:39:27.429262Z", "fetched_at": "2025-07-13T16:39:32.643317+00:00", "symbol": "ETH-USD"}, {"trade_id": 666305124, "side": "buy", "size": "0.00000668", "price": "2993.10000000", "time": "2025-07-13T16:39:27.429262Z", "fetched_at": "2025-07-13T16:39:32.643317+00:00", "symbol": "ETH-USD"}, {"trade_id": 666305123, "side": "buy", "size": "0.00400588", "price": "2993.10000000", "time": "2025-07-13T16:39:27.429262Z", "fetched_at": "2025-07-13T16:39:32.643317+00:00", "symbol": "ETH-USD"}, {"trade_id": 666305122, "side": "buy", "size": "0.00206808", "price": "2993.10000000", "time": "2025-07-13T16:39:27.429262Z", "fetched_at": "2025-07-13T16:39:32.643317+00:00", "symbol": "ETH-USD"}, {"trade_id": 666305121, "side": "buy", "size": "0.00100000", "price": "2993.10000000", "time": "2025-07-13T16:39:27.429262Z", "fetched_at": "2025-07-13T16:39:32.643317+00:00", "symbol": "ETH-USD"}, {"trade_id": 666305120, "side": "buy", "size": "0.00321604", "price": "2993.11000000", "time": "2025-07-13T16:39:27.429262Z", "fetched_at": "2025-07-13T16:39:32.643317+00:00", "symbol": "ETH-USD"}, {"trade_id": 666305119, "side": "buy", "size": "0.00100000", "price": "2993.32000000", "time": "2025-07-13T16:39:27.429262Z", "fetched_at": "2025-07-13T16:39:32.643317+00:00", "symbol": "ETH-USD"}, {"trade_id": 666305118, "side": "buy", "size": "0.00000334", "price": "2993.33000000", "time": "2025-07-13T16:39:27.429262Z", "fetched_at": "2025-07-13T16:39:32.643317+00:00", "symbol": "ETH-USD"}, {"trade_id": 666305117, "side": "buy", "size": "0.01607154", "price": "2993.49000000", "time": "2025-07-13T16:39:27.107355Z", "fetched_at": "2025-07-13T16:39:32.643317+00:00", "symbol": "ETH-USD"}, {"trade_id": 666305116, "side": "sell", "size": "0.00165337", "price": "2993.50000000", "time": "2025-07-13T16:39:26.565669Z", "fetched_at": "2025-07-13T16:39:32.643317+00:00", "symbol": "ETH-USD"}, {"trade_id": 666305115, "side": "sell", "size": "0.16006235", "price": "2993.77000000", "time": "2025-07-13T16:39:24.469151Z", "fetched_at": "2025-07-13T16:39:32.643317+00:00", "symbol": "ETH-USD"}, {"trade_id": 666305114, "side": "sell", "size": "0.00100000", "price": "2993.76000000", "time": "2025-07-13T16:39:24.469151Z", "fetched_at": "2025-07-13T16:39:32.643317+00:00", "symbol": "ETH-USD"}, {"trade_id": 666305113, "side": "sell", "size": "0.07218351", "price": "2993.72000000", "time": "2025-07-13T16:39:24.469151Z", "fetched_at": "2025-07-13T16:39:32.643317+00:00", "symbol": "ETH-USD"}, {"trade_id": 666305112, "side": "sell", "size": "0.09149000", "price": "2993.72000000", "time": "2025-07-13T16:39:24.469151Z", "fetched_at": "2025-07-13T16:39:32.643317+00:00", "symbol": "ETH-USD"}, {"trade_id": 666305111, "side": "sell", "size": "0.03294831", "price": "2993.11000000", "time": "2025-07-13T16:39:22.198997Z", "fetched_at": "2025-07-13T16:39:32.643317+00:00", "symbol": "ETH-USD"}, {"trade_id": 666305110, "side": "sell", "size": "0.00661519", "price": "2993.11000000", "time": "2025-07-13T16:39:20.946874Z", "fetched_at": "2025-07-13T16:39:32.643317+00:00", "symbol": "ETH-USD"}, {"trade_id": 666305109, "side": "sell", "size": "0.01521632", "price": "2993.11000000", "time": "2025-07-13T16:39:17.684835Z", "fetched_at": "2025-07-13T16:39:32.643317+00:00", "symbol": "ETH-USD"}, {"trade_id": 666305108, "side": "buy", "size": "0.00321586", "price": "2993.28000000", "time": "2025-07-13T16:39:17.656644Z", "fetched_at": "2025-07-13T16:39:32.643317+00:00", "symbol": "ETH-USD"}, {"trade_id": 666305107, "side": "buy", "size": "0.00000334", "price": "2993.28000000", "time": "2025-07-13T16:39:17.656644Z", "fetched_at": "2025-07-13T16:39:32.643317+00:00", "symbol": "ETH-USD"}, {"trade_id": 666305106, "side": "buy", "size": "0.00000996", "price": "2993.28000000", "time": "2025-07-13T16:39:17.656644Z", "fetched_at": "2025-07-13T16:39:32.643317+00:00", "symbol": "ETH-USD"}, {"trade_id": 666305105, "side": "buy", "size": "0.04318345", "price": "2993.28000000", "time": "2025-07-13T16:39:17.656164Z", "fetched_at": "2025-07-13T16:39:32.643317+00:00", "symbol": "ETH-USD"}, {"trade_id": 666305104, "side": "buy", "size": "0.00228655", "price": "2993.28000000", "time": "2025-07-13T16:39:17.656164Z", "fetched_at": "2025-07-13T16:39:32.643317+00:00", "symbol": "ETH-USD"}, {"trade_id": 666305103, "side": "buy", "size": "0.01395650", "price": "2993.28000000", "time": "2025-07-13T16:39:17.644012Z", "fetched_at": "2025-07-13T16:39:32.643317+00:00", "symbol": "ETH-USD"}, {"trade_id": 666305102, "side": "buy", "size": "0.00201785", "price": "2993.28000000", "time": "2025-07-13T16:39:17.644012Z", "fetched_at": "2025-07-13T16:39:32.643317+00:00", "symbol": "ETH-USD"}, {"trade_id": 666305101, "side": "buy", "size": "0.00103565", "price": "2993.28000000", "time": "2025-07-13T16:39:17.644012Z", "fetched_at": "2025-07-13T16:39:32.643317+00:00", "symbol": "ETH-USD"}, {"trade_id": 666305100, "side": "buy", "size": "0.00321578", "price": "2993.35000000", "time": "2025-07-13T16:39:16.401523Z", "fetched_at": "2025-07-13T16:39:32.643317+00:00", "symbol": "ETH-USD"}, {"trade_id": 666305099, "side": "buy", "size": "0.00100877", "price": "2993.73000000", "time": "2025-07-13T16:39:16.323787Z", "fetched_at": "2025-07-13T16:39:32.643317+00:00", "symbol": "ETH-USD"}, {"trade_id": 666305098, "side": "buy", "size": "0.00051774", "price": "2993.73000000", "time": "2025-07-13T16:39:16.323787Z", "fetched_at": "2025-07-13T16:39:32.643317+00:00", "symbol": "ETH-USD"}, {"trade_id": 666305097, "side": "sell", "size": "0.03201911", "price": "2993.11000000", "time": "2025-07-13T16:39:12.981088Z", "fetched_at": "2025-07-13T16:39:32.643317+00:00", "symbol": "ETH-USD"}, {"trade_id": 666305096, "side": "buy", "size": "0.55417517", "price": "2993.24000000", "time": "2025-07-13T16:39:12.690302Z", "fetched_at": "2025-07-13T16:39:32.643317+00:00", "symbol": "ETH-USD"}, {"trade_id": 666305095, "side": "buy", "size": "0.00321581", "price": "2993.32000000", "time": "2025-07-13T16:39:12.690302Z", "fetched_at": "2025-07-13T16:39:32.643317+00:00", "symbol": "ETH-USD"}, {"trade_id": 666305094, "side": "buy", "size": "0.00100000", "price": "2993.32000000", "time": "2025-07-13T16:39:12.690302Z", "fetched_at": "2025-07-13T16:39:32.643317+00:00", "symbol": "ETH-USD"}, {"trade_id": 666305093, "side": "buy", "size": "0.60000000", "price": "2993.38000000", "time": "2025-07-13T16:39:12.644858Z", "fetched_at": "2025-07-13T16:39:32.643317+00:00", "symbol": "ETH-USD"}, {"trade_id": 666305092, "side": "buy", "size": "0.03129457", "price": "2993.49000000", "time": "2025-07-13T16:39:12.644858Z", "fetched_at": "2025-07-13T16:39:32.643317+00:00", "symbol": "ETH-USD"}, {"trade_id": 666305091, "side": "buy", "size": "0.00412227", "price": "2993.49000000", "time": "2025-07-13T16:39:12.644858Z", "fetched_at": "2025-07-13T16:39:32.643317+00:00", "symbol": "ETH-USD"}, {"trade_id": 666305090, "side": "buy", "size": "0.00321563", "price": "2993.49000000", "time": "2025-07-13T16:39:12.644858Z", "fetched_at": "2025-07-13T16:39:32.643317+00:00", "symbol": "ETH-USD"}, {"trade_id": 666305089, "side": "buy", "size": "2.66686918", "price": "2993.65000000", "time": "2025-07-13T16:39:12.085263Z", "fetched_at": "2025-07-13T16:39:32.643317+00:00", "symbol": "ETH-USD"}, {"trade_id": 666305088, "side": "buy", "size": "0.00321526", "price": "2993.83000000", "time": "2025-07-13T16:39:12.085263Z", "fetched_at": "2025-07-13T16:39:32.643317+00:00", "symbol": "ETH-USD"}, {"trade_id": 666305087, "side": "buy", "size": "0.33313082", "price": "2993.65000000", "time": "2025-07-13T16:39:11.593112Z", "fetched_at": "2025-07-13T16:39:32.643317+00:00", "symbol": "ETH-USD"}, {"trade_id": 666305086, "side": "buy", "size": "0.04522240", "price": "2993.87000000", "time": "2025-07-13T16:39:11.593112Z", "fetched_at": "2025-07-13T16:39:32.643317+00:00", "symbol": "ETH-USD"}, {"trade_id": 666305085, "side": "buy", "size": "0.00971986", "price": "2993.87000000", "time": "2025-07-13T16:39:11.593112Z", "fetched_at": "2025-07-13T16:39:32.643317+00:00", "symbol": "ETH-USD"}, {"trade_id": 666305084, "side": "buy", "size": "0.00814107", "price": "2993.87000000", "time": "2025-07-13T16:39:11.593112Z", "fetched_at": "2025-07-13T16:39:32.643317+00:00", "symbol": "ETH-USD"}, {"trade_id": 666305083, "side": "buy", "size": "0.03421646", "price": "2993.88000000", "time": "2025-07-13T16:39:11.593112Z", "fetched_at": "2025-07-13T16:39:32.643317+00:00", "symbol": "ETH-USD"}, {"trade_id": 666305082, "side": "buy", "size": "0.00321521", "price": "2993.88000000", "time": "2025-07-13T16:39:11.593112Z", "fetched_at": "2025-07-13T16:39:32.643317+00:00", "symbol": "ETH-USD"}, {"trade_id": 666305081, "side": "buy", "size": "0.00094189", "price": "2993.88000000", "time": "2025-07-13T16:39:11.425473Z", "fetched_at": "2025-07-13T16:39:32.643317+00:00", "symbol": "ETH-USD"}, {"trade_id": 666305080, "side": "buy", "size": "0.00321521", "price": "2993.88000000", "time": "2025-07-13T16:39:11.425473Z", "fetched_at": "2025-07-13T16:39:32.643317+00:00", "symbol": "ETH-USD"}, {"trade_id": 666305079, "side": "buy", "size": "0.01903883", "price": "2993.88000000", "time": "2025-07-13T16:39:11.425473Z", "fetched_at": "2025-07-13T16:39:32.643317+00:00", "symbol": "ETH-USD"}, {"trade_id": 666305078, "side": "buy", "size": "0.01188758", "price": "2993.88000000", "time": "2025-07-13T16:39:11.425473Z", "fetched_at": "2025-07-13T16:39:32.643317+00:00", "symbol": "ETH-USD"}, {"trade_id": 666305077, "side": "buy", "size": "0.06189626", "price": "2993.88000000", "time": "2025-07-13T16:39:11.425473Z", "fetched_at": "2025-07-13T16:39:32.643317+00:00", "symbol": "ETH-USD"}, {"trade_id": 666305076, "side": "buy", "size": "0.02626023", "price": "2993.88000000", "time": "2025-07-13T16:39:11.425473Z", "fetched_at": "2025-07-13T16:39:32.643317+00:00", "symbol": "ETH-USD"}, {"trade_id": 666305075, "side": "sell", "size": "0.03245891", "price": "2993.89000000", "time": "2025-07-13T16:39:10.260539Z", "fetched_at": "2025-07-13T16:39:32.643317+00:00", "symbol": "ETH-USD"}, {"trade_id": 666305074, "side": "buy", "size": "0.16379249", "price": "2993.88000000", "time": "2025-07-13T16:39:07.897047Z", "fetched_at": "2025-07-13T16:39:32.643317+00:00", "symbol": "ETH-USD"}, {"trade_id": 666305073, "side": "buy", "size": "0.00321521", "price": "2993.88000000", "time": "2025-07-13T16:39:07.897047Z", "fetched_at": "2025-07-13T16:39:32.643317+00:00", "symbol": "ETH-USD"}, {"trade_id": 666305072, "side": "sell", "size": "0.00633811", "price": "2993.89000000", "time": "2025-07-13T16:39:07.474756Z", "fetched_at": "2025-07-13T16:39:32.643317+00:00", "symbol": "ETH-USD"}, {"trade_id": 666305071, "side": "buy", "size": "0.00733722", "price": "2993.87000000", "time": "2025-07-13T16:39:06.045912Z", "fetched_at": "2025-07-13T16:39:32.643317+00:00", "symbol": "ETH-USD"}, {"trade_id": 666305070, "side": "buy", "size": "0.00896498", "price": "2993.87000000", "time": "2025-07-13T16:39:06.045912Z", "fetched_at": "2025-07-13T16:39:32.643317+00:00", "symbol": "ETH-USD"}, {"trade_id": 666305069, "side": "buy", "size": "0.01429583", "price": "2993.88000000", "time": "2025-07-13T16:39:06.045912Z", "fetched_at": "2025-07-13T16:39:32.643317+00:00", "symbol": "ETH-USD"}, {"trade_id": 666305068, "side": "buy", "size": "0.00919208", "price": "2993.88000000", "time": "2025-07-13T16:39:06.045912Z", "fetched_at": "2025-07-13T16:39:32.643317+00:00", "symbol": "ETH-USD"}, {"trade_id": 666305067, "side": "buy", "size": "0.00321521", "price": "2993.88000000", "time": "2025-07-13T16:39:06.045912Z", "fetched_at": "2025-07-13T16:39:32.643317+00:00", "symbol": "ETH-USD"}, {"trade_id": 666305066, "side": "sell", "size": "0.01598613", "price": "2993.89000000", "time": "2025-07-13T16:39:05.164384Z", "fetched_at": "2025-07-13T16:39:32.643317+00:00", "symbol": "ETH-USD"}, {"trade_id": 666305065, "side": "sell", "size": "0.00009291", "price": "2993.88000000", "time": "2025-07-13T16:39:05.164384Z", "fetched_at": "2025-07-13T16:39:32.643317+00:00", "symbol": "ETH-USD"}, {"trade_id": 666305064, "side": "sell", "size": "0.00016311", "price": "2993.88000000", "time": "2025-07-13T16:39:05.164384Z", "fetched_at": "2025-07-13T16:39:32.643317+00:00", "symbol": "ETH-USD"}, {"trade_id": 666305063, "side": "sell", "size": "0.00165463", "price": "2993.88000000", "time": "2025-07-13T16:39:04.369387Z", "fetched_at": "2025-07-13T16:39:32.643317+00:00", "symbol": "ETH-USD"}, {"trade_id": 666305062, "side": "sell", "size": "0.03274783", "price": "2993.76000000", "time": "2025-07-13T16:39:03.312424Z", "fetched_at": "2025-07-13T16:39:32.643317+00:00", "symbol": "ETH-USD"}, {"trade_id": 666305061, "side": "sell", "size": "0.00034537", "price": "2993.76000000", "time": "2025-07-13T16:39:03.312424Z", "fetched_at": "2025-07-13T16:39:32.643317+00:00", "symbol": "ETH-USD"}, {"trade_id": 666305060, "side": "sell", "size": "0.00065463", "price": "2993.76000000", "time": "2025-07-13T16:39:03.266779Z", "fetched_at": "2025-07-13T16:39:32.643317+00:00", "symbol": "ETH-USD"}, {"trade_id": 666305059, "side": "sell", "size": "0.00100000", "price": "2993.54000000", "time": "2025-07-13T16:39:03.266779Z", "fetched_at": "2025-07-13T16:39:32.643317+00:00", "symbol": "ETH-USD"}, {"trade_id": 666305058, "side": "sell", "size": "0.00100000", "price": "2993.32000000", "time": "2025-07-13T16:39:02.497044Z", "fetched_at": "2025-07-13T16:39:32.643317+00:00", "symbol": "ETH-USD"}, {"trade_id": 666305057, "side": "sell", "size": "0.00172788", "price": "2993.30000000", "time": "2025-07-13T16:39:02.496003Z", "fetched_at": "2025-07-13T16:39:32.643317+00:00", "symbol": "ETH-USD"}, {"trade_id": 666305056, "side": "sell", "size": "0.17875924", "price": "2993.30000000", "time": "2025-07-13T16:39:02.492694Z", "fetched_at": "2025-07-13T16:39:32.643317+00:00", "symbol": "ETH-USD"}, {"trade_id": 666305055, "side": "sell", "size": "0.05537519", "price": "2993.09000000", "time": "2025-07-13T16:39:02.487215Z", "fetched_at": "2025-07-13T16:39:32.643317+00:00", "symbol": "ETH-USD"}, {"trade_id": 666305054, "side": "sell", "size": "4.57435008", "price": "2993.30000000", "time": "2025-07-13T16:39:02.485278Z", "fetched_at": "2025-07-13T16:39:32.643317+00:00", "symbol": "ETH-USD"}, {"trade_id": 666305053, "side": "sell", "size": "2.51453832", "price": "2993.25000000", "time": "2025-07-13T16:39:02.485278Z", "fetched_at": "2025-07-13T16:39:32.643317+00:00", "symbol": "ETH-USD"}, {"trade_id": 666305052, "side": "sell", "size": "2.45583067", "price": "2993.25000000", "time": "2025-07-13T16:39:02.485278Z", "fetched_at": "2025-07-13T16:39:32.643317+00:00", "symbol": "ETH-USD"}, {"trade_id": 666305051, "side": "sell", "size": "0.00321632", "price": "2993.23000000", "time": "2025-07-13T16:39:02.485278Z", "fetched_at": "2025-07-13T16:39:32.643317+00:00", "symbol": "ETH-USD"}, {"trade_id": 666305050, "side": "sell", "size": "0.19999876", "price": "2993.21000000", "time": "2025-07-13T16:39:02.485278Z", "fetched_at": "2025-07-13T16:39:32.643317+00:00", "symbol": "ETH-USD"}, {"trade_id": 666305049, "side": "sell", "size": "1.27988585", "price": "2993.16000000", "time": "2025-07-13T16:39:02.485278Z", "fetched_at": "2025-07-13T16:39:32.643317+00:00", "symbol": "ETH-USD"}, {"trade_id": 666305048, "side": "sell", "size": "0.70999739", "price": "2993.16000000", "time": "2025-07-13T16:39:02.484710Z", "fetched_at": "2025-07-13T16:39:32.643317+00:00", "symbol": "ETH-USD"}, {"trade_id": 666305047, "side": "sell", "size": "1.09855704", "price": "2993.16000000", "time": "2025-07-13T16:39:02.484033Z", "fetched_at": "2025-07-13T16:39:32.643317+00:00", "symbol": "ETH-USD"}, {"trade_id": 666305046, "side": "sell", "size": "0.98376240", "price": "2993.16000000", "time": "2025-07-13T16:39:02.483565Z", "fetched_at": "2025-07-13T16:39:32.643317+00:00", "symbol": "ETH-USD"}, {"trade_id": 666305045, "side": "sell", "size": "0.22665355", "price": "2993.16000000", "time": "2025-07-13T16:39:02.483221Z", "fetched_at": "2025-07-13T16:39:32.643317+00:00", "symbol": "ETH-USD"}, {"trade_id": 666305044, "side": "sell", "size": "0.40367236", "price": "2993.16000000", "time": "2025-07-13T16:39:02.482975Z", "fetched_at": "2025-07-13T16:39:32.643317+00:00", "symbol": "ETH-USD"}, {"trade_id": 666305043, "side": "sell", "size": "0.16704861", "price": "2993.15000000", "time": "2025-07-13T16:39:02.482975Z", "fetched_at": "2025-07-13T16:39:32.643317+00:00", "symbol": "ETH-USD"}, {"trade_id": 666305042, "side": "sell", "size": "0.52336668", "price": "2993.15000000", "time": "2025-07-13T16:39:02.482975Z", "fetched_at": "2025-07-13T16:39:32.643317+00:00", "symbol": "ETH-USD"}, {"trade_id": 666305041, "side": "sell", "size": "0.22125472", "price": "2993.14000000", "time": "2025-07-13T16:39:02.482975Z", "fetched_at": "2025-07-13T16:39:32.643317+00:00", "symbol": "ETH-USD"}, {"trade_id": 666305040, "side": "sell", "size": "0.22777472", "price": "2993.14000000", "time": "2025-07-13T16:39:02.482948Z", "fetched_at": "2025-07-13T16:39:32.643317+00:00", "symbol": "ETH-USD"}, {"trade_id": 666305039, "side": "sell", "size": "0.19983830", "price": "2993.13000000", "time": "2025-07-13T16:39:02.482948Z", "fetched_at": "2025-07-13T16:39:32.643317+00:00", "symbol": "ETH-USD"}, {"trade_id": 666305038, "side": "sell", "size": "0.30016171", "price": "2993.12000000", "time": "2025-07-13T16:39:02.482948Z", "fetched_at": "2025-07-13T16:39:32.643317+00:00", "symbol": "ETH-USD"}, {"trade_id": 666305037, "side": "sell", "size": "0.03028281", "price": "2993.12000000", "time": "2025-07-13T16:39:02.482948Z", "fetched_at": "2025-07-13T16:39:32.643317+00:00", "symbol": "ETH-USD"}, {"trade_id": 666305036, "side": "sell", "size": "0.16882894", "price": "2993.12000000", "time": "2025-07-13T16:39:02.482802Z", "fetched_at": "2025-07-13T16:39:32.643317+00:00", "symbol": "ETH-USD"}, {"trade_id": 666305035, "side": "sell", "size": "0.19986188", "price": "2993.11000000", "time": "2025-07-13T16:39:02.482802Z", "fetched_at": "2025-07-13T16:39:32.643317+00:00", "symbol": "ETH-USD"}, {"trade_id": 666305034, "side": "sell", "size": "1.17901433", "price": "2993.10000000", "time": "2025-07-13T16:39:02.482802Z", "fetched_at": "2025-07-13T16:39:32.643317+00:00", "symbol": "ETH-USD"}, {"trade_id": 666305033, "side": "sell", "size": "5.27114604", "price": "2993.10000000", "time": "2025-07-13T16:39:02.482721Z", "fetched_at": "2025-07-13T16:39:32.643317+00:00", "symbol": "ETH-USD"}, {"trade_id": 666305032, "side": "sell", "size": "0.00100000", "price": "2993.10000000", "time": "2025-07-13T16:39:02.482721Z", "fetched_at": "2025-07-13T16:39:32.643317+00:00", "symbol": "ETH-USD"}, {"trade_id": 666305031, "side": "sell", "size": "0.46101859", "price": "2993.00000000", "time": "2025-07-13T16:39:02.482721Z", "fetched_at": "2025-07-13T16:39:32.643317+00:00", "symbol": "ETH-USD"}, {"trade_id": 666305030, "side": "sell", "size": "0.35712930", "price": "2993.00000000", "time": "2025-07-13T16:39:02.482721Z", "fetched_at": "2025-07-13T16:39:32.643317+00:00", "symbol": "ETH-USD"}, {"trade_id": 666305029, "side": "sell", "size": "0.16754175", "price": "2993.00000000", "time": "2025-07-13T16:39:02.482721Z", "fetched_at": "2025-07-13T16:39:32.643317+00:00", "symbol": "ETH-USD"}, {"trade_id": 666305028, "side": "sell", "size": "0.06798250", "price": "2993.00000000", "time": "2025-07-13T16:39:02.482721Z", "fetched_at": "2025-07-13T16:39:32.643317+00:00", "symbol": "ETH-USD"}, {"trade_id": 666305027, "side": "sell", "size": "0.03099239", "price": "2993.00000000", "time": "2025-07-13T16:39:02.480589Z", "fetched_at": "2025-07-13T16:39:32.643317+00:00", "symbol": "ETH-USD"}, {"trade_id": 666305026, "side": "sell", "size": "0.10897601", "price": "2993.00000000", "time": "2025-07-13T16:39:02.480589Z", "fetched_at": "2025-07-13T16:39:32.643317+00:00", "symbol": "ETH-USD"}, {"trade_id": 666305025, "side": "sell", "size": "0.18536017", "price": "2993.00000000", "time": "2025-07-13T16:39:02.480589Z", "fetched_at": "2025-07-13T16:39:32.643317+00:00", "symbol": "ETH-USD"}, {"trade_id": 666305024, "side": "sell", "size": "0.16772296", "price": "2993.00000000", "time": "2025-07-13T16:39:02.480589Z", "fetched_at": "2025-07-13T16:39:32.643317+00:00", "symbol": "ETH-USD"}, {"trade_id": 666305023, "side": "sell", "size": "0.16777168", "price": "2993.00000000", "time": "2025-07-13T16:39:02.480589Z", "fetched_at": "2025-07-13T16:39:32.643317+00:00", "symbol": "ETH-USD"}, {"trade_id": 666305022, "side": "sell", "size": "0.06503830", "price": "2993.00000000", "time": "2025-07-13T16:39:02.480589Z", "fetched_at": "2025-07-13T16:39:32.643317+00:00", "symbol": "ETH-USD"}, {"trade_id": 666305021, "side": "sell", "size": "0.16730518", "price": "2993.00000000", "time": "2025-07-13T16:39:02.480589Z", "fetched_at": "2025-07-13T16:39:32.643317+00:00", "symbol": "ETH-USD"}, {"trade_id": 666305020, "side": "sell", "size": "0.06601699", "price": "2993.00000000", "time": "2025-07-13T16:39:02.480589Z", "fetched_at": "2025-07-13T16:39:32.643317+00:00", "symbol": "ETH-USD"}, {"trade_id": 666305019, "side": "sell", "size": "0.10480780", "price": "2992.99000000", "time": "2025-07-13T16:39:02.480589Z", "fetched_at": "2025-07-13T16:39:32.643317+00:00", "symbol": "ETH-USD"}, {"trade_id": 666305018, "side": "sell", "size": "0.00780006", "price": "2992.99000000", "time": "2025-07-13T16:39:02.480561Z", "fetched_at": "2025-07-13T16:39:32.643317+00:00", "symbol": "ETH-USD"}, {"trade_id": 666305017, "side": "sell", "size": "0.19995243", "price": "2992.99000000", "time": "2025-07-13T16:39:02.480561Z", "fetched_at": "2025-07-13T16:39:32.643317+00:00", "symbol": "ETH-USD"}, {"trade_id": 666305016, "side": "sell", "size": "0.18398903", "price": "2992.99000000", "time": "2025-07-13T16:39:02.480561Z", "fetched_at": "2025-07-13T16:39:32.643317+00:00", "symbol": "ETH-USD"}, {"trade_id": 666305015, "side": "sell", "size": "0.01601001", "price": "2992.99000000", "time": "2025-07-13T16:39:02.480561Z", "fetched_at": "2025-07-13T16:39:32.643317+00:00", "symbol": "ETH-USD"}, {"trade_id": 666305014, "side": "sell", "size": "1.51584909", "price": "2992.98000000", "time": "2025-07-13T16:39:02.480561Z", "fetched_at": "2025-07-13T16:39:32.643317+00:00", "symbol": "ETH-USD"}, {"trade_id": 666305013, "side": "sell", "size": "0.02057372", "price": "2992.97000000", "time": "2025-07-13T16:39:02.480561Z", "fetched_at": "2025-07-13T16:39:32.643317+00:00", "symbol": "ETH-USD"}, {"trade_id": 666305012, "side": "sell", "size": "0.08680566", "price": "2992.94000000", "time": "2025-07-13T16:39:02.480561Z", "fetched_at": "2025-07-13T16:39:32.643317+00:00", "symbol": "ETH-USD"}, {"trade_id": 666305011, "side": "sell", "size": "0.16770839", "price": "2992.94000000", "time": "2025-07-13T16:39:02.480561Z", "fetched_at": "2025-07-13T16:39:32.643317+00:00", "symbol": "ETH-USD"}, {"trade_id": 666305010, "side": "sell", "size": "0.16774350", "price": "2992.94000000", "time": "2025-07-13T16:39:02.480561Z", "fetched_at": "2025-07-13T16:39:32.643317+00:00", "symbol": "ETH-USD"}, {"trade_id": 666305009, "side": "sell", "size": "0.14847878", "price": "2992.94000000", "time": "2025-07-13T16:39:02.480561Z", "fetched_at": "2025-07-13T16:39:32.643317+00:00", "symbol": "ETH-USD"}, {"trade_id": 666305008, "side": "sell", "size": "0.34244180", "price": "2992.93000000", "time": "2025-07-13T16:39:02.480561Z", "fetched_at": "2025-07-13T16:39:32.643317+00:00", "symbol": "ETH-USD"}, {"trade_id": 666305007, "side": "sell", "size": "0.11992029", "price": "2992.92000000", "time": "2025-07-13T16:39:02.480561Z", "fetched_at": "2025-07-13T16:39:32.643317+00:00", "symbol": "ETH-USD"}, {"trade_id": 666305006, "side": "sell", "size": "0.00100000", "price": "2992.88000000", "time": "2025-07-13T16:39:02.480014Z", "fetched_at": "2025-07-13T16:39:32.643317+00:00", "symbol": "ETH-USD"}, {"trade_id": 666305005, "side": "sell", "size": "0.13349312", "price": "2992.85000000", "time": "2025-07-13T16:39:02.480014Z", "fetched_at": "2025-07-13T16:39:32.643317+00:00", "symbol": "ETH-USD"}, {"trade_id": 666305004, "side": "sell", "size": "0.00026628", "price": "2992.84000000", "time": "2025-07-13T16:39:02.480014Z", "fetched_at": "2025-07-13T16:39:32.643317+00:00", "symbol": "ETH-USD"}, {"trade_id": 666305003, "side": "sell", "size": "0.00040192", "price": "2992.84000000", "time": "2025-07-13T16:39:02.480014Z", "fetched_at": "2025-07-13T16:39:32.643317+00:00", "symbol": "ETH-USD"}, {"trade_id": 666305002, "side": "sell", "size": "0.05037292", "price": "2992.84000000", "time": "2025-07-13T16:39:02.480014Z", "fetched_at": "2025-07-13T16:39:32.643317+00:00", "symbol": "ETH-USD"}, {"trade_id": 666305001, "side": "sell", "size": "0.12280022", "price": "2992.84000000", "time": "2025-07-13T16:39:02.480014Z", "fetched_at": "2025-07-13T16:39:32.643317+00:00", "symbol": "ETH-USD"}, {"trade_id": 666305000, "side": "sell", "size": "0.20007169", "price": "2992.84000000", "time": "2025-07-13T16:39:02.480014Z", "fetched_at": "2025-07-13T16:39:32.643317+00:00", "symbol": "ETH-USD"}, {"trade_id": 666304999, "side": "sell", "size": "0.00620000", "price": "2992.84000000", "time": "2025-07-13T16:39:01.890875Z", "fetched_at": "2025-07-13T16:39:32.643317+00:00", "symbol": "ETH-USD"}, {"trade_id": 666304998, "side": "sell", "size": "0.07000000", "price": "2992.84000000", "time": "2025-07-13T16:39:01.211525Z", "fetched_at": "2025-07-13T16:39:32.643317+00:00", "symbol": "ETH-USD"}, {"trade_id": 666304997, "side": "buy", "size": "0.04978672", "price": "2992.83000000", "time": "2025-07-13T16:38:59.645728Z", "fetched_at": "2025-07-13T16:39:32.643317+00:00", "symbol": "ETH-USD"}, {"trade_id": 666304996, "side": "buy", "size": "0.01428413", "price": "2992.83000000", "time": "2025-07-13T16:38:59.645728Z", "fetched_at": "2025-07-13T16:39:32.643317+00:00", "symbol": "ETH-USD"}, {"trade_id": 666304995, "side": "buy", "size": "0.03091973", "price": "2992.83000000", "time": "2025-07-13T16:38:59.645728Z", "fetched_at": "2025-07-13T16:39:32.643317+00:00", "symbol": "ETH-USD"}, {"trade_id": 666304994, "side": "buy", "size": "0.00535947", "price": "2992.83000000", "time": "2025-07-13T16:38:59.645728Z", "fetched_at": "2025-07-13T16:39:32.643317+00:00", "symbol": "ETH-USD"}, {"trade_id": 666304993, "side": "sell", "size": "0.00033093", "price": "2992.84000000", "time": "2025-07-13T16:38:59.566542Z", "fetched_at": "2025-07-13T16:39:32.643317+00:00", "symbol": "ETH-USD"}, {"trade_id": 666304992, "side": "sell", "size": "0.03309255", "price": "2992.84000000", "time": "2025-07-13T16:38:59.375338Z", "fetched_at": "2025-07-13T16:39:32.643317+00:00", "symbol": "ETH-USD"}, {"trade_id": 666304991, "side": "sell", "size": "0.00634074", "price": "2992.84000000", "time": "2025-07-13T16:38:58.920892Z", "fetched_at": "2025-07-13T16:39:32.643317+00:00", "symbol": "ETH-USD"}, {"trade_id": 666304990, "side": "sell", "size": "0.05905123", "price": "2992.84000000", "time": "2025-07-13T16:38:58.694874Z", "fetched_at": "2025-07-13T16:39:32.643317+00:00", "symbol": "ETH-USD"}, {"trade_id": 666304989, "side": "sell", "size": "0.10826097", "price": "2992.84000000", "time": "2025-07-13T16:38:58.694874Z", "fetched_at": "2025-07-13T16:39:32.643317+00:00", "symbol": "ETH-USD"}, {"trade_id": 666304988, "side": "sell", "size": "0.09631214", "price": "2992.84000000", "time": "2025-07-13T16:38:58.605456Z", "fetched_at": "2025-07-13T16:39:32.643317+00:00", "symbol": "ETH-USD"}, {"trade_id": 666304987, "side": "sell", "size": "0.05740670", "price": "2992.84000000", "time": "2025-07-13T16:38:58.605456Z", "fetched_at": "2025-07-13T16:39:32.643317+00:00", "symbol": "ETH-USD"}, {"trade_id": 666304986, "side": "sell", "size": "0.07717412", "price": "2992.84000000", "time": "2025-07-13T16:38:58.605456Z", "fetched_at": "2025-07-13T16:39:32.643317+00:00", "symbol": "ETH-USD"}, {"trade_id": 666304985, "side": "sell", "size": "0.12642861", "price": "2992.84000000", "time": "2025-07-13T16:38:58.605456Z", "fetched_at": "2025-07-13T16:39:32.643317+00:00", "symbol": "ETH-USD"}, {"trade_id": 666304984, "side": "sell", "size": "0.00100000", "price": "2992.66000000", "time": "2025-07-13T16:38:57.894422Z", "fetched_at": "2025-07-13T16:39:32.643317+00:00", "symbol": "ETH-USD"}, {"trade_id": 666304983, "side": "sell", "size": "0.00100000", "price": "2992.44000000", "time": "2025-07-13T16:38:57.750976Z", "fetched_at": "2025-07-13T16:39:32.643317+00:00", "symbol": "ETH-USD"}, {"trade_id": 666304982, "side": "sell", "size": "0.00000767", "price": "2992.22000000", "time": "2025-07-13T16:38:57.234807Z", "fetched_at": "2025-07-13T16:39:32.643317+00:00", "symbol": "ETH-USD"}, {"trade_id": 666304981, "side": "sell", "size": "0.00100000", "price": "2992.22000000", "time": "2025-07-13T16:38:57.234807Z", "fetched_at": "2025-07-13T16:39:32.643317+00:00", "symbol": "ETH-USD"}, {"trade_id": 666304980, "side": "sell", "size": "0.00005589", "price": "2992.00000000", "time": "2025-07-13T16:38:56.653328Z", "fetched_at": "2025-07-13T16:39:32.643317+00:00", "symbol": "ETH-USD"}, {"trade_id": 666304979, "side": "sell", "size": "0.00004358", "price": "2992.00000000", "time": "2025-07-13T16:38:56.653328Z", "fetched_at": "2025-07-13T16:39:32.643317+00:00", "symbol": "ETH-USD"}, {"trade_id": 666304978, "side": "sell", "size": "0.00021376", "price": "2992.00000000", "time": "2025-07-13T16:38:56.653328Z", "fetched_at": "2025-07-13T16:39:32.643317+00:00", "symbol": "ETH-USD"}, {"trade_id": 666304977, "side": "sell", "size": "0.00100000", "price": "2992.00000000", "time": "2025-07-13T16:38:56.653328Z", "fetched_at": "2025-07-13T16:39:32.643317+00:00", "symbol": "ETH-USD"}, {"trade_id": 666304976, "side": "sell", "size": "0.00029716", "price": "2991.78000000", "time": "2025-07-13T16:38:55.991905Z", "fetched_at": "2025-07-13T16:39:32.643317+00:00", "symbol": "ETH-USD"}, {"trade_id": 666304975, "side": "sell", "size": "0.00057748", "price": "2991.78000000", "time": "2025-07-13T16:38:55.991905Z", "fetched_at": "2025-07-13T16:39:32.643317+00:00", "symbol": "ETH-USD"}, {"trade_id": 666304974, "side": "sell", "size": "0.00012809", "price": "2991.78000000", "time": "2025-07-13T16:38:55.991905Z", "fetched_at": "2025-07-13T16:39:32.643317+00:00", "symbol": "ETH-USD"}, {"trade_id": 666304973, "side": "sell", "size": "0.00047235", "price": "2991.78000000", "time": "2025-07-13T16:38:55.991905Z", "fetched_at": "2025-07-13T16:39:32.643317+00:00", "symbol": "ETH-USD"}, {"trade_id": 666304972, "side": "sell", "size": "0.00100000", "price": "2991.78000000", "time": "2025-07-13T16:38:55.991905Z", "fetched_at": "2025-07-13T16:39:32.643317+00:00", "symbol": "ETH-USD"}, {"trade_id": 666304971, "side": "sell", "size": "0.06479080", "price": "2991.71000000", "time": "2025-07-13T16:38:54.377663Z", "fetched_at": "2025-07-13T16:39:32.643317+00:00", "symbol": "ETH-USD"}, {"trade_id": 666304970, "side": "sell", "size": "0.00003957", "price": "2991.62000000", "time": "2025-07-13T16:38:54.377663Z", "fetched_at": "2025-07-13T16:39:32.643317+00:00", "symbol": "ETH-USD"}, {"trade_id": 666304969, "side": "sell", "size": "0.00014259", "price": "2991.62000000", "time": "2025-07-13T16:38:54.377663Z", "fetched_at": "2025-07-13T16:39:32.643317+00:00", "symbol": "ETH-USD"}, {"trade_id": 666304968, "side": "sell", "size": "0.00001286", "price": "2991.62000000", "time": "2025-07-13T16:38:54.377663Z", "fetched_at": "2025-07-13T16:39:32.643317+00:00", "symbol": "ETH-USD"}, {"trade_id": 666304967, "side": "buy", "size": "0.16454587", "price": "2991.33000000", "time": "2025-07-13T16:38:51.599452Z", "fetched_at": "2025-07-13T16:39:32.643317+00:00", "symbol": "ETH-USD"}, {"trade_id": 666304966, "side": "buy", "size": "0.00001337", "price": "2991.33000000", "time": "2025-07-13T16:38:51.599452Z", "fetched_at": "2025-07-13T16:39:32.643317+00:00", "symbol": "ETH-USD"}, {"trade_id": 666304965, "side": "buy", "size": "0.04671536", "price": "2991.40000000", "time": "2025-07-13T16:38:51.599452Z", "fetched_at": "2025-07-13T16:39:32.643317+00:00", "symbol": "ETH-USD"}, {"trade_id": 666304964, "side": "buy", "size": "0.01608244", "price": "2991.46000000", "time": "2025-07-13T16:38:51.599452Z", "fetched_at": "2025-07-13T16:39:32.643317+00:00", "symbol": "ETH-USD"}, {"trade_id": 666304963, "side": "buy", "size": "0.00230551", "price": "2991.61000000", "time": "2025-07-13T16:38:51.599452Z", "fetched_at": "2025-07-13T16:39:32.643317+00:00", "symbol": "ETH-USD"}, {"trade_id": 666304962, "side": "buy", "size": "0.00089580", "price": "2991.34000000", "time": "2025-07-13T16:38:51.336818Z", "fetched_at": "2025-07-13T16:39:32.643317+00:00", "symbol": "ETH-USD"}, {"trade_id": 666304961, "side": "buy", "size": "0.00000668", "price": "2991.39000000", "time": "2025-07-13T16:38:51.336818Z", "fetched_at": "2025-07-13T16:39:32.643317+00:00", "symbol": "ETH-USD"}, {"trade_id": 666304960, "side": "buy", "size": "0.00000334", "price": "2991.39000000", "time": "2025-07-13T16:38:51.336818Z", "fetched_at": "2025-07-13T16:39:32.643317+00:00", "symbol": "ETH-USD"}, {"trade_id": 666304959, "side": "buy", "size": "0.00000334", "price": "2991.60000000", "time": "2025-07-13T16:38:51.336818Z", "fetched_at": "2025-07-13T16:39:32.643317+00:00", "symbol": "ETH-USD"}, {"trade_id": 666304958, "side": "buy", "size": "0.00000334", "price": "2991.60000000", "time": "2025-07-13T16:38:51.336818Z", "fetched_at": "2025-07-13T16:39:32.643317+00:00", "symbol": "ETH-USD"}, {"trade_id": 666304957, "side": "sell", "size": "0.00974589", "price": "2991.61000000", "time": "2025-07-13T16:38:50.183614Z", "fetched_at": "2025-07-13T16:39:32.643317+00:00", "symbol": "ETH-USD"}, {"trade_id": 666304956, "side": "sell", "size": "0.09763645", "price": "2991.60000000", "time": "2025-07-13T16:38:48.729757Z", "fetched_at": "2025-07-13T16:39:32.643317+00:00", "symbol": "ETH-USD"}, {"trade_id": 666304955, "side": "sell", "size": "0.00100000", "price": "2991.56000000", "time": "2025-07-13T16:38:48.729757Z", "fetched_at": "2025-07-13T16:39:32.643317+00:00", "symbol": "ETH-USD"}, {"trade_id": 666304954, "side": "sell", "size": "0.16713937", "price": "2991.52000000", "time": "2025-07-13T16:38:48.729757Z", "fetched_at": "2025-07-13T16:39:32.643317+00:00", "symbol": "ETH-USD"}, {"trade_id": 666304953, "side": "sell", "size": "0.00005575", "price": "2991.52000000", "time": "2025-07-13T16:38:48.729757Z", "fetched_at": "2025-07-13T16:39:32.643317+00:00", "symbol": "ETH-USD"}, {"trade_id": 666304952, "side": "sell", "size": "0.09149000", "price": "2991.45000000", "time": "2025-07-13T16:38:48.729757Z", "fetched_at": "2025-07-13T16:39:32.643317+00:00", "symbol": "ETH-USD"}, {"trade_id": 666304951, "side": "buy", "size": "0.05891690", "price": "2991.04000000", "time": "2025-07-13T16:38:47.917871Z", "fetched_at": "2025-07-13T16:39:32.643317+00:00", "symbol": "ETH-USD"}, {"trade_id": 666304950, "side": "buy", "size": "0.01608136", "price": "2991.04000000", "time": "2025-07-13T16:38:47.917871Z", "fetched_at": "2025-07-13T16:39:32.643317+00:00", "symbol": "ETH-USD"}, {"trade_id": 666304949, "side": "buy", "size": "0.04288809", "price": "2991.04000000", "time": "2025-07-13T16:38:47.917871Z", "fetched_at": "2025-07-13T16:39:32.643317+00:00", "symbol": "ETH-USD"}, {"trade_id": 666304948, "side": "buy", "size": "0.15790431", "price": "2991.05000000", "time": "2025-07-13T16:38:47.917871Z", "fetched_at": "2025-07-13T16:39:32.643317+00:00", "symbol": "ETH-USD"}, {"trade_id": 666304947, "side": "buy", "size": "0.12909735", "price": "2991.13000000", "time": "2025-07-13T16:38:47.917871Z", "fetched_at": "2025-07-13T16:39:32.643317+00:00", "symbol": "ETH-USD"}, {"trade_id": 666304946, "side": "buy", "size": "0.10179106", "price": "2991.14000000", "time": "2025-07-13T16:38:47.917871Z", "fetched_at": "2025-07-13T16:39:32.643317+00:00", "symbol": "ETH-USD"}, {"trade_id": 666304945, "side": "buy", "size": "0.00260324", "price": "2991.15000000", "time": "2025-07-13T16:38:47.917871Z", "fetched_at": "2025-07-13T16:39:32.643317+00:00", "symbol": "ETH-USD"}, {"trade_id": 666304944, "side": "buy", "size": "0.06411769", "price": "2991.33000000", "time": "2025-07-13T16:38:47.917871Z", "fetched_at": "2025-07-13T16:39:32.643317+00:00", "symbol": "ETH-USD"}, {"trade_id": 666304943, "side": "buy", "size": "0.09660000", "price": "2991.39000000", "time": "2025-07-13T16:38:47.917871Z", "fetched_at": "2025-07-13T16:39:32.643317+00:00", "symbol": "ETH-USD"}, {"trade_id": 666304942, "side": "sell", "size": "0.02911969", "price": "2991.50000000", "time": "2025-07-13T16:38:47.632472Z", "fetched_at": "2025-07-13T16:39:32.643317+00:00", "symbol": "ETH-USD"}, {"trade_id": 666304941, "side": "sell", "size": "0.03146938", "price": "2991.48000000", "time": "2025-07-13T16:38:47.358801Z", "fetched_at": "2025-07-13T16:39:32.643317+00:00", "symbol": "ETH-USD"}, {"trade_id": 666304940, "side": "sell", "size": "0.00062007", "price": "2991.34000000", "time": "2025-07-13T16:38:47.358801Z", "fetched_at": "2025-07-13T16:39:32.643317+00:00", "symbol": "ETH-USD"}, {"trade_id": 666304939, "side": "sell", "size": "0.00100000", "price": "2991.34000000", "time": "2025-07-13T16:38:47.358801Z", "fetched_at": "2025-07-13T16:39:32.643317+00:00", "symbol": "ETH-USD"}, {"trade_id": 666304938, "side": "sell", "size": "0.06435600", "price": "2991.05000000", "time": "2025-07-13T16:38:46.518961Z", "fetched_at": "2025-07-13T16:39:32.643317+00:00", "symbol": "ETH-USD"}, {"trade_id": 666304937, "side": "sell", "size": "0.00062001", "price": "2990.89000000", "time": "2025-07-13T16:38:46.188300Z", "fetched_at": "2025-07-13T16:39:32.643317+00:00", "symbol": "ETH-USD"}, {"trade_id": 666304936, "side": "sell", "size": "0.57854006", "price": "2990.85000000", "time": "2025-07-13T16:38:45.117016Z", "fetched_at": "2025-07-13T16:39:32.643317+00:00", "symbol": "ETH-USD"}, {"trade_id": 666304935, "side": "sell", "size": "0.34712404", "price": "2990.84000000", "time": "2025-07-13T16:38:45.117016Z", "fetched_at": "2025-07-13T16:39:32.643317+00:00", "symbol": "ETH-USD"}, {"trade_id": 666304934, "side": "sell", "size": "0.81790611", "price": "2990.83000000", "time": "2025-07-13T16:38:45.117016Z", "fetched_at": "2025-07-13T16:39:32.643317+00:00", "symbol": "ETH-USD"}, {"trade_id": 666304933, "side": "sell", "size": "0.15000000", "price": "2990.83000000", "time": "2025-07-13T16:38:45.117016Z", "fetched_at": "2025-07-13T16:39:32.643317+00:00", "symbol": "ETH-USD"}, {"trade_id": 666304932, "side": "sell", "size": "0.06339372", "price": "2990.87000000", "time": "2025-07-13T16:38:42.806158Z", "fetched_at": "2025-07-13T16:39:32.643317+00:00", "symbol": "ETH-USD"}, {"trade_id": 666304931, "side": "sell", "size": "0.01585700", "price": "2990.92000000", "time": "2025-07-13T16:38:42.315434Z", "fetched_at": "2025-07-13T16:39:32.643317+00:00", "symbol": "ETH-USD"}, {"trade_id": 666304930, "side": "buy", "size": "0.83588231", "price": "2990.85000000", "time": "2025-07-13T16:38:42.204631Z", "fetched_at": "2025-07-13T16:39:32.643317+00:00", "symbol": "ETH-USD"}, {"trade_id": 666304929, "side": "buy", "size": "0.32106999", "price": "2990.86000000", "time": "2025-07-13T16:38:42.204631Z", "fetched_at": "2025-07-13T16:39:32.643317+00:00", "symbol": "ETH-USD"}, {"trade_id": 666304928, "side": "buy", "size": "0.21938328", "price": "2990.88000000", "time": "2025-07-13T16:38:42.204631Z", "fetched_at": "2025-07-13T16:39:32.643317+00:00", "symbol": "ETH-USD"}, {"trade_id": 666304927, "side": "buy", "size": "1.18061672", "price": "2990.88000000", "time": "2025-07-13T16:38:42.204087Z", "fetched_at": "2025-07-13T16:39:32.643317+00:00", "symbol": "ETH-USD"}, {"trade_id": 666304926, "side": "buy", "size": "0.03342486", "price": "2990.89000000", "time": "2025-07-13T16:38:42.204087Z", "fetched_at": "2025-07-13T16:39:32.643317+00:00", "symbol": "ETH-USD"}, {"trade_id": 666304925, "side": "buy", "size": "0.00100000", "price": "2990.90000000", "time": "2025-07-13T16:38:42.204087Z", "fetched_at": "2025-07-13T16:39:32.643317+00:00", "symbol": "ETH-USD"}, {"trade_id": 666304924, "side": "buy", "size": "0.30656796", "price": "2990.92000000", "time": "2025-07-13T16:38:42.204087Z", "fetched_at": "2025-07-13T16:39:32.643317+00:00", "symbol": "ETH-USD"}, {"trade_id": 666304923, "side": "buy", "size": "0.83586178", "price": "2990.92000000", "time": "2025-07-13T16:38:42.204087Z", "fetched_at": "2025-07-13T16:39:32.643317+00:00", "symbol": "ETH-USD"}, {"trade_id": 666304922, "side": "buy", "size": "0.19998234", "price": "2990.95000000", "time": "2025-07-13T16:38:42.204087Z", "fetched_at": "2025-07-13T16:39:32.643317+00:00", "symbol": "ETH-USD"}, {"trade_id": 666304921, "side": "buy", "size": "0.31344041", "price": "2990.97000000", "time": "2025-07-13T16:38:42.203429Z", "fetched_at": "2025-07-13T16:39:32.643317+00:00", "symbol": "ETH-USD"}, {"trade_id": 666304920, "side": "buy", "size": "0.13369674", "price": "2991.11000000", "time": "2025-07-13T16:38:42.203250Z", "fetched_at": "2025-07-13T16:39:32.643317+00:00", "symbol": "ETH-USD"}, {"trade_id": 666304919, "side": "buy", "size": "0.57767632", "price": "2991.11000000", "time": "2025-07-13T16:38:42.203250Z", "fetched_at": "2025-07-13T16:39:32.643317+00:00", "symbol": "ETH-USD"}, {"trade_id": 666304918, "side": "buy", "size": "2.42150136", "price": "2991.11000000", "time": "2025-07-13T16:38:42.203096Z", "fetched_at": "2025-07-13T16:39:32.643317+00:00", "symbol": "ETH-USD"}, {"trade_id": 666304917, "side": "buy", "size": "0.00100000", "price": "2991.12000000", "time": "2025-07-13T16:38:42.203096Z", "fetched_at": "2025-07-13T16:39:32.643317+00:00", "symbol": "ETH-USD"}, {"trade_id": 666304916, "side": "buy", "size": "0.12285599", "price": "2991.12000000", "time": "2025-07-13T16:38:42.203096Z", "fetched_at": "2025-07-13T16:39:32.643317+00:00", "symbol": "ETH-USD"}, {"trade_id": 666304915, "side": "buy", "size": "0.62990954", "price": "2991.13000000", "time": "2025-07-13T16:38:42.202145Z", "fetched_at": "2025-07-13T16:39:32.643317+00:00", "symbol": "ETH-USD"}, {"trade_id": 666304914, "side": "buy", "size": "0.16715840", "price": "2991.17000000", "time": "2025-07-13T16:38:42.202145Z", "fetched_at": "2025-07-13T16:39:32.643317+00:00", "symbol": "ETH-USD"}, {"trade_id": 666304913, "side": "buy", "size": "0.23626169", "price": "2991.18000000", "time": "2025-07-13T16:38:42.202145Z", "fetched_at": "2025-07-13T16:39:32.643317+00:00", "symbol": "ETH-USD"}, {"trade_id": 666304912, "side": "buy", "size": "0.15047053", "price": "2991.18000000", "time": "2025-07-13T16:38:42.202145Z", "fetched_at": "2025-07-13T16:39:32.643317+00:00", "symbol": "ETH-USD"}, {"trade_id": 666304911, "side": "buy", "size": "0.19999858", "price": "2991.31000000", "time": "2025-07-13T16:38:42.202145Z", "fetched_at": "2025-07-13T16:39:32.643317+00:00", "symbol": "ETH-USD"}, {"trade_id": 666304910, "side": "buy", "size": "0.19999489", "price": "2991.31000000", "time": "2025-07-13T16:38:42.202145Z", "fetched_at": "2025-07-13T16:39:32.643317+00:00", "symbol": "ETH-USD"}, {"trade_id": 666304909, "side": "buy", "size": "0.00041390", "price": "2991.31000000", "time": "2025-07-13T16:38:42.202145Z", "fetched_at": "2025-07-13T16:39:32.643317+00:00", "symbol": "ETH-USD"}, {"trade_id": 666304908, "side": "buy", "size": "0.00100000", "price": "2991.34000000", "time": "2025-07-13T16:38:42.202145Z", "fetched_at": "2025-07-13T16:39:32.643317+00:00", "symbol": "ETH-USD"}, {"trade_id": 666304907, "side": "buy", "size": "0.00134712", "price": "2991.56000000", "time": "2025-07-13T16:38:42.201738Z", "fetched_at": "2025-07-13T16:39:32.643317+00:00", "symbol": "ETH-USD"}, {"trade_id": 666304906, "side": "buy", "size": "0.00000668", "price": "2991.56000000", "time": "2025-07-13T16:38:42.201738Z", "fetched_at": "2025-07-13T16:39:32.643317+00:00", "symbol": "ETH-USD"}, {"trade_id": 666304905, "side": "buy", "size": "0.00269424", "price": "2991.56000000", "time": "2025-07-13T16:38:42.201738Z", "fetched_at": "2025-07-13T16:39:32.643317+00:00", "symbol": "ETH-USD"}, {"trade_id": 666304904, "side": "buy", "size": "0.00001337", "price": "2991.56000000", "time": "2025-07-13T16:38:42.201738Z", "fetched_at": "2025-07-13T16:39:32.643317+00:00", "symbol": "ETH-USD"}, {"trade_id": 666304903, "side": "buy", "size": "0.00536843", "price": "2991.56000000", "time": "2025-07-13T16:38:42.201738Z", "fetched_at": "2025-07-13T16:39:32.643317+00:00", "symbol": "ETH-USD"}, {"trade_id": 666304902, "side": "buy", "size": "0.01418582", "price": "2991.56000000", "time": "2025-07-13T16:38:42.201738Z", "fetched_at": "2025-07-13T16:39:32.643317+00:00", "symbol": "ETH-USD"}, {"trade_id": 666304901, "side": "buy", "size": "0.00286924", "price": "2991.58000000", "time": "2025-07-13T16:38:42.201738Z", "fetched_at": "2025-07-13T16:39:32.643317+00:00", "symbol": "ETH-USD"}, {"trade_id": 666304900, "side": "buy", "size": "0.04288369", "price": "2991.58000000", "time": "2025-07-13T16:38:42.201738Z", "fetched_at": "2025-07-13T16:39:32.643317+00:00", "symbol": "ETH-USD"}, {"trade_id": 666304899, "side": "buy", "size": "0.01652972", "price": "2991.58000000", "time": "2025-07-13T16:38:42.201738Z", "fetched_at": "2025-07-13T16:39:32.643317+00:00", "symbol": "ETH-USD"}, {"trade_id": 666304898, "side": "buy", "size": "0.00011106", "price": "2991.56000000", "time": "2025-07-13T16:38:41.435763Z", "fetched_at": "2025-07-13T16:39:32.643317+00:00", "symbol": "ETH-USD"}, {"trade_id": 666304897, "side": "buy", "size": "0.00100000", "price": "2991.56000000", "time": "2025-07-13T16:38:41.435763Z", "fetched_at": "2025-07-13T16:39:32.643317+00:00", "symbol": "ETH-USD"}, {"trade_id": 666304896, "side": "sell", "size": "0.00298228", "price": "2991.62000000", "time": "2025-07-13T16:38:39.687999Z", "fetched_at": "2025-07-13T16:39:32.643317+00:00", "symbol": "ETH-USD"}, {"trade_id": 666304895, "side": "sell", "size": "0.00321772", "price": "2991.61000000", "time": "2025-07-13T16:38:39.687999Z", "fetched_at": "2025-07-13T16:39:32.643317+00:00", "symbol": "ETH-USD"}, {"trade_id": 666304894, "side": "sell", "size": "0.02327397", "price": "2991.62000000", "time": "2025-07-13T16:38:39.505064Z", "fetched_at": "2025-07-13T16:39:32.643317+00:00", "symbol": "ETH-USD"}, {"trade_id": 666304893, "side": "sell", "size": "0.00020669", "price": "2991.57000000", "time": "2025-07-13T16:38:39.505064Z", "fetched_at": "2025-07-13T16:39:32.643317+00:00", "symbol": "ETH-USD"}, {"trade_id": 666304892, "side": "sell", "size": "0.00005589", "price": "2991.57000000", "time": "2025-07-13T16:38:39.505064Z", "fetched_at": "2025-07-13T16:39:32.643317+00:00", "symbol": "ETH-USD"}, {"trade_id": 666304891, "side": "sell", "size": "0.00024002", "price": "2991.57000000", "time": "2025-07-13T16:38:39.505064Z", "fetched_at": "2025-07-13T16:39:32.643317+00:00", "symbol": "ETH-USD"}, {"trade_id": 666304890, "side": "sell", "size": "0.11925771", "price": "2991.63000000", "time": "2025-07-13T16:38:39.449973Z", "fetched_at": "2025-07-13T16:39:32.643317+00:00", "symbol": "ETH-USD"}, {"trade_id": 666304889, "side": "sell", "size": "0.00264404", "price": "2991.57000000", "time": "2025-07-13T16:38:39.449973Z", "fetched_at": "2025-07-13T16:39:32.643317+00:00", "symbol": "ETH-USD"}, {"trade_id": 666304888, "side": "sell", "size": "0.00020668", "price": "2991.57000000", "time": "2025-07-13T16:38:39.449973Z", "fetched_at": "2025-07-13T16:39:32.643317+00:00", "symbol": "ETH-USD"}, {"trade_id": 666304887, "side": "sell", "size": "0.00011178", "price": "2991.57000000", "time": "2025-07-13T16:38:39.449973Z", "fetched_at": "2025-07-13T16:39:32.643317+00:00", "symbol": "ETH-USD"}, {"trade_id": 666304886, "side": "sell", "size": "0.00048008", "price": "2991.57000000", "time": "2025-07-13T16:38:39.449973Z", "fetched_at": "2025-07-13T16:39:32.643317+00:00", "symbol": "ETH-USD"}, {"trade_id": 666304885, "side": "buy", "size": "0.01844386", "price": "2991.78000000", "time": "2025-07-13T16:38:37.683702Z", "fetched_at": "2025-07-13T16:39:32.643317+00:00", "symbol": "ETH-USD"}, {"trade_id": 666304884, "side": "buy", "size": "0.04420445", "price": "2991.78000000", "time": "2025-07-13T16:38:37.683702Z", "fetched_at": "2025-07-13T16:39:32.643317+00:00", "symbol": "ETH-USD"}, {"trade_id": 666304883, "side": "buy", "size": "0.00706937", "price": "2991.78000000", "time": "2025-07-13T16:38:37.683702Z", "fetched_at": "2025-07-13T16:39:32.643317+00:00", "symbol": "ETH-USD"}, {"trade_id": 666304882, "side": "buy", "size": "0.00394748", "price": "2991.78000000", "time": "2025-07-13T16:38:37.683702Z", "fetched_at": "2025-07-13T16:39:32.643317+00:00", "symbol": "ETH-USD"}, {"trade_id": 666304881, "side": "buy", "size": "0.00100000", "price": "2991.78000000", "time": "2025-07-13T16:38:37.683702Z", "fetched_at": "2025-07-13T16:39:32.643317+00:00", "symbol": "ETH-USD"}, {"trade_id": 666304880, "side": "sell", "size": "0.01394427", "price": "2991.79000000", "time": "2025-07-13T16:38:36.746227Z", "fetched_at": "2025-07-13T16:39:32.643317+00:00", "symbol": "ETH-USD"}, {"trade_id": 666304879, "side": "sell", "size": "0.00100000", "price": "2991.79000000", "time": "2025-07-13T16:38:35.026877Z", "fetched_at": "2025-07-13T16:39:32.643317+00:00", "symbol": "ETH-USD"}, {"trade_id": 666304878, "side": "sell", "size": "0.00886661", "price": "2991.88000000", "time": "2025-07-13T16:38:30.888508Z", "fetched_at": "2025-07-13T16:39:32.643317+00:00", "symbol": "ETH-USD"}, {"trade_id": 666304877, "side": "sell", "size": "0.01075720", "price": "2991.88000000", "time": "2025-07-13T16:38:30.603197Z", "fetched_at": "2025-07-13T16:39:32.643317+00:00", "symbol": "ETH-USD"}, {"trade_id": 666304876, "side": "buy", "size": "0.00321736", "price": "2991.88000000", "time": "2025-07-13T16:38:30.507141Z", "fetched_at": "2025-07-13T16:39:32.643317+00:00", "symbol": "ETH-USD"}, {"trade_id": 666304875, "side": "buy", "size": "0.02313261", "price": "2991.88000000", "time": "2025-07-13T16:38:30.507141Z", "fetched_at": "2025-07-13T16:39:32.643317+00:00", "symbol": "ETH-USD"}, {"trade_id": 666304874, "side": "buy", "size": "0.19899023", "price": "2991.88000000", "time": "2025-07-13T16:38:30.507141Z", "fetched_at": "2025-07-13T16:39:32.643317+00:00", "symbol": "ETH-USD"}, {"trade_id": 666304873, "side": "buy", "size": "0.00034362", "price": "2991.88000000", "time": "2025-07-13T16:38:30.507141Z", "fetched_at": "2025-07-13T16:39:32.643317+00:00", "symbol": "ETH-USD"}, {"trade_id": 666304872, "side": "buy", "size": "0.06723512", "price": "2991.88000000", "time": "2025-07-13T16:38:30.507141Z", "fetched_at": "2025-07-13T16:39:32.643317+00:00", "symbol": "ETH-USD"}, {"trade_id": 666304871, "side": "sell", "size": "0.19206825", "price": "2991.89000000", "time": "2025-07-13T16:38:29.637495Z", "fetched_at": "2025-07-13T16:39:32.643317+00:00", "symbol": "ETH-USD"}, {"trade_id": 666304870, "side": "sell", "size": "0.63191786", "price": "2991.89000000", "time": "2025-07-13T16:38:29.637495Z", "fetched_at": "2025-07-13T16:39:32.643317+00:00", "symbol": "ETH-USD"}, {"trade_id": 666304869, "side": "sell", "size": "0.44827950", "price": "2991.89000000", "time": "2025-07-13T16:38:29.637495Z", "fetched_at": "2025-07-13T16:39:32.643317+00:00", "symbol": "ETH-USD"}, {"trade_id": 666304868, "side": "sell", "size": "0.09149000", "price": "2991.89000000", "time": "2025-07-13T16:38:29.637495Z", "fetched_at": "2025-07-13T16:39:32.643317+00:00", "symbol": "ETH-USD"}, {"trade_id": 666304867, "side": "sell", "size": "0.16894851", "price": "2991.89000000", "time": "2025-07-13T16:38:29.180433Z", "fetched_at": "2025-07-13T16:39:32.643317+00:00", "symbol": "ETH-USD"}, {"trade_id": 666304866, "side": "sell", "size": "0.00486834", "price": "2991.90000000", "time": "2025-07-13T16:38:28.741404Z", "fetched_at": "2025-07-13T16:39:32.643317+00:00", "symbol": "ETH-USD"}, {"trade_id": 666304865, "side": "buy", "size": "0.00100000", "price": "2992.00000000", "time": "2025-07-13T16:38:28.731246Z", "fetched_at": "2025-07-13T16:39:32.643317+00:00", "symbol": "ETH-USD"}, {"trade_id": 666304864, "side": "buy", "size": "0.00656067", "price": "2992.07000000", "time": "2025-07-13T16:38:28.731246Z", "fetched_at": "2025-07-13T16:39:32.643317+00:00", "symbol": "ETH-USD"}, {"trade_id": 666304863, "side": "buy", "size": "0.00482609", "price": "2992.07000000", "time": "2025-07-13T16:38:28.731246Z", "fetched_at": "2025-07-13T16:39:32.643317+00:00", "symbol": "ETH-USD"}, {"trade_id": 666304862, "side": "sell", "size": "0.00258098", "price": "2992.08000000", "time": "2025-07-13T16:38:28.445181Z", "fetched_at": "2025-07-13T16:39:32.643317+00:00", "symbol": "ETH-USD"}, {"trade_id": 666304861, "side": "buy", "size": "0.00100000", "price": "2992.22000000", "time": "2025-07-13T16:38:27.565126Z", "fetched_at": "2025-07-13T16:39:32.643317+00:00", "symbol": "ETH-USD"}, {"trade_id": 666304860, "side": "buy", "size": "0.16950796", "price": "2992.24000000", "time": "2025-07-13T16:38:27.565126Z", "fetched_at": "2025-07-13T16:39:32.643317+00:00", "symbol": "ETH-USD"}, {"trade_id": 666304859, "side": "buy", "size": "0.03048833", "price": "2992.24000000", "time": "2025-07-13T16:38:27.560706Z", "fetched_at": "2025-07-13T16:39:32.643317+00:00", "symbol": "ETH-USD"}, {"trade_id": 666304858, "side": "buy", "size": "0.19999753", "price": "2992.29000000", "time": "2025-07-13T16:38:27.560706Z", "fetched_at": "2025-07-13T16:39:32.643317+00:00", "symbol": "ETH-USD"}, {"trade_id": 666304857, "side": "buy", "size": "0.09445936", "price": "2992.37000000", "time": "2025-07-13T16:38:27.560706Z", "fetched_at": "2025-07-13T16:39:32.643317+00:00", "symbol": "ETH-USD"}, {"trade_id": 666304856, "side": "buy", "size": "0.00100000", "price": "2992.46000000", "time": "2025-07-13T16:38:27.560706Z", "fetched_at": "2025-07-13T16:39:32.643317+00:00", "symbol": "ETH-USD"}, {"trade_id": 666304855, "side": "buy", "size": "0.01607707", "price": "2992.46000000", "time": "2025-07-13T16:38:27.560706Z", "fetched_at": "2025-07-13T16:39:32.643317+00:00", "symbol": "ETH-USD"}, {"trade_id": 666304854, "side": "buy", "size": "0.00000334", "price": "2992.46000000", "time": "2025-07-13T16:38:27.560706Z", "fetched_at": "2025-07-13T16:39:32.643317+00:00", "symbol": "ETH-USD"}, {"trade_id": 666304853, "side": "buy", "size": "0.00000668", "price": "2992.46000000", "time": "2025-07-13T16:38:27.560706Z", "fetched_at": "2025-07-13T16:39:32.643317+00:00", "symbol": "ETH-USD"}, {"trade_id": 666304852, "side": "buy", "size": "0.04287442", "price": "2992.46000000", "time": "2025-07-13T16:38:27.560706Z", "fetched_at": "2025-07-13T16:39:32.643317+00:00", "symbol": "ETH-USD"}, {"trade_id": 666304851, "side": "buy", "size": "0.01608709", "price": "2992.46000000", "time": "2025-07-13T16:38:27.560706Z", "fetched_at": "2025-07-13T16:39:32.643317+00:00", "symbol": "ETH-USD"}, {"trade_id": 666304850, "side": "sell", "size": "0.02483245", "price": "2992.47000000", "time": "2025-07-13T16:38:26.804110Z", "fetched_at": "2025-07-13T16:39:32.643317+00:00", "symbol": "ETH-USD"}, {"trade_id": 666304849, "side": "sell", "size": "0.00031001", "price": "2992.47000000", "time": "2025-07-13T16:38:26.804110Z", "fetched_at": "2025-07-13T16:39:32.643317+00:00", "symbol": "ETH-USD"}, {"trade_id": 666304848, "side": "sell", "size": "0.06419014", "price": "2992.47000000", "time": "2025-07-13T16:38:26.804110Z", "fetched_at": "2025-07-13T16:39:32.643317+00:00", "symbol": "ETH-USD"}, {"trade_id": 666304847, "side": "sell", "size": "0.15000000", "price": "2992.47000000", "time": "2025-07-13T16:38:26.804110Z", "fetched_at": "2025-07-13T16:39:32.643317+00:00", "symbol": "ETH-USD"}, {"trade_id": 666304846, "side": "sell", "size": "0.09149000", "price": "2992.47000000", "time": "2025-07-13T16:38:26.804110Z", "fetched_at": "2025-07-13T16:39:32.643317+00:00", "symbol": "ETH-USD"}, {"trade_id": 666304845, "side": "buy", "size": "0.01020000", "price": "2992.53000000", "time": "2025-07-13T16:38:25.998072Z", "fetched_at": "2025-07-13T16:39:32.643317+00:00", "symbol": "ETH-USD"}, {"trade_id": 666304844, "side": "buy", "size": "0.00000334", "price": "2992.53000000", "time": "2025-07-13T16:38:25.998072Z", "fetched_at": "2025-07-13T16:39:32.643317+00:00", "symbol": "ETH-USD"}, {"trade_id": 666304843, "side": "sell", "size": "0.00291730", "price": "2992.53000000", "time": "2025-07-13T16:38:24.413924Z", "fetched_at": "2025-07-13T16:39:32.643317+00:00", "symbol": "ETH-USD"}, {"trade_id": 666304842, "side": "sell", "size": "0.16708270", "price": "2992.53000000", "time": "2025-07-13T16:38:24.413924Z", "fetched_at": "2025-07-13T16:39:32.643317+00:00", "symbol": "ETH-USD"}, {"trade_id": 666304841, "side": "sell", "size": "0.00316403", "price": "2992.59000000", "time": "2025-07-13T16:38:23.532487Z", "fetched_at": "2025-07-13T16:39:32.643317+00:00", "symbol": "ETH-USD"}, {"trade_id": 666304840, "side": "sell", "size": "0.00649494", "price": "2992.47000000", "time": "2025-07-13T16:38:22.512979Z", "fetched_at": "2025-07-13T16:39:32.643317+00:00", "symbol": "ETH-USD"}, {"trade_id": 666304839, "side": "sell", "size": "0.00884986", "price": "2992.47000000", "time": "2025-07-13T16:38:22.366033Z", "fetched_at": "2025-07-13T16:39:32.643317+00:00", "symbol": "ETH-USD"}, {"trade_id": 666304838, "side": "sell", "size": "0.00024001", "price": "2992.47000000", "time": "2025-07-13T16:38:22.366033Z", "fetched_at": "2025-07-13T16:39:32.643317+00:00", "symbol": "ETH-USD"}, {"trade_id": 666304837, "side": "sell", "size": "0.00030999", "price": "2992.47000000", "time": "2025-07-13T16:38:22.366033Z", "fetched_at": "2025-07-13T16:39:32.643317+00:00", "symbol": "ETH-USD"}, {"trade_id": 666304836, "side": "sell", "size": "0.00005588", "price": "2992.47000000", "time": "2025-07-13T16:38:22.366033Z", "fetched_at": "2025-07-13T16:39:32.643317+00:00", "symbol": "ETH-USD"}, {"trade_id": 666304835, "side": "buy", "size": "0.01405886", "price": "2992.37000000", "time": "2025-07-13T16:38:21.851869Z", "fetched_at": "2025-07-13T16:39:32.643317+00:00", "symbol": "ETH-USD"}, {"trade_id": 666304834, "side": "buy", "size": "0.00321674", "price": "2992.46000000", "time": "2025-07-13T16:38:21.851869Z", "fetched_at": "2025-07-13T16:39:32.643317+00:00", "symbol": "ETH-USD"}, {"trade_id": 666304833, "side": "buy", "size": "0.00000334", "price": "2992.46000000", "time": "2025-07-13T16:38:21.851869Z", "fetched_at": "2025-07-13T16:39:32.643317+00:00", "symbol": "ETH-USD"}, {"trade_id": 666304832, "side": "buy", "size": "0.00000334", "price": "2992.46000000", "time": "2025-07-13T16:38:21.851869Z", "fetched_at": "2025-07-13T16:39:32.643317+00:00", "symbol": "ETH-USD"}, {"trade_id": 666304831, "side": "buy", "size": "0.00000668", "price": "2992.46000000", "time": "2025-07-13T16:38:21.851869Z", "fetched_at": "2025-07-13T16:39:32.643317+00:00", "symbol": "ETH-USD"}, {"trade_id": 666304830, "side": "buy", "size": "0.04625130", "price": "2992.46000000", "time": "2025-07-13T16:38:21.851869Z", "fetched_at": "2025-07-13T16:39:32.643317+00:00", "symbol": "ETH-USD"}, {"trade_id": 666304829, "side": "sell", "size": "0.06880559", "price": "2992.47000000", "time": "2025-07-13T16:38:21.373358Z", "fetched_at": "2025-07-13T16:39:32.643317+00:00", "symbol": "ETH-USD"}, {"trade_id": 666304828, "side": "sell", "size": "0.16197485", "price": "2992.60000000", "time": "2025-07-13T16:38:19.801830Z", "fetched_at": "2025-07-13T16:39:32.643317+00:00", "symbol": "ETH-USD"}, {"trade_id": 666304827, "side": "sell", "size": "0.00272281", "price": "2992.59000000", "time": "2025-07-13T16:38:19.801830Z", "fetched_at": "2025-07-13T16:39:32.643317+00:00", "symbol": "ETH-USD"}, {"trade_id": 666304826, "side": "sell", "size": "0.00024000", "price": "2992.53000000", "time": "2025-07-13T16:38:19.801830Z", "fetched_at": "2025-07-13T16:39:32.643317+00:00", "symbol": "ETH-USD"}, {"trade_id": 666304825, "side": "sell", "size": "0.00031001", "price": "2992.53000000", "time": "2025-07-13T16:38:19.801830Z", "fetched_at": "2025-07-13T16:39:32.643317+00:00", "symbol": "ETH-USD"}, {"trade_id": 666304824, "side": "sell", "size": "0.00005589", "price": "2992.53000000", "time": "2025-07-13T16:38:19.801830Z", "fetched_at": "2025-07-13T16:39:32.643317+00:00", "symbol": "ETH-USD"}, {"trade_id": 666304823, "side": "sell", "size": "0.00010334", "price": "2992.47000000", "time": "2025-07-13T16:38:19.801830Z", "fetched_at": "2025-07-13T16:39:32.643317+00:00", "symbol": "ETH-USD"}, {"trade_id": 666304822, "side": "buy", "size": "0.02341379", "price": "2992.46000000", "time": "2025-07-13T16:38:19.447983Z", "fetched_at": "2025-07-13T16:39:32.643317+00:00", "symbol": "ETH-USD"}, {"trade_id": 666304821, "side": "buy", "size": "0.09180118", "price": "2992.37000000", "time": "2025-07-13T16:38:18.051794Z", "fetched_at": "2025-07-13T16:39:32.643317+00:00", "symbol": "ETH-USD"}, {"trade_id": 666304820, "side": "buy", "size": "0.04625353", "price": "2992.42000000", "time": "2025-07-13T16:38:18.051794Z", "fetched_at": "2025-07-13T16:39:32.643317+00:00", "symbol": "ETH-USD"}, {"trade_id": 666304819, "side": "buy", "size": "0.02858183", "price": "2992.46000000", "time": "2025-07-13T16:38:18.051794Z", "fetched_at": "2025-07-13T16:39:32.643317+00:00", "symbol": "ETH-USD"}, {"trade_id": 666304818, "side": "buy", "size": "0.00307235", "price": "2992.46000000", "time": "2025-07-13T16:38:18.051794Z", "fetched_at": "2025-07-13T16:39:32.643317+00:00", "symbol": "ETH-USD"}, {"trade_id": 666304817, "side": "buy", "size": "0.02880000", "price": "2992.46000000", "time": "2025-07-13T16:38:18.051794Z", "fetched_at": "2025-07-13T16:39:32.643317+00:00", "symbol": "ETH-USD"}, {"trade_id": 666304816, "side": "buy", "size": "0.00130462", "price": "2992.46000000", "time": "2025-07-13T16:38:18.051794Z", "fetched_at": "2025-07-13T16:39:32.643317+00:00", "symbol": "ETH-USD"}, {"trade_id": 666304815, "side": "sell", "size": "0.00122719", "price": "2992.49000000", "time": "2025-07-13T16:38:17.832738Z", "fetched_at": "2025-07-13T16:39:32.643317+00:00", "symbol": "ETH-USD"}, {"trade_id": 666304814, "side": "buy", "size": "0.02073744", "price": "2992.46000000", "time": "2025-07-13T16:38:16.985934Z", "fetched_at": "2025-07-13T16:39:32.643317+00:00", "symbol": "ETH-USD"}, {"trade_id": 666304813, "side": "buy", "size": "0.01602666", "price": "2992.47000000", "time": "2025-07-13T16:38:16.985934Z", "fetched_at": "2025-07-13T16:39:32.643317+00:00", "symbol": "ETH-USD"}, {"trade_id": 666304812, "side": "buy", "size": "0.05179000", "price": "2992.52000000", "time": "2025-07-13T16:38:16.985934Z", "fetched_at": "2025-07-13T16:39:32.643317+00:00", "symbol": "ETH-USD"}, {"trade_id": 666304811, "side": "sell", "size": "0.03169358", "price": "2992.53000000", "time": "2025-07-13T16:38:16.900802Z", "fetched_at": "2025-07-13T16:39:32.643317+00:00", "symbol": "ETH-USD"}, {"trade_id": 666304810, "side": "sell", "size": "0.00292096", "price": "2992.53000000", "time": "2025-07-13T16:38:16.060776Z", "fetched_at": "2025-07-13T16:39:32.643317+00:00", "symbol": "ETH-USD"}, {"trade_id": 666304809, "side": "sell", "size": "0.35015554", "price": "2992.68000000", "time": "2025-07-13T16:38:14.281561Z", "fetched_at": "2025-07-13T16:39:32.643317+00:00", "symbol": "ETH-USD"}, {"trade_id": 666304808, "side": "sell", "size": "0.31146381", "price": "2992.68000000", "time": "2025-07-13T16:38:14.281561Z", "fetched_at": "2025-07-13T16:39:32.643317+00:00", "symbol": "ETH-USD"}, {"trade_id": 666304807, "side": "sell", "size": "0.15000000", "price": "2992.67000000", "time": "2025-07-13T16:38:14.281561Z", "fetched_at": "2025-07-13T16:39:32.643317+00:00", "symbol": "ETH-USD"}, {"trade_id": 666304806, "side": "sell", "size": "0.13888190", "price": "2992.67000000", "time": "2025-07-13T16:38:14.281561Z", "fetched_at": "2025-07-13T16:39:32.643317+00:00", "symbol": "ETH-USD"}, {"trade_id": 666304805, "side": "sell", "size": "0.16707767", "price": "2992.62000000", "time": "2025-07-13T16:38:14.281561Z", "fetched_at": "2025-07-13T16:39:32.643317+00:00", "symbol": "ETH-USD"}, {"trade_id": 666304804, "side": "sell", "size": "0.00321668", "price": "2992.61000000", "time": "2025-07-13T16:38:14.281561Z", "fetched_at": "2025-07-13T16:39:32.643317+00:00", "symbol": "ETH-USD"}, {"trade_id": 666304803, "side": "sell", "size": "0.00010337", "price": "2992.53000000", "time": "2025-07-13T16:38:14.281561Z", "fetched_at": "2025-07-13T16:39:32.643317+00:00", "symbol": "ETH-USD"}, {"trade_id": 666304802, "side": "sell", "size": "0.01208234", "price": "2992.53000000", "time": "2025-07-13T16:38:13.098331Z", "fetched_at": "2025-07-13T16:39:32.643317+00:00", "symbol": "ETH-USD"}, {"trade_id": 666304801, "side": "sell", "size": "0.00097858", "price": "2992.63000000", "time": "2025-07-13T16:38:12.605054Z", "fetched_at": "2025-07-13T16:39:32.643317+00:00", "symbol": "ETH-USD"}, {"trade_id": 666304800, "side": "sell", "size": "0.00005589", "price": "2992.51000000", "time": "2025-07-13T16:38:12.605054Z", "fetched_at": "2025-07-13T16:39:32.643317+00:00", "symbol": "ETH-USD"}, {"trade_id": 666304799, "side": "sell", "size": "0.00031002", "price": "2992.49000000", "time": "2025-07-13T16:38:12.605054Z", "fetched_at": "2025-07-13T16:39:32.643317+00:00", "symbol": "ETH-USD"}, {"trade_id": 666304798, "side": "sell", "size": "0.00024004", "price": "2992.47000000", "time": "2025-07-13T16:38:12.605054Z", "fetched_at": "2025-07-13T16:39:32.643317+00:00", "symbol": "ETH-USD"}, {"trade_id": 666304797, "side": "sell", "size": "0.00321640", "price": "2992.43000000", "time": "2025-07-13T16:38:10.292275Z", "fetched_at": "2025-07-13T16:39:32.643317+00:00", "symbol": "ETH-USD"}, {"trade_id": 666304796, "side": "buy", "size": "0.00084860", "price": "2992.77000000", "time": "2025-07-13T16:38:10.009481Z", "fetched_at": "2025-07-13T16:39:32.643317+00:00", "symbol": "ETH-USD"}, {"trade_id": 666304795, "side": "buy", "size": "0.16599000", "price": "2992.77000000", "time": "2025-07-13T16:38:10.009481Z", "fetched_at": "2025-07-13T16:39:32.643317+00:00", "symbol": "ETH-USD"}, {"trade_id": 666304794, "side": "buy", "size": "0.02224026", "price": "2992.77000000", "time": "2025-07-13T16:38:10.009481Z", "fetched_at": "2025-07-13T16:39:32.643317+00:00", "symbol": "ETH-USD"}, {"trade_id": 666304793, "side": "sell", "size": "0.00119160", "price": "2992.79000000", "time": "2025-07-13T16:38:09.745281Z", "fetched_at": "2025-07-13T16:39:32.643317+00:00", "symbol": "ETH-USD"}, {"trade_id": 666304792, "side": "sell", "size": "0.00010335", "price": "2992.78000000", "time": "2025-07-13T16:38:09.745281Z", "fetched_at": "2025-07-13T16:39:32.643317+00:00", "symbol": "ETH-USD"}, {"trade_id": 666304791, "side": "sell", "size": "0.08092560", "price": "2992.78000000", "time": "2025-07-13T16:38:07.247975Z", "fetched_at": "2025-07-13T16:39:32.643317+00:00", "symbol": "ETH-USD"}, {"trade_id": 666304790, "side": "sell", "size": "0.00024001", "price": "2992.78000000", "time": "2025-07-13T16:38:07.247975Z", "fetched_at": "2025-07-13T16:39:32.643317+00:00", "symbol": "ETH-USD"}, {"trade_id": 666304789, "side": "sell", "size": "0.00031005", "price": "2992.78000000", "time": "2025-07-13T16:38:07.247975Z", "fetched_at": "2025-07-13T16:39:32.643317+00:00", "symbol": "ETH-USD"}, {"trade_id": 666304788, "side": "sell", "size": "0.00005589", "price": "2992.78000000", "time": "2025-07-13T16:38:07.247975Z", "fetched_at": "2025-07-13T16:39:32.643317+00:00", "symbol": "ETH-USD"}, {"trade_id": 666304787, "side": "sell", "size": "0.00018436", "price": "2992.78000000", "time": "2025-07-13T16:38:07.247975Z", "fetched_at": "2025-07-13T16:39:32.643317+00:00", "symbol": "ETH-USD"}, {"trade_id": 666304786, "side": "sell", "size": "0.10451037", "price": "2992.78000000", "time": "2025-07-13T16:38:07.247975Z", "fetched_at": "2025-07-13T16:39:32.643317+00:00", "symbol": "ETH-USD"}, {"trade_id": 666304785, "side": "sell", "size": "0.06318965", "price": "2992.78000000", "time": "2025-07-13T16:38:06.657691Z", "fetched_at": "2025-07-13T16:39:32.643317+00:00", "symbol": "ETH-USD"}, {"trade_id": 666304784, "side": "sell", "size": "0.12289777", "price": "2992.78000000", "time": "2025-07-13T16:38:06.657691Z", "fetched_at": "2025-07-13T16:39:32.643317+00:00", "symbol": "ETH-USD"}, {"trade_id": 666304783, "side": "sell", "size": "0.00157130", "price": "2992.78000000", "time": "2025-07-13T16:38:06.537829Z", "fetched_at": "2025-07-13T16:39:32.643317+00:00", "symbol": "ETH-USD"}, {"trade_id": 666304782, "side": "sell", "size": "0.01321371", "price": "2992.78000000", "time": "2025-07-13T16:38:05.375548Z", "fetched_at": "2025-07-13T16:39:32.643317+00:00", "symbol": "ETH-USD"}, {"trade_id": 666304781, "side": "sell", "size": "0.05800000", "price": "2992.75000000", "time": "2025-07-13T16:38:04.195120Z", "fetched_at": "2025-07-13T16:39:32.643317+00:00", "symbol": "ETH-USD"}, {"trade_id": 666304780, "side": "buy", "size": "2.85877318", "price": "2992.46000000", "time": "2025-07-13T16:38:04.182669Z", "fetched_at": "2025-07-13T16:39:32.643317+00:00", "symbol": "ETH-USD"}, {"trade_id": 666304779, "side": "buy", "size": "0.83542542", "price": "2992.48000000", "time": "2025-07-13T16:38:04.182669Z", "fetched_at": "2025-07-13T16:39:32.643317+00:00", "symbol": "ETH-USD"}, {"trade_id": 666304778, "side": "buy", "size": "0.20000420", "price": "2992.50000000", "time": "2025-07-13T16:38:04.182669Z", "fetched_at": "2025-07-13T16:39:32.643317+00:00", "symbol": "ETH-USD"}, {"trade_id": 666304777, "side": "buy", "size": "0.19999976", "price": "2992.50000000", "time": "2025-07-13T16:38:04.182669Z", "fetched_at": "2025-07-13T16:39:32.643317+00:00", "symbol": "ETH-USD"}, {"trade_id": 666304776, "side": "buy", "size": "0.11440525", "price": "2992.52000000", "time": "2025-07-13T16:38:04.182669Z", "fetched_at": "2025-07-13T16:39:32.643317+00:00", "symbol": "ETH-USD"}, {"trade_id": 666304775, "side": "buy", "size": "0.00536003", "price": "2992.52000000", "time": "2025-07-13T16:38:04.182669Z", "fetched_at": "2025-07-13T16:39:32.643317+00:00", "symbol": "ETH-USD"}, {"trade_id": 666304774, "side": "buy", "size": "0.19999554", "price": "2992.53000000", "time": "2025-07-13T16:38:04.182669Z", "fetched_at": "2025-07-13T16:39:32.643317+00:00", "symbol": "ETH-USD"}, {"trade_id": 666304773, "side": "buy", "size": "0.03268805", "price": "2992.53000000", "time": "2025-07-13T16:38:04.182669Z", "fetched_at": "2025-07-13T16:39:32.643317+00:00", "symbol": "ETH-USD"}, {"trade_id": 666304772, "side": "buy", "size": "0.16707909", "price": "2992.59000000", "time": "2025-07-13T16:38:04.182669Z", "fetched_at": "2025-07-13T16:39:32.643317+00:00", "symbol": "ETH-USD"}, {"trade_id": 666304771, "side": "buy", "size": "0.16705569", "price": "2992.60000000", "time": "2025-07-13T16:38:04.182669Z", "fetched_at": "2025-07-13T16:39:32.643317+00:00", "symbol": "ETH-USD"}, {"trade_id": 666304770, "side": "buy", "size": "0.05717083", "price": "2992.61000000", "time": "2025-07-13T16:38:04.182669Z", "fetched_at": "2025-07-13T16:39:32.643317+00:00", "symbol": "ETH-USD"}, {"trade_id": 666304769, "side": "buy", "size": "0.27950000", "price": "2992.74000000", "time": "2025-07-13T16:38:04.182669Z", "fetched_at": "2025-07-13T16:39:32.643317+00:00", "symbol": "ETH-USD"}, {"trade_id": 666304768, "side": "buy", "size": "0.05735968", "price": "2992.75000000", "time": "2025-07-13T16:38:04.182669Z", "fetched_at": "2025-07-13T16:39:32.643317+00:00", "symbol": "ETH-USD"}, {"trade_id": 666304767, "side": "buy", "size": "0.18924000", "price": "2992.77000000", "time": "2025-07-13T16:38:04.182669Z", "fetched_at": "2025-07-13T16:39:32.643317+00:00", "symbol": "ETH-USD"}, {"trade_id": 666304766, "side": "buy", "size": "0.15000000", "price": "2992.77000000", "time": "2025-07-13T16:38:04.182669Z", "fetched_at": "2025-07-13T16:39:32.643317+00:00", "symbol": "ETH-USD"}, {"trade_id": 666304765, "side": "buy", "size": "0.00180920", "price": "2992.77000000", "time": "2025-07-13T16:38:04.182669Z", "fetched_at": "2025-07-13T16:39:32.643317+00:00", "symbol": "ETH-USD"}, {"trade_id": 666304764, "side": "buy", "size": "0.43296731", "price": "2992.77000000", "time": "2025-07-13T16:38:04.182669Z", "fetched_at": "2025-07-13T16:39:32.643317+00:00", "symbol": "ETH-USD"}, {"trade_id": 666304763, "side": "buy", "size": "0.39244876", "price": "2992.77000000", "time": "2025-07-13T16:38:04.182669Z", "fetched_at": "2025-07-13T16:39:32.643317+00:00", "symbol": "ETH-USD"}, {"trade_id": 666304762, "side": "buy", "size": "0.06655124", "price": "2992.77000000", "time": "2025-07-13T16:38:04.159695Z", "fetched_at": "2025-07-13T16:39:32.643317+00:00", "symbol": "ETH-USD"}, {"trade_id": 666304761, "side": "buy", "size": "0.00180445", "price": "2992.77000000", "time": "2025-07-13T16:38:04.159695Z", "fetched_at": "2025-07-13T16:39:32.643317+00:00", "symbol": "ETH-USD"}, {"trade_id": 666304760, "side": "buy", "size": "0.09660000", "price": "2992.77000000", "time": "2025-07-13T16:38:04.159695Z", "fetched_at": "2025-07-13T16:39:32.643317+00:00", "symbol": "ETH-USD"}, {"trade_id": 666304759, "side": "sell", "size": "0.03008694", "price": "2992.78000000", "time": "2025-07-13T16:38:03.865849Z", "fetched_at": "2025-07-13T16:39:32.643317+00:00", "symbol": "ETH-USD"}, {"trade_id": 666304758, "side": "sell", "size": "0.00034395", "price": "2992.75000000", "time": "2025-07-13T16:38:03.865849Z", "fetched_at": "2025-07-13T16:39:32.643317+00:00", "symbol": "ETH-USD"}, {"trade_id": 666304757, "side": "sell", "size": "0.00040438", "price": "2992.75000000", "time": "2025-07-13T16:38:03.865849Z", "fetched_at": "2025-07-13T16:39:32.643317+00:00", "symbol": "ETH-USD"}, {"trade_id": 666304756, "side": "sell", "size": "0.00006704", "price": "2992.75000000", "time": "2025-07-13T16:38:03.865849Z", "fetched_at": "2025-07-13T16:39:32.643317+00:00", "symbol": "ETH-USD"}, {"trade_id": 666304755, "side": "sell", "size": "0.00909769", "price": "2992.75000000", "time": "2025-07-13T16:38:03.865849Z", "fetched_at": "2025-07-13T16:39:32.643317+00:00", "symbol": "ETH-USD"}, {"trade_id": 666304754, "side": "buy", "size": "0.03373957", "price": "2992.74000000", "time": "2025-07-13T16:38:03.815622Z", "fetched_at": "2025-07-13T16:39:32.643317+00:00", "symbol": "ETH-USD"}, {"trade_id": 666304753, "side": "buy", "size": "0.00181636", "price": "2992.74000000", "time": "2025-07-13T16:38:03.815622Z", "fetched_at": "2025-07-13T16:39:32.643317+00:00", "symbol": "ETH-USD"}, {"trade_id": 666304752, "side": "buy", "size": "0.00300000", "price": "2992.74000000", "time": "2025-07-13T16:38:03.815622Z", "fetched_at": "2025-07-13T16:39:32.643317+00:00", "symbol": "ETH-USD"}, {"trade_id": 666304751, "side": "buy", "size": "0.00110000", "price": "2992.74000000", "time": "2025-07-13T16:38:03.815622Z", "fetched_at": "2025-07-13T16:39:32.643317+00:00", "symbol": "ETH-USD"}, {"trade_id": 666304750, "side": "buy", "size": "0.06393223", "price": "2992.74000000", "time": "2025-07-13T16:38:03.815622Z", "fetched_at": "2025-07-13T16:39:32.643317+00:00", "symbol": "ETH-USD"}, {"trade_id": 666304749, "side": "buy", "size": "0.00411823", "price": "2992.74000000", "time": "2025-07-13T16:38:02.410695Z", "fetched_at": "2025-07-13T16:39:32.643317+00:00", "symbol": "ETH-USD"}, {"trade_id": 666304748, "side": "buy", "size": "0.38708954", "price": "2992.74000000", "time": "2025-07-13T16:38:01.586618Z", "fetched_at": "2025-07-13T16:39:32.643317+00:00", "symbol": "ETH-USD"}, {"trade_id": 666304747, "side": "buy", "size": "0.01430127", "price": "2992.74000000", "time": "2025-07-13T16:38:01.586618Z", "fetched_at": "2025-07-13T16:39:32.643317+00:00", "symbol": "ETH-USD"}, {"trade_id": 666304746, "side": "sell", "size": "0.06495600", "price": "2992.75000000", "time": "2025-07-13T16:38:00.451211Z", "fetched_at": "2025-07-13T16:39:32.643317+00:00", "symbol": "ETH-USD"}, {"trade_id": 666304745, "side": "sell", "size": "0.05547333", "price": "2992.75000000", "time": "2025-07-13T16:37:59.843442Z", "fetched_at": "2025-07-13T16:39:32.643317+00:00", "symbol": "ETH-USD"}, {"trade_id": 666304744, "side": "sell", "size": "0.00330868", "price": "2992.75000000", "time": "2025-07-13T16:37:59.147113Z", "fetched_at": "2025-07-13T16:39:32.643317+00:00", "symbol": "ETH-USD"}, {"trade_id": 666304743, "side": "sell", "size": "0.00001410", "price": "2992.75000000", "time": "2025-07-13T16:37:59.036779Z", "fetched_at": "2025-07-13T16:39:32.643317+00:00", "symbol": "ETH-USD"}, {"trade_id": 666304742, "side": "sell", "size": "0.00100000", "price": "2992.66000000", "time": "2025-07-13T16:37:58.443106Z", "fetched_at": "2025-07-13T16:39:32.643317+00:00", "symbol": "ETH-USD"}, {"trade_id": 666304741, "side": "sell", "size": "0.00021564", "price": "2992.62000000", "time": "2025-07-13T16:37:58.443106Z", "fetched_at": "2025-07-13T16:39:32.643317+00:00", "symbol": "ETH-USD"}, {"trade_id": 666304740, "side": "sell", "size": "0.19162594", "price": "2992.62000000", "time": "2025-07-13T16:37:58.443106Z", "fetched_at": "2025-07-13T16:39:32.643317+00:00", "symbol": "ETH-USD"}, {"trade_id": 666304739, "side": "sell", "size": "0.00024815", "price": "2992.62000000", "time": "2025-07-13T16:37:58.108708Z", "fetched_at": "2025-07-13T16:39:32.643317+00:00", "symbol": "ETH-USD"}, {"trade_id": 666304738, "side": "sell", "size": "0.00792429", "price": "2992.62000000", "time": "2025-07-13T16:37:57.650074Z", "fetched_at": "2025-07-13T16:39:32.643317+00:00", "symbol": "ETH-USD"}, {"trade_id": 666304737, "side": "sell", "size": "0.19975933", "price": "2992.56000000", "time": "2025-07-13T16:37:56.626140Z", "fetched_at": "2025-07-13T16:39:32.643317+00:00", "symbol": "ETH-USD"}, {"trade_id": 666304736, "side": "sell", "size": "0.54449147", "price": "2992.56000000", "time": "2025-07-13T16:37:56.626140Z", "fetched_at": "2025-07-13T16:39:32.643317+00:00", "symbol": "ETH-USD"}, {"trade_id": 666304735, "side": "sell", "size": "0.16737503", "price": "2992.54000000", "time": "2025-07-13T16:37:56.626140Z", "fetched_at": "2025-07-13T16:39:32.643317+00:00", "symbol": "ETH-USD"}, {"trade_id": 666304734, "side": "sell", "size": "0.16281375", "price": "2992.54000000", "time": "2025-07-13T16:37:56.626140Z", "fetched_at": "2025-07-13T16:39:32.643317+00:00", "symbol": "ETH-USD"}, {"trade_id": 666304733, "side": "sell", "size": "0.00452635", "price": "2992.54000000", "time": "2025-07-13T16:37:55.854774Z", "fetched_at": "2025-07-13T16:39:32.643317+00:00", "symbol": "ETH-USD"}, {"trade_id": 666304732, "side": "sell", "size": "0.07669353", "price": "2992.54000000", "time": "2025-07-13T16:37:55.854774Z", "fetched_at": "2025-07-13T16:39:32.643317+00:00", "symbol": "ETH-USD"}, {"trade_id": 666304731, "side": "sell", "size": "0.00004473", "price": "2992.53000000", "time": "2025-07-13T16:37:55.854774Z", "fetched_at": "2025-07-13T16:39:32.643317+00:00", "symbol": "ETH-USD"}, {"trade_id": 666304730, "side": "sell", "size": "0.00002233", "price": "2992.53000000", "time": "2025-07-13T16:37:55.854774Z", "fetched_at": "2025-07-13T16:39:32.643317+00:00", "symbol": "ETH-USD"}, {"trade_id": 666304729, "side": "sell", "size": "0.08113400", "price": "2992.53000000", "time": "2025-07-13T16:37:55.854774Z", "fetched_at": "2025-07-13T16:39:32.643317+00:00", "symbol": "ETH-USD"}, {"trade_id": 666304728, "side": "sell", "size": "0.00024815", "price": "2992.53000000", "time": "2025-07-13T16:37:55.223524Z", "fetched_at": "2025-07-13T16:39:32.643317+00:00", "symbol": "ETH-USD"}, {"trade_id": 666304727, "side": "sell", "size": "0.07412902", "price": "2992.53000000", "time": "2025-07-13T16:37:54.965236Z", "fetched_at": "2025-07-13T16:39:32.643317+00:00", "symbol": "ETH-USD"}, {"trade_id": 666304726, "side": "sell", "size": "0.00100000", "price": "2992.44000000", "time": "2025-07-13T16:37:54.965236Z", "fetched_at": "2025-07-13T16:39:32.643317+00:00", "symbol": "ETH-USD"}, {"trade_id": 666304725, "side": "sell", "size": "0.00010335", "price": "2992.43000000", "time": "2025-07-13T16:37:54.965236Z", "fetched_at": "2025-07-13T16:39:32.643317+00:00", "symbol": "ETH-USD"}, {"trade_id": 666304724, "side": "sell", "size": "0.00013608", "price": "2992.43000000", "time": "2025-07-13T16:37:54.965236Z", "fetched_at": "2025-07-13T16:39:32.643317+00:00", "symbol": "ETH-USD"}, {"trade_id": 666304723, "side": "sell", "size": "0.00000849", "price": "2992.43000000", "time": "2025-07-13T16:37:54.965236Z", "fetched_at": "2025-07-13T16:39:32.643317+00:00", "symbol": "ETH-USD"}, {"trade_id": 666304722, "side": "sell", "size": "0.00004740", "price": "2992.43000000", "time": "2025-07-13T16:37:54.933809Z", "fetched_at": "2025-07-13T16:39:32.643317+00:00", "symbol": "ETH-USD"}, {"trade_id": 666304721, "side": "sell", "size": "0.00010334", "price": "2992.43000000", "time": "2025-07-13T16:37:54.933809Z", "fetched_at": "2025-07-13T16:39:32.643317+00:00", "symbol": "ETH-USD"}, {"trade_id": 666304720, "side": "sell", "size": "0.00051100", "price": "2992.43000000", "time": "2025-07-13T16:37:54.933809Z", "fetched_at": "2025-07-13T16:39:32.643317+00:00", "symbol": "ETH-USD"}, {"trade_id": 666304719, "side": "sell", "size": "0.00010908", "price": "2992.43000000", "time": "2025-07-13T16:37:54.370083Z", "fetched_at": "2025-07-13T16:39:32.643317+00:00", "symbol": "ETH-USD"}, {"trade_id": 666304718, "side": "sell", "size": "0.00024005", "price": "2992.43000000", "time": "2025-07-13T16:37:54.370083Z", "fetched_at": "2025-07-13T16:39:32.643317+00:00", "symbol": "ETH-USD"}, {"trade_id": 666304717, "side": "buy", "size": "0.15379076", "price": "2992.35000000", "time": "2025-07-13T16:37:52.610532Z", "fetched_at": "2025-07-13T16:39:32.643317+00:00", "symbol": "ETH-USD"}, {"trade_id": 666304716, "side": "buy", "size": "0.40686919", "price": "2992.43000000", "time": "2025-07-13T16:37:52.610532Z", "fetched_at": "2025-07-13T16:39:32.643317+00:00", "symbol": "ETH-USD"}, {"trade_id": 666304715, "side": "buy", "size": "0.24964047", "price": "2992.43000000", "time": "2025-07-13T16:37:52.610532Z", "fetched_at": "2025-07-13T16:39:32.643317+00:00", "symbol": "ETH-USD"}, {"trade_id": 666304714, "side": "buy", "size": "0.09660000", "price": "2992.43000000", "time": "2025-07-13T16:37:52.610532Z", "fetched_at": "2025-07-13T16:39:32.643317+00:00", "symbol": "ETH-USD"}, {"trade_id": 666304713, "side": "sell", "size": "0.00100000", "price": "2992.22000000", "time": "2025-07-13T16:37:51.868044Z", "fetched_at": "2025-07-13T16:39:32.643317+00:00", "symbol": "ETH-USD"}, {"trade_id": 666304712, "side": "sell", "size": "0.19991382", "price": "2992.20000000", "time": "2025-07-13T16:37:51.868044Z", "fetched_at": "2025-07-13T16:39:32.643317+00:00", "symbol": "ETH-USD"}, {"trade_id": 666304711, "side": "sell", "size": "0.00321710", "price": "2992.13000000", "time": "2025-07-13T16:37:51.863554Z", "fetched_at": "2025-07-13T16:39:32.643317+00:00", "symbol": "ETH-USD"}, {"trade_id": 666304710, "side": "sell", "size": "0.00024002", "price": "2992.13000000", "time": "2025-07-13T16:37:51.863554Z", "fetched_at": "2025-07-13T16:39:32.643317+00:00", "symbol": "ETH-USD"}, {"trade_id": 666304709, "side": "sell", "size": "0.00005589", "price": "2992.13000000", "time": "2025-07-13T16:37:51.863554Z", "fetched_at": "2025-07-13T16:39:32.643317+00:00", "symbol": "ETH-USD"}, {"trade_id": 666304708, "side": "sell", "size": "0.00013557", "price": "2992.13000000", "time": "2025-07-13T16:37:51.863554Z", "fetched_at": "2025-07-13T16:39:32.643317+00:00", "symbol": "ETH-USD"}, {"trade_id": 666304707, "side": "sell", "size": "0.00043433", "price": "2992.13000000", "time": "2025-07-13T16:37:51.863554Z", "fetched_at": "2025-07-13T16:39:32.643317+00:00", "symbol": "ETH-USD"}, {"trade_id": 666304706, "side": "sell", "size": "0.16756154", "price": "2992.13000000", "time": "2025-07-13T16:37:51.863554Z", "fetched_at": "2025-07-13T16:39:32.643317+00:00", "symbol": "ETH-USD"}, {"trade_id": 666304705, "side": "sell", "size": "0.12702811", "price": "2992.13000000", "time": "2025-07-13T16:37:51.863554Z", "fetched_at": "2025-07-13T16:39:32.643317+00:00", "symbol": "ETH-USD"}, {"trade_id": 666304704, "side": "buy", "size": "0.13317664", "price": "2992.12000000", "time": "2025-07-13T16:37:50.973595Z", "fetched_at": "2025-07-13T16:39:32.643317+00:00", "symbol": "ETH-USD"}, {"trade_id": 666304703, "side": "buy", "size": "0.05032000", "price": "2992.12000000", "time": "2025-07-13T16:37:50.973595Z", "fetched_at": "2025-07-13T16:39:32.643317+00:00", "symbol": "ETH-USD"}, {"trade_id": 666304702, "side": "buy", "size": "0.01429421", "price": "2992.12000000", "time": "2025-07-13T16:37:50.973595Z", "fetched_at": "2025-07-13T16:39:32.643317+00:00", "symbol": "ETH-USD"}, {"trade_id": 666304701, "side": "buy", "size": "0.00536408", "price": "2992.12000000", "time": "2025-07-13T16:37:50.973595Z", "fetched_at": "2025-07-13T16:39:32.643317+00:00", "symbol": "ETH-USD"}, {"trade_id": 666304700, "side": "buy", "size": "0.00000668", "price": "2992.12000000", "time": "2025-07-13T16:37:50.973595Z", "fetched_at": "2025-07-13T16:39:32.643317+00:00", "symbol": "ETH-USD"}, {"trade_id": 666304699, "side": "buy", "size": "0.00000668", "price": "2992.12000000", "time": "2025-07-13T16:37:50.973595Z", "fetched_at": "2025-07-13T16:39:32.643317+00:00", "symbol": "ETH-USD"}, {"trade_id": 666304698, "side": "sell", "size": "0.01654655", "price": "2992.13000000", "time": "2025-07-13T16:37:50.415313Z", "fetched_at": "2025-07-13T16:39:32.643317+00:00", "symbol": "ETH-USD"}, {"trade_id": 666304697, "side": "buy", "size": "0.13504705", "price": "2992.12000000", "time": "2025-07-13T16:37:47.982018Z", "fetched_at": "2025-07-13T16:39:32.643317+00:00", "symbol": "ETH-USD"}, {"trade_id": 666304696, "side": "sell", "size": "0.00678844", "price": "2992.13000000", "time": "2025-07-13T16:37:47.849226Z", "fetched_at": "2025-07-13T16:39:32.643317+00:00", "symbol": "ETH-USD"}, {"trade_id": 666304695, "side": "sell", "size": "0.00002183", "price": "2992.13000000", "time": "2025-07-13T16:37:44.711765Z", "fetched_at": "2025-07-13T16:39:32.643317+00:00", "symbol": "ETH-USD"}, {"trade_id": 666304694, "side": "sell", "size": "0.01624313", "price": "2992.13000000", "time": "2025-07-13T16:37:44.141148Z", "fetched_at": "2025-07-13T16:39:32.643317+00:00", "symbol": "ETH-USD"}, {"trade_id": 666304693, "side": "sell", "size": "0.00089838", "price": "2992.13000000", "time": "2025-07-13T16:37:43.536302Z", "fetched_at": "2025-07-13T16:39:32.643317+00:00", "symbol": "ETH-USD"}, {"trade_id": 666304692, "side": "sell", "size": "0.00034016", "price": "2992.00000000", "time": "2025-07-13T16:37:42.109809Z", "fetched_at": "2025-07-13T16:39:32.643317+00:00", "symbol": "ETH-USD"}, {"trade_id": 666304691, "side": "sell", "size": "0.19980911", "price": "2992.00000000", "time": "2025-07-13T16:37:42.109809Z", "fetched_at": "2025-07-13T16:39:32.643317+00:00", "symbol": "ETH-USD"}, {"trade_id": 666304690, "side": "sell", "size": "0.00100000", "price": "2992.00000000", "time": "2025-07-13T16:37:42.109809Z", "fetched_at": "2025-07-13T16:39:32.643317+00:00", "symbol": "ETH-USD"}, {"trade_id": 666304689, "side": "sell", "size": "0.00100000", "price": "2991.78000000", "time": "2025-07-13T16:37:41.499914Z", "fetched_at": "2025-07-13T16:39:32.643317+00:00", "symbol": "ETH-USD"}, {"trade_id": 666304688, "side": "sell", "size": "0.00007286", "price": "2991.56000000", "time": "2025-07-13T16:37:41.433305Z", "fetched_at": "2025-07-13T16:39:32.643317+00:00", "symbol": "ETH-USD"}, {"trade_id": 666304687, "side": "sell", "size": "0.00003802", "price": "2991.56000000", "time": "2025-07-13T16:37:41.433305Z", "fetched_at": "2025-07-13T16:39:32.643317+00:00", "symbol": "ETH-USD"}, {"trade_id": 666304686, "side": "sell", "size": "0.00003310", "price": "2991.56000000", "time": "2025-07-13T16:37:39.079042Z", "fetched_at": "2025-07-13T16:39:32.643317+00:00", "symbol": "ETH-USD"}, {"trade_id": 666304685, "side": "sell", "size": "0.12913848", "price": "2991.56000000", "time": "2025-07-13T16:37:37.324067Z", "fetched_at": "2025-07-13T16:39:32.643317+00:00", "symbol": "ETH-USD"}, {"trade_id": 666304684, "side": "sell", "size": "0.09295600", "price": "2991.56000000", "time": "2025-07-13T16:37:37.324067Z", "fetched_at": "2025-07-13T16:39:32.643317+00:00", "symbol": "ETH-USD"}, {"trade_id": 666304683, "side": "sell", "size": "0.00018569", "price": "2991.56000000", "time": "2025-07-13T16:37:37.324067Z", "fetched_at": "2025-07-13T16:39:32.643317+00:00", "symbol": "ETH-USD"}, {"trade_id": 666304682, "side": "sell", "size": "0.00013985", "price": "2991.56000000", "time": "2025-07-13T16:37:37.324067Z", "fetched_at": "2025-07-13T16:39:32.643317+00:00", "symbol": "ETH-USD"}, {"trade_id": 666304681, "side": "sell", "size": "0.00003891", "price": "2991.56000000", "time": "2025-07-13T16:37:37.324067Z", "fetched_at": "2025-07-13T16:39:32.643317+00:00", "symbol": "ETH-USD"}, {"trade_id": 666304680, "side": "sell", "size": "0.00010336", "price": "2991.56000000", "time": "2025-07-13T16:37:37.324067Z", "fetched_at": "2025-07-13T16:39:32.643317+00:00", "symbol": "ETH-USD"}, {"trade_id": 666304679, "side": "sell", "size": "0.12976893", "price": "2991.56000000", "time": "2025-07-13T16:37:37.324067Z", "fetched_at": "2025-07-13T16:39:32.643317+00:00", "symbol": "ETH-USD"}, {"trade_id": 666304678, "side": "sell", "size": "0.02023107", "price": "2991.56000000", "time": "2025-07-13T16:37:36.239840Z", "fetched_at": "2025-07-13T16:39:32.643317+00:00", "symbol": "ETH-USD"}, {"trade_id": 666304677, "side": "sell", "size": "0.00100000", "price": "2991.56000000", "time": "2025-07-13T16:37:36.239840Z", "fetched_at": "2025-07-13T16:39:32.643317+00:00", "symbol": "ETH-USD"}, {"trade_id": 666304676, "side": "sell", "size": "0.00147492", "price": "2991.20000000", "time": "2025-07-13T16:37:34.446304Z", "fetched_at": "2025-07-13T16:39:32.643317+00:00", "symbol": "ETH-USD"}, {"trade_id": 666304675, "side": "sell", "size": "0.00344331", "price": "2991.13000000", "time": "2025-07-13T16:37:34.446304Z", "fetched_at": "2025-07-13T16:39:32.643317+00:00", "symbol": "ETH-USD"}, {"trade_id": 666304674, "side": "sell", "size": "0.00048003", "price": "2991.13000000", "time": "2025-07-13T16:37:34.446304Z", "fetched_at": "2025-07-13T16:39:32.643317+00:00", "symbol": "ETH-USD"}, {"trade_id": 666304673, "side": "sell", "size": "0.00031005", "price": "2991.13000000", "time": "2025-07-13T16:37:34.446304Z", "fetched_at": "2025-07-13T16:39:32.643317+00:00", "symbol": "ETH-USD"}, {"trade_id": 666304672, "side": "sell", "size": "0.00016766", "price": "2991.13000000", "time": "2025-07-13T16:37:34.446304Z", "fetched_at": "2025-07-13T16:39:32.643317+00:00", "symbol": "ETH-USD"}, {"trade_id": 666304671, "side": "sell", "size": "0.00062005", "price": "2991.13000000", "time": "2025-07-13T16:37:34.446304Z", "fetched_at": "2025-07-13T16:39:32.643317+00:00", "symbol": "ETH-USD"}, {"trade_id": 666304670, "side": "sell", "size": "0.09964047", "price": "2991.13000000", "time": "2025-07-13T16:37:32.654528Z", "fetched_at": "2025-07-13T16:39:32.643317+00:00", "symbol": "ETH-USD"}, {"trade_id": 666304669, "side": "sell", "size": "0.06506171", "price": "2991.13000000", "time": "2025-07-13T16:37:32.654528Z", "fetched_at": "2025-07-13T16:39:32.643317+00:00", "symbol": "ETH-USD"}, {"trade_id": 666304668, "side": "sell", "size": "0.00005588", "price": "2991.13000000", "time": "2025-07-13T16:37:32.654528Z", "fetched_at": "2025-07-13T16:39:32.643317+00:00", "symbol": "ETH-USD"}, {"trade_id": 666304667, "side": "sell", "size": "0.00010334", "price": "2991.13000000", "time": "2025-07-13T16:37:32.654528Z", "fetched_at": "2025-07-13T16:39:32.643317+00:00", "symbol": "ETH-USD"}, {"trade_id": 666304666, "side": "sell", "size": "0.00024002", "price": "2991.13000000", "time": "2025-07-13T16:37:32.654528Z", "fetched_at": "2025-07-13T16:39:32.643317+00:00", "symbol": "ETH-USD"}, {"trade_id": 666304665, "side": "sell", "size": "0.00031004", "price": "2991.13000000", "time": "2025-07-13T16:37:32.654528Z", "fetched_at": "2025-07-13T16:39:32.643317+00:00", "symbol": "ETH-USD"}, {"trade_id": 666304664, "side": "sell", "size": "0.00143079", "price": "2991.10000000", "time": "2025-07-13T16:37:31.429718Z", "fetched_at": "2025-07-13T16:39:32.643317+00:00", "symbol": "ETH-USD"}, {"trade_id": 666304663, "side": "sell", "size": "0.31654854", "price": "2990.69000000", "time": "2025-07-13T16:37:31.298136Z", "fetched_at": "2025-07-13T16:39:32.643317+00:00", "symbol": "ETH-USD"}, {"trade_id": 666304662, "side": "sell", "size": "0.61586475", "price": "2990.69000000", "time": "2025-07-13T16:37:31.298136Z", "fetched_at": "2025-07-13T16:39:32.643317+00:00", "symbol": "ETH-USD"}, {"trade_id": 666304661, "side": "sell", "size": "0.30623133", "price": "2990.69000000", "time": "2025-07-13T16:37:31.298136Z", "fetched_at": "2025-07-13T16:39:32.643317+00:00", "symbol": "ETH-USD"}, {"trade_id": 666304660, "side": "buy", "size": "0.19999513", "price": "2990.88000000", "time": "2025-07-13T16:37:30.109371Z", "fetched_at": "2025-07-13T16:39:32.643317+00:00", "symbol": "ETH-USD"}, {"trade_id": 666304659, "side": "buy", "size": "0.00047873", "price": "2990.90000000", "time": "2025-07-13T16:37:30.109371Z", "fetched_at": "2025-07-13T16:39:32.643317+00:00", "symbol": "ETH-USD"}, {"trade_id": 666304658, "side": "buy", "size": "0.00100000", "price": "2990.90000000", "time": "2025-07-13T16:37:30.109371Z", "fetched_at": "2025-07-13T16:39:32.643317+00:00", "symbol": "ETH-USD"}, {"trade_id": 666304657, "side": "buy", "size": "0.10608764", "price": "2991.00000000", "time": "2025-07-13T16:37:29.725270Z", "fetched_at": "2025-07-13T16:39:32.643317+00:00", "symbol": "ETH-USD"}, {"trade_id": 666304656, "side": "buy", "size": "0.00049048", "price": "2991.12000000", "time": "2025-07-13T16:37:29.725270Z", "fetched_at": "2025-07-13T16:39:32.643317+00:00", "symbol": "ETH-USD"}, {"trade_id": 666304655, "side": "buy", "size": "0.00081000", "price": "2991.12000000", "time": "2025-07-13T16:37:29.725270Z", "fetched_at": "2025-07-13T16:39:32.643317+00:00", "symbol": "ETH-USD"}, {"trade_id": 666304654, "side": "buy", "size": "0.04318449", "price": "2991.12000000", "time": "2025-07-13T16:37:29.725270Z", "fetched_at": "2025-07-13T16:39:32.643317+00:00", "symbol": "ETH-USD"}, {"trade_id": 666304653, "side": "buy", "size": "0.02086509", "price": "2991.12000000", "time": "2025-07-13T16:37:29.725270Z", "fetched_at": "2025-07-13T16:39:32.643317+00:00", "symbol": "ETH-USD"}, {"trade_id": 666304652, "side": "buy", "size": "0.00100000", "price": "2991.12000000", "time": "2025-07-13T16:37:29.725270Z", "fetched_at": "2025-07-13T16:39:32.643317+00:00", "symbol": "ETH-USD"}, {"trade_id": 666304651, "side": "sell", "size": "0.00657979", "price": "2991.13000000", "time": "2025-07-13T16:37:27.970583Z", "fetched_at": "2025-07-13T16:39:32.643317+00:00", "symbol": "ETH-USD"}, {"trade_id": 666304650, "side": "buy", "size": "0.00100000", "price": "2991.34000000", "time": "2025-07-13T16:37:26.262306Z", "fetched_at": "2025-07-13T16:39:32.643317+00:00", "symbol": "ETH-USD"}, {"trade_id": 666304649, "side": "buy", "size": "0.00089257", "price": "2991.36000000", "time": "2025-07-13T16:37:26.262306Z", "fetched_at": "2025-07-13T16:39:32.643317+00:00", "symbol": "ETH-USD"}, {"trade_id": 666304648, "side": "buy", "size": "0.00581000", "price": "2991.36000000", "time": "2025-07-13T16:37:26.262306Z", "fetched_at": "2025-07-13T16:39:32.643317+00:00", "symbol": "ETH-USD"}, {"trade_id": 666304647, "side": "buy", "size": "0.00001002", "price": "2991.36000000", "time": "2025-07-13T16:37:26.262306Z", "fetched_at": "2025-07-13T16:39:32.643317+00:00", "symbol": "ETH-USD"}, {"trade_id": 666304646, "side": "buy", "size": "0.00040717", "price": "2991.36000000", "time": "2025-07-13T16:37:26.262306Z", "fetched_at": "2025-07-13T16:39:32.643317+00:00", "symbol": "ETH-USD"}, {"trade_id": 666304645, "side": "buy", "size": "0.00178848", "price": "2991.36000000", "time": "2025-07-13T16:37:26.262306Z", "fetched_at": "2025-07-13T16:39:32.643317+00:00", "symbol": "ETH-USD"}, {"trade_id": 666304644, "side": "buy", "size": "0.01435133", "price": "2991.36000000", "time": "2025-07-13T16:37:26.262306Z", "fetched_at": "2025-07-13T16:39:32.643317+00:00", "symbol": "ETH-USD"}, {"trade_id": 666304643, "side": "buy", "size": "0.06671547", "price": "2991.36000000", "time": "2025-07-13T16:37:26.262306Z", "fetched_at": "2025-07-13T16:39:32.643317+00:00", "symbol": "ETH-USD"}, {"trade_id": 666304642, "side": "buy", "size": "0.07084790", "price": "2991.62000000", "time": "2025-07-13T16:37:23.447476Z", "fetched_at": "2025-07-13T16:39:32.643317+00:00", "symbol": "ETH-USD"}, {"trade_id": 666304641, "side": "buy", "size": "0.13363723", "price": "2991.87000000", "time": "2025-07-13T16:37:22.689089Z", "fetched_at": "2025-07-13T16:39:32.643317+00:00", "symbol": "ETH-USD"}, {"trade_id": 666304640, "side": "buy", "size": "0.07127311", "price": "2991.88000000", "time": "2025-07-13T16:37:22.688674Z", "fetched_at": "2025-07-13T16:39:32.643317+00:00", "symbol": "ETH-USD"}, {"trade_id": 666304639, "side": "buy", "size": "0.00100000", "price": "2991.56000000", "time": "2025-07-13T16:37:22.685954Z", "fetched_at": "2025-07-13T16:39:32.643317+00:00", "symbol": "ETH-USD"}, {"trade_id": 666304638, "side": "buy", "size": "0.31880473", "price": "2991.59000000", "time": "2025-07-13T16:37:22.685147Z", "fetched_at": "2025-07-13T16:39:32.643317+00:00", "symbol": "ETH-USD"}, {"trade_id": 666304637, "side": "buy", "size": "0.30707068", "price": "2991.62000000", "time": "2025-07-13T16:37:22.685147Z", "fetched_at": "2025-07-13T16:39:32.643317+00:00", "symbol": "ETH-USD"}, {"trade_id": 666304636, "side": "buy", "size": "0.33418487", "price": "2991.64000000", "time": "2025-07-13T16:37:22.683349Z", "fetched_at": "2025-07-13T16:39:32.643317+00:00", "symbol": "ETH-USD"}, {"trade_id": 666304635, "side": "buy", "size": "0.83566009", "price": "2991.64000000", "time": "2025-07-13T16:37:22.683349Z", "fetched_at": "2025-07-13T16:39:32.643317+00:00", "symbol": "ETH-USD"}, {"trade_id": 666304634, "side": "buy", "size": "4.13376000", "price": "2991.64000000", "time": "2025-07-13T16:37:22.683349Z", "fetched_at": "2025-07-13T16:39:32.643317+00:00", "symbol": "ETH-USD"}, {"trade_id": 666304633, "side": "buy", "size": "3.48241128", "price": "2991.65000000", "time": "2025-07-13T16:37:22.683349Z", "fetched_at": "2025-07-13T16:39:32.643317+00:00", "symbol": "ETH-USD"}, {"trade_id": 666304632, "side": "buy", "size": "0.34582172", "price": "2991.68000000", "time": "2025-07-13T16:37:22.683349Z", "fetched_at": "2025-07-13T16:39:32.643317+00:00", "symbol": "ETH-USD"}, {"trade_id": 666304631, "side": "buy", "size": "0.45900000", "price": "2991.69000000", "time": "2025-07-13T16:37:22.683349Z", "fetched_at": "2025-07-13T16:39:32.643317+00:00", "symbol": "ETH-USD"}, {"trade_id": 666304630, "side": "buy", "size": "0.19999999", "price": "2991.69000000", "time": "2025-07-13T16:37:22.683349Z", "fetched_at": "2025-07-13T16:39:32.643317+00:00", "symbol": "ETH-USD"}, {"trade_id": 666304629, "side": "buy", "size": "0.00037168", "price": "2991.69000000", "time": "2025-07-13T16:37:22.683349Z", "fetched_at": "2025-07-13T16:39:32.643317+00:00", "symbol": "ETH-USD"}