[{"trade_id": 666289074, "side": "buy", "size": "0.61005641", "price": "2987.81000000", "time": "2025-07-13T15:39:31.112794Z", "fetched_at": "2025-07-13T15:39:36.952192+00:00", "symbol": "ETH-USD"}, {"trade_id": 666289073, "side": "buy", "size": "0.01690360", "price": "2987.81000000", "time": "2025-07-13T15:39:30.735524Z", "fetched_at": "2025-07-13T15:39:36.952192+00:00", "symbol": "ETH-USD"}, {"trade_id": 666289072, "side": "sell", "size": "0.00003291", "price": "2987.60000000", "time": "2025-07-13T15:39:29.980783Z", "fetched_at": "2025-07-13T15:39:36.952192+00:00", "symbol": "ETH-USD"}, {"trade_id": 666289071, "side": "sell", "size": "0.00010335", "price": "2987.60000000", "time": "2025-07-13T15:39:29.980783Z", "fetched_at": "2025-07-13T15:39:36.952192+00:00", "symbol": "ETH-USD"}, {"trade_id": 666289070, "side": "sell", "size": "0.00100000", "price": "2987.60000000", "time": "2025-07-13T15:39:29.980783Z", "fetched_at": "2025-07-13T15:39:36.952192+00:00", "symbol": "ETH-USD"}, {"trade_id": 666289069, "side": "sell", "size": "0.00011178", "price": "2987.21000000", "time": "2025-07-13T15:39:28.677959Z", "fetched_at": "2025-07-13T15:39:36.952192+00:00", "symbol": "ETH-USD"}, {"trade_id": 666289068, "side": "sell", "size": "0.00020670", "price": "2987.21000000", "time": "2025-07-13T15:39:28.677959Z", "fetched_at": "2025-07-13T15:39:36.952192+00:00", "symbol": "ETH-USD"}, {"trade_id": 666289067, "side": "sell", "size": "0.00037247", "price": "2987.21000000", "time": "2025-07-13T15:39:28.677959Z", "fetched_at": "2025-07-13T15:39:36.952192+00:00", "symbol": "ETH-USD"}, {"trade_id": 666289066, "side": "sell", "size": "0.00047551", "price": "2987.21000000", "time": "2025-07-13T15:39:28.677959Z", "fetched_at": "2025-07-13T15:39:36.952192+00:00", "symbol": "ETH-USD"}, {"trade_id": 666289065, "side": "sell", "size": "0.50000000", "price": "2987.16000000", "time": "2025-07-13T15:39:28.553012Z", "fetched_at": "2025-07-13T15:39:36.952192+00:00", "symbol": "ETH-USD"}, {"trade_id": 666289064, "side": "sell", "size": "0.01656865", "price": "2987.01000000", "time": "2025-07-13T15:39:27.954546Z", "fetched_at": "2025-07-13T15:39:36.952192+00:00", "symbol": "ETH-USD"}, {"trade_id": 666289063, "side": "buy", "size": "0.00041983", "price": "2987.01000000", "time": "2025-07-13T15:39:27.398087Z", "fetched_at": "2025-07-13T15:39:36.952192+00:00", "symbol": "ETH-USD"}, {"trade_id": 666289062, "side": "buy", "size": "0.78608001", "price": "2987.01000000", "time": "2025-07-13T15:39:27.398087Z", "fetched_at": "2025-07-13T15:39:36.952192+00:00", "symbol": "ETH-USD"}, {"trade_id": 666289061, "side": "buy", "size": "0.64328001", "price": "2987.16000000", "time": "2025-07-13T15:39:27.256310Z", "fetched_at": "2025-07-13T15:39:36.952192+00:00", "symbol": "ETH-USD"}, {"trade_id": 666289060, "side": "buy", "size": "0.00100000", "price": "2987.16000000", "time": "2025-07-13T15:39:27.256310Z", "fetched_at": "2025-07-13T15:39:36.952192+00:00", "symbol": "ETH-USD"}, {"trade_id": 666289059, "side": "buy", "size": "0.09372656", "price": "2987.20000000", "time": "2025-07-13T15:39:27.132309Z", "fetched_at": "2025-07-13T15:39:36.952192+00:00", "symbol": "ETH-USD"}, {"trade_id": 666289058, "side": "buy", "size": "0.03725227", "price": "2987.20000000", "time": "2025-07-13T15:39:27.132309Z", "fetched_at": "2025-07-13T15:39:36.952192+00:00", "symbol": "ETH-USD"}, {"trade_id": 666289057, "side": "buy", "size": "0.63104001", "price": "2987.20000000", "time": "2025-07-13T15:39:27.132309Z", "fetched_at": "2025-07-13T15:39:36.952192+00:00", "symbol": "ETH-USD"}, {"trade_id": 666289056, "side": "sell", "size": "0.74291175", "price": "2988.04000000", "time": "2025-07-13T15:39:25.918116Z", "fetched_at": "2025-07-13T15:39:36.952192+00:00", "symbol": "ETH-USD"}, {"trade_id": 666289055, "side": "sell", "size": "0.00100000", "price": "2988.04000000", "time": "2025-07-13T15:39:25.918116Z", "fetched_at": "2025-07-13T15:39:36.952192+00:00", "symbol": "ETH-USD"}, {"trade_id": 666289054, "side": "sell", "size": "6.40666800", "price": "2988.02000000", "time": "2025-07-13T15:39:25.918116Z", "fetched_at": "2025-07-13T15:39:36.952192+00:00", "symbol": "ETH-USD"}, {"trade_id": 666289053, "side": "sell", "size": "0.45900000", "price": "2988.02000000", "time": "2025-07-13T15:39:25.918116Z", "fetched_at": "2025-07-13T15:39:36.952192+00:00", "symbol": "ETH-USD"}, {"trade_id": 666289052, "side": "sell", "size": "8.50601284", "price": "2988.01000000", "time": "2025-07-13T15:39:25.918116Z", "fetched_at": "2025-07-13T15:39:36.952192+00:00", "symbol": "ETH-USD"}, {"trade_id": 666289051, "side": "sell", "size": "0.83671427", "price": "2987.88000000", "time": "2025-07-13T15:39:25.918116Z", "fetched_at": "2025-07-13T15:39:36.952192+00:00", "symbol": "ETH-USD"}, {"trade_id": 666289050, "side": "sell", "size": "0.00100000", "price": "2987.82000000", "time": "2025-07-13T15:39:25.918116Z", "fetched_at": "2025-07-13T15:39:36.952192+00:00", "symbol": "ETH-USD"}, {"trade_id": 666289049, "side": "sell", "size": "0.40812731", "price": "2987.79000000", "time": "2025-07-13T15:39:25.918116Z", "fetched_at": "2025-07-13T15:39:36.952192+00:00", "symbol": "ETH-USD"}, {"trade_id": 666289048, "side": "sell", "size": "0.46911428", "price": "2987.74000000", "time": "2025-07-13T15:39:25.918116Z", "fetched_at": "2025-07-13T15:39:36.952192+00:00", "symbol": "ETH-USD"}, {"trade_id": 666289047, "side": "sell", "size": "0.42457744", "price": "2987.73000000", "time": "2025-07-13T15:39:25.918116Z", "fetched_at": "2025-07-13T15:39:36.952192+00:00", "symbol": "ETH-USD"}, {"trade_id": 666289046, "side": "sell", "size": "0.52562488", "price": "2987.71000000", "time": "2025-07-13T15:39:25.918116Z", "fetched_at": "2025-07-13T15:39:36.952192+00:00", "symbol": "ETH-USD"}, {"trade_id": 666289045, "side": "sell", "size": "0.33747868", "price": "2987.69000000", "time": "2025-07-13T15:39:25.918116Z", "fetched_at": "2025-07-13T15:39:36.952192+00:00", "symbol": "ETH-USD"}, {"trade_id": 666289044, "side": "sell", "size": "0.16735851", "price": "2987.60000000", "time": "2025-07-13T15:39:25.918116Z", "fetched_at": "2025-07-13T15:39:36.952192+00:00", "symbol": "ETH-USD"}, {"trade_id": 666289043, "side": "sell", "size": "0.00010336", "price": "2987.18000000", "time": "2025-07-13T15:39:25.918116Z", "fetched_at": "2025-07-13T15:39:36.952192+00:00", "symbol": "ETH-USD"}, {"trade_id": 666289042, "side": "sell", "size": "0.00005588", "price": "2987.18000000", "time": "2025-07-13T15:39:25.918116Z", "fetched_at": "2025-07-13T15:39:36.952192+00:00", "symbol": "ETH-USD"}, {"trade_id": 666289041, "side": "sell", "size": "0.00313731", "price": "2987.18000000", "time": "2025-07-13T15:39:25.918116Z", "fetched_at": "2025-07-13T15:39:36.952192+00:00", "symbol": "ETH-USD"}, {"trade_id": 666289040, "side": "buy", "size": "0.01610446", "price": "2987.37000000", "time": "2025-07-13T15:39:25.586774Z", "fetched_at": "2025-07-13T15:39:36.952192+00:00", "symbol": "ETH-USD"}, {"trade_id": 666289039, "side": "buy", "size": "0.02497849", "price": "2987.37000000", "time": "2025-07-13T15:39:25.586774Z", "fetched_at": "2025-07-13T15:39:36.952192+00:00", "symbol": "ETH-USD"}, {"trade_id": 666289038, "side": "buy", "size": "0.00100000", "price": "2987.38000000", "time": "2025-07-13T15:39:25.586774Z", "fetched_at": "2025-07-13T15:39:36.952192+00:00", "symbol": "ETH-USD"}, {"trade_id": 666289037, "side": "buy", "size": "0.02513222", "price": "2987.40000000", "time": "2025-07-13T15:39:25.575683Z", "fetched_at": "2025-07-13T15:39:36.952192+00:00", "symbol": "ETH-USD"}, {"trade_id": 666289036, "side": "buy", "size": "0.06630514", "price": "2987.40000000", "time": "2025-07-13T15:39:25.575683Z", "fetched_at": "2025-07-13T15:39:36.952192+00:00", "symbol": "ETH-USD"}, {"trade_id": 666289035, "side": "buy", "size": "0.56576001", "price": "2987.56000000", "time": "2025-07-13T15:39:25.512062Z", "fetched_at": "2025-07-13T15:39:36.952192+00:00", "symbol": "ETH-USD"}, {"trade_id": 666289034, "side": "buy", "size": "0.73187490", "price": "2987.53000000", "time": "2025-07-13T15:39:22.007439Z", "fetched_at": "2025-07-13T15:39:36.952192+00:00", "symbol": "ETH-USD"}, {"trade_id": 666289033, "side": "buy", "size": "0.80305319", "price": "2987.54000000", "time": "2025-07-13T15:39:22.007439Z", "fetched_at": "2025-07-13T15:39:36.952192+00:00", "symbol": "ETH-USD"}, {"trade_id": 666289032, "side": "buy", "size": "0.30000000", "price": "2987.60000000", "time": "2025-07-13T15:39:22.007439Z", "fetched_at": "2025-07-13T15:39:36.952192+00:00", "symbol": "ETH-USD"}, {"trade_id": 666289031, "side": "buy", "size": "0.00100000", "price": "2987.60000000", "time": "2025-07-13T15:39:22.007439Z", "fetched_at": "2025-07-13T15:39:36.952192+00:00", "symbol": "ETH-USD"}, {"trade_id": 666289030, "side": "buy", "size": "0.16735637", "price": "2987.63000000", "time": "2025-07-13T15:39:22.007439Z", "fetched_at": "2025-07-13T15:39:36.952192+00:00", "symbol": "ETH-USD"}, {"trade_id": 666289029, "side": "buy", "size": "0.60000000", "price": "2987.67000000", "time": "2025-07-13T15:39:22.007439Z", "fetched_at": "2025-07-13T15:39:36.952192+00:00", "symbol": "ETH-USD"}, {"trade_id": 666289028, "side": "buy", "size": "0.35503004", "price": "2987.68000000", "time": "2025-07-13T15:39:22.007439Z", "fetched_at": "2025-07-13T15:39:36.952192+00:00", "symbol": "ETH-USD"}, {"trade_id": 666289027, "side": "buy", "size": "0.47205239", "price": "2987.68000000", "time": "2025-07-13T15:39:22.007439Z", "fetched_at": "2025-07-13T15:39:36.952192+00:00", "symbol": "ETH-USD"}, {"trade_id": 666289026, "side": "buy", "size": "0.11681497", "price": "2987.69000000", "time": "2025-07-13T15:39:22.007439Z", "fetched_at": "2025-07-13T15:39:36.952192+00:00", "symbol": "ETH-USD"}, {"trade_id": 666289025, "side": "buy", "size": "0.15302235", "price": "2987.70000000", "time": "2025-07-13T15:39:22.007439Z", "fetched_at": "2025-07-13T15:39:36.952192+00:00", "symbol": "ETH-USD"}, {"trade_id": 666289024, "side": "buy", "size": "0.13385550", "price": "2987.81000000", "time": "2025-07-13T15:39:22.007439Z", "fetched_at": "2025-07-13T15:39:36.952192+00:00", "symbol": "ETH-USD"}, {"trade_id": 666289023, "side": "buy", "size": "0.58260000", "price": "2987.87000000", "time": "2025-07-13T15:39:22.007439Z", "fetched_at": "2025-07-13T15:39:36.952192+00:00", "symbol": "ETH-USD"}, {"trade_id": 666289022, "side": "buy", "size": "0.04293694", "price": "2987.87000000", "time": "2025-07-13T15:39:22.007439Z", "fetched_at": "2025-07-13T15:39:36.952192+00:00", "symbol": "ETH-USD"}, {"trade_id": 666289021, "side": "buy", "size": "0.01610177", "price": "2987.87000000", "time": "2025-07-13T15:39:22.007439Z", "fetched_at": "2025-07-13T15:39:36.952192+00:00", "symbol": "ETH-USD"}, {"trade_id": 666289020, "side": "buy", "size": "0.39919397", "price": "2987.87000000", "time": "2025-07-13T15:39:22.007439Z", "fetched_at": "2025-07-13T15:39:36.952192+00:00", "symbol": "ETH-USD"}, {"trade_id": 666289019, "side": "buy", "size": "0.00088905", "price": "2987.87000000", "time": "2025-07-13T15:39:22.007439Z", "fetched_at": "2025-07-13T15:39:36.952192+00:00", "symbol": "ETH-USD"}, {"trade_id": 666289018, "side": "buy", "size": "0.66164001", "price": "2987.87000000", "time": "2025-07-13T15:39:22.007439Z", "fetched_at": "2025-07-13T15:39:36.952192+00:00", "symbol": "ETH-USD"}, {"trade_id": 666289017, "side": "buy", "size": "0.61812001", "price": "2988.14000000", "time": "2025-07-13T15:39:20.650304Z", "fetched_at": "2025-07-13T15:39:36.952192+00:00", "symbol": "ETH-USD"}, {"trade_id": 666289016, "side": "buy", "size": "0.00052935", "price": "2988.14000000", "time": "2025-07-13T15:39:20.650304Z", "fetched_at": "2025-07-13T15:39:36.952192+00:00", "symbol": "ETH-USD"}, {"trade_id": 666289015, "side": "buy", "size": "0.76024001", "price": "2988.15000000", "time": "2025-07-13T15:39:19.453833Z", "fetched_at": "2025-07-13T15:39:36.952192+00:00", "symbol": "ETH-USD"}, {"trade_id": 666289014, "side": "buy", "size": "0.00082888", "price": "2988.15000000", "time": "2025-07-13T15:39:19.453833Z", "fetched_at": "2025-07-13T15:39:36.952192+00:00", "symbol": "ETH-USD"}, {"trade_id": 666289013, "side": "buy", "size": "0.56644001", "price": "2988.15000000", "time": "2025-07-13T15:39:19.375956Z", "fetched_at": "2025-07-13T15:39:36.952192+00:00", "symbol": "ETH-USD"}, {"trade_id": 666289012, "side": "buy", "size": "0.00090927", "price": "2988.15000000", "time": "2025-07-13T15:39:19.375956Z", "fetched_at": "2025-07-13T15:39:36.952192+00:00", "symbol": "ETH-USD"}, {"trade_id": 666289011, "side": "buy", "size": "0.55012001", "price": "2988.15000000", "time": "2025-07-13T15:39:19.327967Z", "fetched_at": "2025-07-13T15:39:36.952192+00:00", "symbol": "ETH-USD"}, {"trade_id": 666289010, "side": "buy", "size": "0.00087091", "price": "2988.15000000", "time": "2025-07-13T15:39:19.327967Z", "fetched_at": "2025-07-13T15:39:36.952192+00:00", "symbol": "ETH-USD"}, {"trade_id": 666289009, "side": "sell", "size": "0.19852218", "price": "2988.13000000", "time": "2025-07-13T15:39:18.878552Z", "fetched_at": "2025-07-13T15:39:36.952192+00:00", "symbol": "ETH-USD"}, {"trade_id": 666289008, "side": "sell", "size": "0.44331646", "price": "2988.13000000", "time": "2025-07-13T15:39:18.878552Z", "fetched_at": "2025-07-13T15:39:36.952192+00:00", "symbol": "ETH-USD"}, {"trade_id": 666289007, "side": "sell", "size": "0.01435038", "price": "2988.13000000", "time": "2025-07-13T15:39:18.828710Z", "fetched_at": "2025-07-13T15:39:36.952192+00:00", "symbol": "ETH-USD"}, {"trade_id": 666289006, "side": "sell", "size": "0.00014454", "price": "2988.04000000", "time": "2025-07-13T15:39:18.828710Z", "fetched_at": "2025-07-13T15:39:36.952192+00:00", "symbol": "ETH-USD"}, {"trade_id": 666289005, "side": "sell", "size": "0.00010758", "price": "2988.04000000", "time": "2025-07-13T15:39:18.828710Z", "fetched_at": "2025-07-13T15:39:36.952192+00:00", "symbol": "ETH-USD"}, {"trade_id": 666289004, "side": "sell", "size": "0.00100000", "price": "2988.04000000", "time": "2025-07-13T15:39:18.828710Z", "fetched_at": "2025-07-13T15:39:36.952192+00:00", "symbol": "ETH-USD"}, {"trade_id": 666289003, "side": "sell", "size": "0.00096321", "price": "2988.04000000", "time": "2025-07-13T15:39:18.828710Z", "fetched_at": "2025-07-13T15:39:36.952192+00:00", "symbol": "ETH-USD"}, {"trade_id": 666289002, "side": "sell", "size": "0.00020669", "price": "2987.82000000", "time": "2025-07-13T15:39:18.546464Z", "fetched_at": "2025-07-13T15:39:36.952192+00:00", "symbol": "ETH-USD"}, {"trade_id": 666289001, "side": "sell", "size": "0.00005589", "price": "2987.82000000", "time": "2025-07-13T15:39:18.546464Z", "fetched_at": "2025-07-13T15:39:36.952192+00:00", "symbol": "ETH-USD"}, {"trade_id": 666289000, "side": "sell", "size": "0.00100000", "price": "2987.82000000", "time": "2025-07-13T15:39:18.546464Z", "fetched_at": "2025-07-13T15:39:36.952192+00:00", "symbol": "ETH-USD"}, {"trade_id": 666288999, "side": "sell", "size": "0.00031001", "price": "2987.81000000", "time": "2025-07-13T15:39:18.546464Z", "fetched_at": "2025-07-13T15:39:36.952192+00:00", "symbol": "ETH-USD"}, {"trade_id": 666288998, "side": "sell", "size": "0.00024005", "price": "2987.81000000", "time": "2025-07-13T15:39:18.546464Z", "fetched_at": "2025-07-13T15:39:36.952192+00:00", "symbol": "ETH-USD"}, {"trade_id": 666288997, "side": "sell", "size": "0.80295820", "price": "2987.81000000", "time": "2025-07-13T15:39:18.546464Z", "fetched_at": "2025-07-13T15:39:36.952192+00:00", "symbol": "ETH-USD"}, {"trade_id": 666288996, "side": "sell", "size": "0.26717747", "price": "2987.81000000", "time": "2025-07-13T15:39:18.546464Z", "fetched_at": "2025-07-13T15:39:36.952192+00:00", "symbol": "ETH-USD"}, {"trade_id": 666288995, "side": "buy", "size": "0.00094426", "price": "2987.74000000", "time": "2025-07-13T15:39:17.859493Z", "fetched_at": "2025-07-13T15:39:36.952192+00:00", "symbol": "ETH-USD"}, {"trade_id": 666288994, "side": "buy", "size": "0.00094426", "price": "2987.74000000", "time": "2025-07-13T15:39:17.845825Z", "fetched_at": "2025-07-13T15:39:36.952192+00:00", "symbol": "ETH-USD"}, {"trade_id": 666288993, "side": "buy", "size": "0.00095421", "price": "2987.70000000", "time": "2025-07-13T15:39:17.803865Z", "fetched_at": "2025-07-13T15:39:36.952192+00:00", "symbol": "ETH-USD"}, {"trade_id": 666288992, "side": "buy", "size": "0.00095418", "price": "2987.78000000", "time": "2025-07-13T15:39:17.781021Z", "fetched_at": "2025-07-13T15:39:36.952192+00:00", "symbol": "ETH-USD"}, {"trade_id": 666288991, "side": "buy", "size": "0.64736001", "price": "2987.80000000", "time": "2025-07-13T15:39:17.749850Z", "fetched_at": "2025-07-13T15:39:36.952192+00:00", "symbol": "ETH-USD"}, {"trade_id": 666288990, "side": "buy", "size": "0.00094845", "price": "2987.80000000", "time": "2025-07-13T15:39:17.749850Z", "fetched_at": "2025-07-13T15:39:36.952192+00:00", "symbol": "ETH-USD"}, {"trade_id": 666288989, "side": "buy", "size": "0.00099414", "price": "2987.71000000", "time": "2025-07-13T15:39:17.319037Z", "fetched_at": "2025-07-13T15:39:36.952192+00:00", "symbol": "ETH-USD"}, {"trade_id": 666288988, "side": "sell", "size": "0.38470436", "price": "2987.60000000", "time": "2025-07-13T15:39:17.308601Z", "fetched_at": "2025-07-13T15:39:36.952192+00:00", "symbol": "ETH-USD"}, {"trade_id": 666288987, "side": "sell", "size": "0.00100000", "price": "2987.60000000", "time": "2025-07-13T15:39:17.308601Z", "fetched_at": "2025-07-13T15:39:36.952192+00:00", "symbol": "ETH-USD"}, {"trade_id": 666288986, "side": "sell", "size": "0.00100000", "price": "2987.38000000", "time": "2025-07-13T15:39:17.308601Z", "fetched_at": "2025-07-13T15:39:36.952192+00:00", "symbol": "ETH-USD"}, {"trade_id": 666288985, "side": "sell", "size": "0.07861103", "price": "2987.54000000", "time": "2025-07-13T15:39:16.610708Z", "fetched_at": "2025-07-13T15:39:36.952192+00:00", "symbol": "ETH-USD"}, {"trade_id": 666288984, "side": "sell", "size": "0.10383728", "price": "2987.53000000", "time": "2025-07-13T15:39:16.610708Z", "fetched_at": "2025-07-13T15:39:36.952192+00:00", "symbol": "ETH-USD"}, {"trade_id": 666288983, "side": "sell", "size": "0.00030999", "price": "2987.49000000", "time": "2025-07-13T15:39:16.610708Z", "fetched_at": "2025-07-13T15:39:36.952192+00:00", "symbol": "ETH-USD"}, {"trade_id": 666288982, "side": "sell", "size": "0.16736573", "price": "2987.47000000", "time": "2025-07-13T15:39:16.610708Z", "fetched_at": "2025-07-13T15:39:36.952192+00:00", "symbol": "ETH-USD"}, {"trade_id": 666288981, "side": "sell", "size": "0.00100000", "price": "2987.38000000", "time": "2025-07-13T15:39:16.610708Z", "fetched_at": "2025-07-13T15:39:36.952192+00:00", "symbol": "ETH-USD"}, {"trade_id": 666288980, "side": "sell", "size": "0.00024002", "price": "2987.35000000", "time": "2025-07-13T15:39:16.610708Z", "fetched_at": "2025-07-13T15:39:36.952192+00:00", "symbol": "ETH-USD"}, {"trade_id": 666288979, "side": "sell", "size": "0.00050232", "price": "2987.32000000", "time": "2025-07-13T15:39:16.610708Z", "fetched_at": "2025-07-13T15:39:36.952192+00:00", "symbol": "ETH-USD"}, {"trade_id": 666288978, "side": "sell", "size": "0.01700000", "price": "2987.05000000", "time": "2025-07-13T15:39:16.610708Z", "fetched_at": "2025-07-13T15:39:36.952192+00:00", "symbol": "ETH-USD"}, {"trade_id": 666288977, "side": "sell", "size": "0.00100000", "price": "2986.94000000", "time": "2025-07-13T15:39:16.610708Z", "fetched_at": "2025-07-13T15:39:36.952192+00:00", "symbol": "ETH-USD"}, {"trade_id": 666288976, "side": "buy", "size": "0.10000000", "price": "2986.93000000", "time": "2025-07-13T15:39:16.609792Z", "fetched_at": "2025-07-13T15:39:36.952192+00:00", "symbol": "ETH-USD"}, {"trade_id": 666288975, "side": "buy", "size": "0.00110071", "price": "2986.93000000", "time": "2025-07-13T15:39:15.290241Z", "fetched_at": "2025-07-13T15:39:36.952192+00:00", "symbol": "ETH-USD"}, {"trade_id": 666288974, "side": "buy", "size": "0.00117501", "price": "2986.92000000", "time": "2025-07-13T15:39:14.973301Z", "fetched_at": "2025-07-13T15:39:36.952192+00:00", "symbol": "ETH-USD"}, {"trade_id": 666288973, "side": "buy", "size": "0.00116880", "price": "2986.89000000", "time": "2025-07-13T15:39:14.885217Z", "fetched_at": "2025-07-13T15:39:36.952192+00:00", "symbol": "ETH-USD"}, {"trade_id": 666288972, "side": "buy", "size": "0.00122262", "price": "2986.93000000", "time": "2025-07-13T15:39:14.799160Z", "fetched_at": "2025-07-13T15:39:36.952192+00:00", "symbol": "ETH-USD"}, {"trade_id": 666288971, "side": "buy", "size": "0.00123926", "price": "2986.84000000", "time": "2025-07-13T15:39:14.653181Z", "fetched_at": "2025-07-13T15:39:36.952192+00:00", "symbol": "ETH-USD"}, {"trade_id": 666288970, "side": "buy", "size": "0.00124860", "price": "2986.91000000", "time": "2025-07-13T15:39:14.626229Z", "fetched_at": "2025-07-13T15:39:36.952192+00:00", "symbol": "ETH-USD"}, {"trade_id": 666288969, "side": "buy", "size": "0.00124860", "price": "2986.91000000", "time": "2025-07-13T15:39:14.611908Z", "fetched_at": "2025-07-13T15:39:36.952192+00:00", "symbol": "ETH-USD"}, {"trade_id": 666288968, "side": "buy", "size": "0.00124860", "price": "2986.91000000", "time": "2025-07-13T15:39:14.598926Z", "fetched_at": "2025-07-13T15:39:36.952192+00:00", "symbol": "ETH-USD"}, {"trade_id": 666288967, "side": "buy", "size": "0.00124860", "price": "2986.91000000", "time": "2025-07-13T15:39:14.584570Z", "fetched_at": "2025-07-13T15:39:36.952192+00:00", "symbol": "ETH-USD"}, {"trade_id": 666288966, "side": "buy", "size": "0.00124860", "price": "2986.91000000", "time": "2025-07-13T15:39:14.570633Z", "fetched_at": "2025-07-13T15:39:36.952192+00:00", "symbol": "ETH-USD"}, {"trade_id": 666288965, "side": "buy", "size": "0.00124860", "price": "2986.91000000", "time": "2025-07-13T15:39:14.559465Z", "fetched_at": "2025-07-13T15:39:36.952192+00:00", "symbol": "ETH-USD"}, {"trade_id": 666288964, "side": "buy", "size": "0.00114089", "price": "2986.91000000", "time": "2025-07-13T15:39:14.549180Z", "fetched_at": "2025-07-13T15:39:36.952192+00:00", "symbol": "ETH-USD"}, {"trade_id": 666288963, "side": "sell", "size": "0.00036454", "price": "2986.92000000", "time": "2025-07-13T15:39:14.504550Z", "fetched_at": "2025-07-13T15:39:36.952192+00:00", "symbol": "ETH-USD"}, {"trade_id": 666288962, "side": "sell", "size": "0.00108367", "price": "2986.92000000", "time": "2025-07-13T15:39:14.380954Z", "fetched_at": "2025-07-13T15:39:36.952192+00:00", "symbol": "ETH-USD"}, {"trade_id": 666288961, "side": "sell", "size": "0.00157414", "price": "2986.92000000", "time": "2025-07-13T15:39:14.322073Z", "fetched_at": "2025-07-13T15:39:36.952192+00:00", "symbol": "ETH-USD"}, {"trade_id": 666288960, "side": "buy", "size": "0.00114092", "price": "2986.83000000", "time": "2025-07-13T15:39:14.171248Z", "fetched_at": "2025-07-13T15:39:36.952192+00:00", "symbol": "ETH-USD"}, {"trade_id": 666288959, "side": "buy", "size": "0.00118071", "price": "2986.83000000", "time": "2025-07-13T15:39:14.072921Z", "fetched_at": "2025-07-13T15:39:36.952192+00:00", "symbol": "ETH-USD"}, {"trade_id": 666288958, "side": "buy", "size": "0.00118072", "price": "2986.81000000", "time": "2025-07-13T15:39:13.972385Z", "fetched_at": "2025-07-13T15:39:36.952192+00:00", "symbol": "ETH-USD"}, {"trade_id": 666288957, "side": "buy", "size": "0.01604946", "price": "2986.93000000", "time": "2025-07-13T15:39:13.804489Z", "fetched_at": "2025-07-13T15:39:36.952192+00:00", "symbol": "ETH-USD"}, {"trade_id": 666288956, "side": "buy", "size": "0.00124123", "price": "2986.93000000", "time": "2025-07-13T15:39:13.804489Z", "fetched_at": "2025-07-13T15:39:36.952192+00:00", "symbol": "ETH-USD"}, {"trade_id": 666288955, "side": "buy", "size": "0.00124124", "price": "2986.92000000", "time": "2025-07-13T15:39:13.040081Z", "fetched_at": "2025-07-13T15:39:36.952192+00:00", "symbol": "ETH-USD"}, {"trade_id": 666288954, "side": "sell", "size": "0.16741976", "price": "2986.51000000", "time": "2025-07-13T15:39:12.990894Z", "fetched_at": "2025-07-13T15:39:36.952192+00:00", "symbol": "ETH-USD"}, {"trade_id": 666288953, "side": "sell", "size": "0.52368728", "price": "2986.48000000", "time": "2025-07-13T15:39:12.987832Z", "fetched_at": "2025-07-13T15:39:36.952192+00:00", "symbol": "ETH-USD"}, {"trade_id": 666288952, "side": "sell", "size": "0.30000000", "price": "2986.47000000", "time": "2025-07-13T15:39:12.987832Z", "fetched_at": "2025-07-13T15:39:36.952192+00:00", "symbol": "ETH-USD"}, {"trade_id": 666288951, "side": "sell", "size": "0.15000000", "price": "2986.46000000", "time": "2025-07-13T15:39:12.987832Z", "fetched_at": "2025-07-13T15:39:36.952192+00:00", "symbol": "ETH-USD"}, {"trade_id": 666288950, "side": "buy", "size": "0.00116149", "price": "2986.45000000", "time": "2025-07-13T15:39:12.245879Z", "fetched_at": "2025-07-13T15:39:36.952192+00:00", "symbol": "ETH-USD"}, {"trade_id": 666288949, "side": "sell", "size": "0.01701000", "price": "2986.07000000", "time": "2025-07-13T15:39:11.652805Z", "fetched_at": "2025-07-13T15:39:36.952192+00:00", "symbol": "ETH-USD"}, {"trade_id": 666288948, "side": "buy", "size": "0.00161462", "price": "2986.28000000", "time": "2025-07-13T15:39:11.616573Z", "fetched_at": "2025-07-13T15:39:36.952192+00:00", "symbol": "ETH-USD"}, {"trade_id": 666288947, "side": "buy", "size": "0.00100000", "price": "2986.28000000", "time": "2025-07-13T15:39:11.616573Z", "fetched_at": "2025-07-13T15:39:36.952192+00:00", "symbol": "ETH-USD"}, {"trade_id": 666288946, "side": "buy", "size": "0.00100000", "price": "2986.50000000", "time": "2025-07-13T15:39:11.545437Z", "fetched_at": "2025-07-13T15:39:36.952192+00:00", "symbol": "ETH-USD"}, {"trade_id": 666288945, "side": "buy", "size": "0.00161447", "price": "2986.56000000", "time": "2025-07-13T15:39:11.534548Z", "fetched_at": "2025-07-13T15:39:36.952192+00:00", "symbol": "ETH-USD"}, {"trade_id": 666288944, "side": "buy", "size": "0.50000000", "price": "2986.56000000", "time": "2025-07-13T15:39:11.524213Z", "fetched_at": "2025-07-13T15:39:36.952192+00:00", "symbol": "ETH-USD"}, {"trade_id": 666288943, "side": "buy", "size": "0.00161438", "price": "2986.72000000", "time": "2025-07-13T15:39:11.508692Z", "fetched_at": "2025-07-13T15:39:36.952192+00:00", "symbol": "ETH-USD"}, {"trade_id": 666288942, "side": "buy", "size": "0.37977938", "price": "2986.72000000", "time": "2025-07-13T15:39:11.508692Z", "fetched_at": "2025-07-13T15:39:36.952192+00:00", "symbol": "ETH-USD"}, {"trade_id": 666288941, "side": "buy", "size": "0.00100000", "price": "2986.72000000", "time": "2025-07-13T15:39:11.508692Z", "fetched_at": "2025-07-13T15:39:36.952192+00:00", "symbol": "ETH-USD"}, {"trade_id": 666288940, "side": "buy", "size": "0.00161427", "price": "2986.94000000", "time": "2025-07-13T15:39:11.429018Z", "fetched_at": "2025-07-13T15:39:36.952192+00:00", "symbol": "ETH-USD"}, {"trade_id": 666288939, "side": "buy", "size": "0.54976044", "price": "2986.94000000", "time": "2025-07-13T15:39:11.396240Z", "fetched_at": "2025-07-13T15:39:36.952192+00:00", "symbol": "ETH-USD"}, {"trade_id": 666288938, "side": "buy", "size": "0.00100000", "price": "2986.94000000", "time": "2025-07-13T15:39:11.396240Z", "fetched_at": "2025-07-13T15:39:36.952192+00:00", "symbol": "ETH-USD"}, {"trade_id": 666288937, "side": "buy", "size": "0.00161415", "price": "2987.16000000", "time": "2025-07-13T15:39:11.377478Z", "fetched_at": "2025-07-13T15:39:36.952192+00:00", "symbol": "ETH-USD"}, {"trade_id": 666288936, "side": "buy", "size": "0.59734091", "price": "2987.16000000", "time": "2025-07-13T15:39:11.367021Z", "fetched_at": "2025-07-13T15:39:36.952192+00:00", "symbol": "ETH-USD"}, {"trade_id": 666288935, "side": "buy", "size": "0.00100000", "price": "2987.16000000", "time": "2025-07-13T15:39:11.367021Z", "fetched_at": "2025-07-13T15:39:36.952192+00:00", "symbol": "ETH-USD"}, {"trade_id": 666288934, "side": "buy", "size": "0.00314329", "price": "2987.31000000", "time": "2025-07-13T15:39:11.344925Z", "fetched_at": "2025-07-13T15:39:36.952192+00:00", "symbol": "ETH-USD"}, {"trade_id": 666288933, "side": "buy", "size": "0.00161405", "price": "2987.34000000", "time": "2025-07-13T15:39:11.344478Z", "fetched_at": "2025-07-13T15:39:36.952192+00:00", "symbol": "ETH-USD"}, {"trade_id": 666288932, "side": "buy", "size": "0.60000000", "price": "2987.34000000", "time": "2025-07-13T15:39:11.344478Z", "fetched_at": "2025-07-13T15:39:36.952192+00:00", "symbol": "ETH-USD"}, {"trade_id": 666288931, "side": "buy", "size": "0.00161397", "price": "2987.48000000", "time": "2025-07-13T15:39:11.311026Z", "fetched_at": "2025-07-13T15:39:36.952192+00:00", "symbol": "ETH-USD"}, {"trade_id": 666288930, "side": "buy", "size": "0.00157323", "price": "2987.48000000", "time": "2025-07-13T15:39:11.311026Z", "fetched_at": "2025-07-13T15:39:36.952192+00:00", "symbol": "ETH-USD"}, {"trade_id": 666288929, "side": "buy", "size": "0.00004073", "price": "2987.48000000", "time": "2025-07-13T15:39:11.311026Z", "fetched_at": "2025-07-13T15:39:36.952192+00:00", "symbol": "ETH-USD"}, {"trade_id": 666288928, "side": "buy", "size": "0.05166170", "price": "2987.48000000", "time": "2025-07-13T15:39:11.202916Z", "fetched_at": "2025-07-13T15:39:36.952192+00:00", "symbol": "ETH-USD"}, {"trade_id": 666288927, "side": "buy", "size": "0.00161396", "price": "2987.50000000", "time": "2025-07-13T15:39:11.202916Z", "fetched_at": "2025-07-13T15:39:36.952192+00:00", "symbol": "ETH-USD"}, {"trade_id": 666288926, "side": "buy", "size": "0.00164861", "price": "2987.69000000", "time": "2025-07-13T15:39:11.184161Z", "fetched_at": "2025-07-13T15:39:36.952192+00:00", "symbol": "ETH-USD"}, {"trade_id": 666288925, "side": "buy", "size": "0.00165072", "price": "2987.76000000", "time": "2025-07-13T15:39:11.071383Z", "fetched_at": "2025-07-13T15:39:36.952192+00:00", "symbol": "ETH-USD"}, {"trade_id": 666288924, "side": "buy", "size": "0.00165073", "price": "2987.75000000", "time": "2025-07-13T15:39:11.033051Z", "fetched_at": "2025-07-13T15:39:36.952192+00:00", "symbol": "ETH-USD"}, {"trade_id": 666288923, "side": "buy", "size": "0.00078652", "price": "2987.81000000", "time": "2025-07-13T15:39:10.994280Z", "fetched_at": "2025-07-13T15:39:36.952192+00:00", "symbol": "ETH-USD"}, {"trade_id": 666288922, "side": "buy", "size": "0.00165069", "price": "2987.81000000", "time": "2025-07-13T15:39:10.994280Z", "fetched_at": "2025-07-13T15:39:36.952192+00:00", "symbol": "ETH-USD"}, {"trade_id": 666288921, "side": "sell", "size": "0.00100000", "price": "2987.60000000", "time": "2025-07-13T15:39:09.921097Z", "fetched_at": "2025-07-13T15:39:36.952192+00:00", "symbol": "ETH-USD"}, {"trade_id": 666288920, "side": "sell", "size": "0.00024654", "price": "2987.49000000", "time": "2025-07-13T15:39:09.903815Z", "fetched_at": "2025-07-13T15:39:36.952192+00:00", "symbol": "ETH-USD"}, {"trade_id": 666288919, "side": "sell", "size": "0.79761914", "price": "2987.39000000", "time": "2025-07-13T15:39:09.039889Z", "fetched_at": "2025-07-13T15:39:36.952192+00:00", "symbol": "ETH-USD"}, {"trade_id": 666288918, "side": "sell", "size": "0.30000000", "price": "2987.38000000", "time": "2025-07-13T15:39:09.039889Z", "fetched_at": "2025-07-13T15:39:36.952192+00:00", "symbol": "ETH-USD"}, {"trade_id": 666288917, "side": "sell", "size": "0.00031000", "price": "2987.36000000", "time": "2025-07-13T15:39:09.039889Z", "fetched_at": "2025-07-13T15:39:36.952192+00:00", "symbol": "ETH-USD"}, {"trade_id": 666288916, "side": "sell", "size": "0.00005589", "price": "2987.36000000", "time": "2025-07-13T15:39:09.039889Z", "fetched_at": "2025-07-13T15:39:36.952192+00:00", "symbol": "ETH-USD"}, {"trade_id": 666288915, "side": "buy", "size": "0.00182280", "price": "2987.32000000", "time": "2025-07-13T15:39:08.582504Z", "fetched_at": "2025-07-13T15:39:36.952192+00:00", "symbol": "ETH-USD"}, {"trade_id": 666288914, "side": "buy", "size": "0.00179372", "price": "2987.32000000", "time": "2025-07-13T15:39:08.571339Z", "fetched_at": "2025-07-13T15:39:36.952192+00:00", "symbol": "ETH-USD"}, {"trade_id": 666288913, "side": "sell", "size": "0.12232192", "price": "2987.33000000", "time": "2025-07-13T15:39:08.519825Z", "fetched_at": "2025-07-13T15:39:36.952192+00:00", "symbol": "ETH-USD"}, {"trade_id": 666288912, "side": "sell", "size": "0.00024001", "price": "2987.33000000", "time": "2025-07-13T15:39:08.519825Z", "fetched_at": "2025-07-13T15:39:36.952192+00:00", "symbol": "ETH-USD"}, {"trade_id": 666288911, "side": "buy", "size": "0.45290085", "price": "2987.32000000", "time": "2025-07-13T15:39:07.976419Z", "fetched_at": "2025-07-13T15:39:36.952192+00:00", "symbol": "ETH-USD"}, {"trade_id": 666288910, "side": "buy", "size": "0.00001673", "price": "2987.32000000", "time": "2025-07-13T15:39:07.976419Z", "fetched_at": "2025-07-13T15:39:36.952192+00:00", "symbol": "ETH-USD"}, {"trade_id": 666288909, "side": "buy", "size": "0.00187761", "price": "2987.32000000", "time": "2025-07-13T15:39:07.976419Z", "fetched_at": "2025-07-13T15:39:36.952192+00:00", "symbol": "ETH-USD"}, {"trade_id": 666288908, "side": "buy", "size": "0.01526214", "price": "2987.13000000", "time": "2025-07-13T15:39:07.709387Z", "fetched_at": "2025-07-13T15:39:36.952192+00:00", "symbol": "ETH-USD"}, {"trade_id": 666288907, "side": "buy", "size": "0.01101012", "price": "2987.25000000", "time": "2025-07-13T15:39:07.709387Z", "fetched_at": "2025-07-13T15:39:36.952192+00:00", "symbol": "ETH-USD"}, {"trade_id": 666288906, "side": "buy", "size": "0.00187761", "price": "2987.32000000", "time": "2025-07-13T15:39:07.709387Z", "fetched_at": "2025-07-13T15:39:36.952192+00:00", "symbol": "ETH-USD"}, {"trade_id": 666288905, "side": "sell", "size": "0.00015046", "price": "2987.26000000", "time": "2025-07-13T15:39:07.227678Z", "fetched_at": "2025-07-13T15:39:36.952192+00:00", "symbol": "ETH-USD"}, {"trade_id": 666288904, "side": "buy", "size": "0.63852001", "price": "2987.48000000", "time": "2025-07-13T15:39:04.671897Z", "fetched_at": "2025-07-13T15:39:36.952192+00:00", "symbol": "ETH-USD"}, {"trade_id": 666288903, "side": "buy", "size": "0.68612001", "price": "2987.48000000", "time": "2025-07-13T15:39:04.369105Z", "fetched_at": "2025-07-13T15:39:36.952192+00:00", "symbol": "ETH-USD"}, {"trade_id": 666288902, "side": "buy", "size": "0.09149000", "price": "2987.48000000", "time": "2025-07-13T15:39:04.369105Z", "fetched_at": "2025-07-13T15:39:36.952192+00:00", "symbol": "ETH-USD"}, {"trade_id": 666288901, "side": "sell", "size": "0.32604191", "price": "2987.13000000", "time": "2025-07-13T15:39:03.355116Z", "fetched_at": "2025-07-13T15:39:36.952192+00:00", "symbol": "ETH-USD"}, {"trade_id": 666288900, "side": "sell", "size": "0.01587266", "price": "2986.73000000", "time": "2025-07-13T15:39:02.870951Z", "fetched_at": "2025-07-13T15:39:36.952192+00:00", "symbol": "ETH-USD"}, {"trade_id": 666288899, "side": "buy", "size": "0.20005402", "price": "2986.91000000", "time": "2025-07-13T15:39:02.603252Z", "fetched_at": "2025-07-13T15:39:36.952192+00:00", "symbol": "ETH-USD"}, {"trade_id": 666288898, "side": "buy", "size": "0.00035019", "price": "2986.91000000", "time": "2025-07-13T15:39:02.603252Z", "fetched_at": "2025-07-13T15:39:36.952192+00:00", "symbol": "ETH-USD"}, {"trade_id": 666288897, "side": "buy", "size": "0.02454922", "price": "2987.06000000", "time": "2025-07-13T15:39:02.538546Z", "fetched_at": "2025-07-13T15:39:36.952192+00:00", "symbol": "ETH-USD"}, {"trade_id": 666288896, "side": "buy", "size": "0.05444636", "price": "2987.16000000", "time": "2025-07-13T15:39:02.226306Z", "fetched_at": "2025-07-13T15:39:36.952192+00:00", "symbol": "ETH-USD"}, {"trade_id": 666288895, "side": "buy", "size": "0.02278418", "price": "2987.16000000", "time": "2025-07-13T15:39:02.226306Z", "fetched_at": "2025-07-13T15:39:36.952192+00:00", "symbol": "ETH-USD"}, {"trade_id": 666288894, "side": "sell", "size": "0.00024002", "price": "2987.07000000", "time": "2025-07-13T15:39:01.572332Z", "fetched_at": "2025-07-13T15:39:36.952192+00:00", "symbol": "ETH-USD"}, {"trade_id": 666288893, "side": "sell", "size": "0.00031001", "price": "2987.07000000", "time": "2025-07-13T15:39:01.572332Z", "fetched_at": "2025-07-13T15:39:36.952192+00:00", "symbol": "ETH-USD"}, {"trade_id": 666288892, "side": "sell", "size": "0.00005588", "price": "2987.07000000", "time": "2025-07-13T15:39:01.572332Z", "fetched_at": "2025-07-13T15:39:36.952192+00:00", "symbol": "ETH-USD"}, {"trade_id": 666288891, "side": "sell", "size": "0.58697390", "price": "2987.07000000", "time": "2025-07-13T15:39:01.572332Z", "fetched_at": "2025-07-13T15:39:36.952192+00:00", "symbol": "ETH-USD"}, {"trade_id": 666288890, "side": "buy", "size": "0.38010715", "price": "2986.93000000", "time": "2025-07-13T15:39:00.677668Z", "fetched_at": "2025-07-13T15:39:36.952192+00:00", "symbol": "ETH-USD"}, {"trade_id": 666288889, "side": "buy", "size": "0.00100000", "price": "2986.94000000", "time": "2025-07-13T15:39:00.677668Z", "fetched_at": "2025-07-13T15:39:36.952192+00:00", "symbol": "ETH-USD"}, {"trade_id": 666288888, "side": "buy", "size": "0.19999942", "price": "2987.05000000", "time": "2025-07-13T15:39:00.677668Z", "fetched_at": "2025-07-13T15:39:36.952192+00:00", "symbol": "ETH-USD"}, {"trade_id": 666288887, "side": "buy", "size": "0.00100000", "price": "2987.16000000", "time": "2025-07-13T15:39:00.677668Z", "fetched_at": "2025-07-13T15:39:36.952192+00:00", "symbol": "ETH-USD"}, {"trade_id": 666288886, "side": "buy", "size": "0.01574206", "price": "2987.21000000", "time": "2025-07-13T15:39:00.677668Z", "fetched_at": "2025-07-13T15:39:36.952192+00:00", "symbol": "ETH-USD"}, {"trade_id": 666288885, "side": "buy", "size": "0.08093711", "price": "2987.21000000", "time": "2025-07-13T15:39:00.676649Z", "fetched_at": "2025-07-13T15:39:36.952192+00:00", "symbol": "ETH-USD"}, {"trade_id": 666288884, "side": "buy", "size": "0.00131568", "price": "2987.22000000", "time": "2025-07-13T15:39:00.676649Z", "fetched_at": "2025-07-13T15:39:36.952192+00:00", "symbol": "ETH-USD"}, {"trade_id": 666288883, "side": "buy", "size": "0.01701000", "price": "2987.21000000", "time": "2025-07-13T15:39:00.669067Z", "fetched_at": "2025-07-13T15:39:36.952192+00:00", "symbol": "ETH-USD"}, {"trade_id": 666288882, "side": "buy", "size": "0.42609498", "price": "2987.21000000", "time": "2025-07-13T15:39:00.668002Z", "fetched_at": "2025-07-13T15:39:36.952192+00:00", "symbol": "ETH-USD"}, {"trade_id": 666288881, "side": "buy", "size": "0.00000669", "price": "2987.21000000", "time": "2025-07-13T15:39:00.668002Z", "fetched_at": "2025-07-13T15:39:36.952192+00:00", "symbol": "ETH-USD"}, {"trade_id": 666288880, "side": "buy", "size": "0.11368917", "price": "2987.53000000", "time": "2025-07-13T15:39:00.668002Z", "fetched_at": "2025-07-13T15:39:36.952192+00:00", "symbol": "ETH-USD"}, {"trade_id": 666288879, "side": "buy", "size": "0.53979084", "price": "2987.53000000", "time": "2025-07-13T15:39:00.667701Z", "fetched_at": "2025-07-13T15:39:36.952192+00:00", "symbol": "ETH-USD"}, {"trade_id": 666288878, "side": "buy", "size": "0.58003001", "price": "2987.53000000", "time": "2025-07-13T15:39:00.654589Z", "fetched_at": "2025-07-13T15:39:36.952192+00:00", "symbol": "ETH-USD"}, {"trade_id": 666288877, "side": "buy", "size": "0.01701000", "price": "2987.53000000", "time": "2025-07-13T15:39:00.653988Z", "fetched_at": "2025-07-13T15:39:36.952192+00:00", "symbol": "ETH-USD"}, {"trade_id": 666288876, "side": "buy", "size": "0.59555771", "price": "2987.42000000", "time": "2025-07-13T15:39:00.644843Z", "fetched_at": "2025-07-13T15:39:36.952192+00:00", "symbol": "ETH-USD"}, {"trade_id": 666288875, "side": "buy", "size": "0.15127812", "price": "2987.43000000", "time": "2025-07-13T15:39:00.644843Z", "fetched_at": "2025-07-13T15:39:36.952192+00:00", "symbol": "ETH-USD"}, {"trade_id": 666288874, "side": "buy", "size": "0.00066943", "price": "2987.46000000", "time": "2025-07-13T15:39:00.644843Z", "fetched_at": "2025-07-13T15:39:36.952192+00:00", "symbol": "ETH-USD"}, {"trade_id": 666288873, "side": "buy", "size": "0.01501939", "price": "2987.47000000", "time": "2025-07-13T15:39:00.644843Z", "fetched_at": "2025-07-13T15:39:36.952192+00:00", "symbol": "ETH-USD"}, {"trade_id": 666288872, "side": "buy", "size": "0.05906276", "price": "2987.50000000", "time": "2025-07-13T15:39:00.644843Z", "fetched_at": "2025-07-13T15:39:36.952192+00:00", "symbol": "ETH-USD"}, {"trade_id": 666288871, "side": "buy", "size": "0.03139586", "price": "2987.52000000", "time": "2025-07-13T15:39:00.644843Z", "fetched_at": "2025-07-13T15:39:36.952192+00:00", "symbol": "ETH-USD"}, {"trade_id": 666288870, "side": "buy", "size": "0.65008001", "price": "2987.81000000", "time": "2025-07-13T15:39:00.567519Z", "fetched_at": "2025-07-13T15:39:36.952192+00:00", "symbol": "ETH-USD"}, {"trade_id": 666288869, "side": "sell", "size": "0.00032152", "price": "2987.82000000", "time": "2025-07-13T15:39:00.500547Z", "fetched_at": "2025-07-13T15:39:36.952192+00:00", "symbol": "ETH-USD"}, {"trade_id": 666288868, "side": "sell", "size": "0.00100000", "price": "2987.82000000", "time": "2025-07-13T15:39:00.500547Z", "fetched_at": "2025-07-13T15:39:36.952192+00:00", "symbol": "ETH-USD"}, {"trade_id": 666288867, "side": "buy", "size": "0.02008321", "price": "2987.51000000", "time": "2025-07-13T15:38:59.367059Z", "fetched_at": "2025-07-13T15:39:36.952192+00:00", "symbol": "ETH-USD"}, {"trade_id": 666288866, "side": "buy", "size": "0.03978962", "price": "2987.51000000", "time": "2025-07-13T15:38:59.223384Z", "fetched_at": "2025-07-13T15:39:36.952192+00:00", "symbol": "ETH-USD"}, {"trade_id": 666288865, "side": "sell", "size": "0.00237686", "price": "2987.75000000", "time": "2025-07-13T15:38:58.843325Z", "fetched_at": "2025-07-13T15:39:36.952192+00:00", "symbol": "ETH-USD"}, {"trade_id": 666288864, "side": "sell", "size": "0.00010067", "price": "2987.64000000", "time": "2025-07-13T15:38:58.843325Z", "fetched_at": "2025-07-13T15:39:36.952192+00:00", "symbol": "ETH-USD"}, {"trade_id": 666288863, "side": "sell", "size": "0.00033080", "price": "2987.48000000", "time": "2025-07-13T15:38:58.843325Z", "fetched_at": "2025-07-13T15:39:36.952192+00:00", "symbol": "ETH-USD"}, {"trade_id": 666288862, "side": "sell", "size": "0.00042170", "price": "2987.48000000", "time": "2025-07-13T15:38:58.843325Z", "fetched_at": "2025-07-13T15:39:36.952192+00:00", "symbol": "ETH-USD"}, {"trade_id": 666288861, "side": "buy", "size": "0.00661913", "price": "2987.21000000", "time": "2025-07-13T15:38:58.403647Z", "fetched_at": "2025-07-13T15:39:36.952192+00:00", "symbol": "ETH-USD"}, {"trade_id": 666288860, "side": "sell", "size": "0.00331373", "price": "2987.47000000", "time": "2025-07-13T15:38:58.115318Z", "fetched_at": "2025-07-13T15:39:36.952192+00:00", "symbol": "ETH-USD"}, {"trade_id": 666288859, "side": "sell", "size": "0.01174769", "price": "2987.24000000", "time": "2025-07-13T15:38:57.916737Z", "fetched_at": "2025-07-13T15:39:36.952192+00:00", "symbol": "ETH-USD"}, {"trade_id": 666288858, "side": "buy", "size": "0.00010000", "price": "2987.30000000", "time": "2025-07-13T15:38:57.831855Z", "fetched_at": "2025-07-13T15:39:36.952192+00:00", "symbol": "ETH-USD"}, {"trade_id": 666288857, "side": "buy", "size": "0.00036842", "price": "2987.32000000", "time": "2025-07-13T15:38:57.831855Z", "fetched_at": "2025-07-13T15:39:36.952192+00:00", "symbol": "ETH-USD"}, {"trade_id": 666288856, "side": "buy", "size": "0.14999246", "price": "2987.32000000", "time": "2025-07-13T15:38:57.831855Z", "fetched_at": "2025-07-13T15:39:36.952192+00:00", "symbol": "ETH-USD"}, {"trade_id": 666288855, "side": "buy", "size": "0.00000334", "price": "2987.37000000", "time": "2025-07-13T15:38:57.819588Z", "fetched_at": "2025-07-13T15:39:36.952192+00:00", "symbol": "ETH-USD"}, {"trade_id": 666288854, "side": "buy", "size": "0.08860636", "price": "2987.37000000", "time": "2025-07-13T15:38:57.819588Z", "fetched_at": "2025-07-13T15:39:36.952192+00:00", "symbol": "ETH-USD"}, {"trade_id": 666288853, "side": "buy", "size": "0.69156001", "price": "2987.37000000", "time": "2025-07-13T15:38:57.819588Z", "fetched_at": "2025-07-13T15:39:36.952192+00:00", "symbol": "ETH-USD"}, {"trade_id": 666288852, "side": "buy", "size": "0.19532757", "price": "2987.37000000", "time": "2025-07-13T15:38:57.819588Z", "fetched_at": "2025-07-13T15:39:36.952192+00:00", "symbol": "ETH-USD"}, {"trade_id": 666288851, "side": "sell", "size": "0.00650000", "price": "2987.38000000", "time": "2025-07-13T15:38:57.255332Z", "fetched_at": "2025-07-13T15:39:36.952192+00:00", "symbol": "ETH-USD"}, {"trade_id": 666288850, "side": "buy", "size": "0.01660602", "price": "2987.47000000", "time": "2025-07-13T15:38:57.017736Z", "fetched_at": "2025-07-13T15:39:36.952192+00:00", "symbol": "ETH-USD"}, {"trade_id": 666288849, "side": "buy", "size": "0.05317877", "price": "2987.47000000", "time": "2025-07-13T15:38:57.017736Z", "fetched_at": "2025-07-13T15:39:36.952192+00:00", "symbol": "ETH-USD"}, {"trade_id": 666288848, "side": "buy", "size": "0.00592474", "price": "2987.47000000", "time": "2025-07-13T15:38:57.017736Z", "fetched_at": "2025-07-13T15:39:36.952192+00:00", "symbol": "ETH-USD"}, {"trade_id": 666288847, "side": "buy", "size": "0.45688578", "price": "2987.47000000", "time": "2025-07-13T15:38:57.017736Z", "fetched_at": "2025-07-13T15:39:36.952192+00:00", "symbol": "ETH-USD"}, {"trade_id": 666288846, "side": "buy", "size": "0.16531423", "price": "2987.47000000", "time": "2025-07-13T15:38:56.091703Z", "fetched_at": "2025-07-13T15:39:36.952192+00:00", "symbol": "ETH-USD"}, {"trade_id": 666288845, "side": "buy", "size": "0.00499077", "price": "2987.37000000", "time": "2025-07-13T15:38:55.066712Z", "fetched_at": "2025-07-13T15:39:36.952192+00:00", "symbol": "ETH-USD"}, {"trade_id": 666288844, "side": "buy", "size": "0.01201923", "price": "2987.38000000", "time": "2025-07-13T15:38:55.066712Z", "fetched_at": "2025-07-13T15:39:36.952192+00:00", "symbol": "ETH-USD"}, {"trade_id": 666288843, "side": "buy", "size": "0.01701000", "price": "2987.38000000", "time": "2025-07-13T15:38:55.066166Z", "fetched_at": "2025-07-13T15:39:36.952192+00:00", "symbol": "ETH-USD"}, {"trade_id": 666288842, "side": "buy", "size": "0.01391140", "price": "2987.38000000", "time": "2025-07-13T15:38:55.066089Z", "fetched_at": "2025-07-13T15:39:36.952192+00:00", "symbol": "ETH-USD"}, {"trade_id": 666288841, "side": "buy", "size": "0.00100000", "price": "2987.38000000", "time": "2025-07-13T15:38:55.066089Z", "fetched_at": "2025-07-13T15:39:36.952192+00:00", "symbol": "ETH-USD"}, {"trade_id": 666288840, "side": "buy", "size": "0.00113463", "price": "2987.39000000", "time": "2025-07-13T15:38:55.066089Z", "fetched_at": "2025-07-13T15:39:36.952192+00:00", "symbol": "ETH-USD"}, {"trade_id": 666288839, "side": "buy", "size": "0.00096397", "price": "2987.62000000", "time": "2025-07-13T15:38:55.066089Z", "fetched_at": "2025-07-13T15:39:36.952192+00:00", "symbol": "ETH-USD"}, {"trade_id": 666288838, "side": "buy", "size": "0.04826565", "price": "2987.63000000", "time": "2025-07-13T15:38:55.064881Z", "fetched_at": "2025-07-13T15:39:36.952192+00:00", "symbol": "ETH-USD"}, {"trade_id": 666288837, "side": "buy", "size": "0.70108001", "price": "2987.68000000", "time": "2025-07-13T15:38:55.064881Z", "fetched_at": "2025-07-13T15:39:36.952192+00:00", "symbol": "ETH-USD"}, {"trade_id": 666288836, "side": "buy", "size": "0.61812001", "price": "2987.62000000", "time": "2025-07-13T15:38:54.674224Z", "fetched_at": "2025-07-13T15:39:36.952192+00:00", "symbol": "ETH-USD"}, {"trade_id": 666288835, "side": "buy", "size": "0.01088826", "price": "2987.62000000", "time": "2025-07-13T15:38:54.674224Z", "fetched_at": "2025-07-13T15:39:36.952192+00:00", "symbol": "ETH-USD"}, {"trade_id": 666288834, "side": "buy", "size": "0.31541722", "price": "2987.69000000", "time": "2025-07-13T15:38:54.259476Z", "fetched_at": "2025-07-13T15:39:36.952192+00:00", "symbol": "ETH-USD"}, {"trade_id": 666288833, "side": "buy", "size": "0.36662279", "price": "2987.69000000", "time": "2025-07-13T15:38:54.117497Z", "fetched_at": "2025-07-13T15:39:36.952192+00:00", "symbol": "ETH-USD"}, {"trade_id": 666288832, "side": "buy", "size": "0.61676001", "price": "2988.03000000", "time": "2025-07-13T15:38:53.739847Z", "fetched_at": "2025-07-13T15:39:36.952192+00:00", "symbol": "ETH-USD"}, {"trade_id": 666288831, "side": "sell", "size": "0.00000334", "price": "2988.04000000", "time": "2025-07-13T15:38:53.732637Z", "fetched_at": "2025-07-13T15:39:36.952192+00:00", "symbol": "ETH-USD"}, {"trade_id": 666288830, "side": "sell", "size": "0.00003345", "price": "2988.04000000", "time": "2025-07-13T15:38:53.714445Z", "fetched_at": "2025-07-13T15:39:36.952192+00:00", "symbol": "ETH-USD"}, {"trade_id": 666288829, "side": "sell", "size": "0.50000000", "price": "2987.65000000", "time": "2025-07-13T15:38:52.723551Z", "fetched_at": "2025-07-13T15:39:36.952192+00:00", "symbol": "ETH-USD"}, {"trade_id": 666288828, "side": "buy", "size": "0.00139123", "price": "2987.51000000", "time": "2025-07-13T15:38:52.159834Z", "fetched_at": "2025-07-13T15:39:36.952192+00:00", "symbol": "ETH-USD"}, {"trade_id": 666288827, "side": "buy", "size": "0.00139954", "price": "2987.60000000", "time": "2025-07-13T15:38:52.124132Z", "fetched_at": "2025-07-13T15:39:36.952192+00:00", "symbol": "ETH-USD"}, {"trade_id": 666288826, "side": "buy", "size": "0.75264162", "price": "2987.60000000", "time": "2025-07-13T15:38:52.124132Z", "fetched_at": "2025-07-13T15:39:36.952192+00:00", "symbol": "ETH-USD"}, {"trade_id": 666288825, "side": "buy", "size": "0.03207839", "price": "2987.60000000", "time": "2025-07-13T15:38:51.935783Z", "fetched_at": "2025-07-13T15:39:36.952192+00:00", "symbol": "ETH-USD"}, {"trade_id": 666288824, "side": "buy", "size": "0.00139954", "price": "2987.60000000", "time": "2025-07-13T15:38:51.935783Z", "fetched_at": "2025-07-13T15:39:36.952192+00:00", "symbol": "ETH-USD"}, {"trade_id": 666288823, "side": "buy", "size": "0.00001338", "price": "2987.69000000", "time": "2025-07-13T15:38:51.599073Z", "fetched_at": "2025-07-13T15:39:36.952192+00:00", "symbol": "ETH-USD"}, {"trade_id": 666288822, "side": "buy", "size": "0.64396001", "price": "2987.69000000", "time": "2025-07-13T15:38:51.599073Z", "fetched_at": "2025-07-13T15:39:36.952192+00:00", "symbol": "ETH-USD"}, {"trade_id": 666288821, "side": "buy", "size": "0.00145271", "price": "2987.69000000", "time": "2025-07-13T15:38:51.599073Z", "fetched_at": "2025-07-13T15:39:36.952192+00:00", "symbol": "ETH-USD"}, {"trade_id": 666288820, "side": "buy", "size": "1.19999860", "price": "2987.69000000", "time": "2025-07-13T15:38:51.599073Z", "fetched_at": "2025-07-13T15:39:36.952192+00:00", "symbol": "ETH-USD"}, {"trade_id": 666288819, "side": "buy", "size": "0.00045388", "price": "2987.69000000", "time": "2025-07-13T15:38:51.599073Z", "fetched_at": "2025-07-13T15:39:36.952192+00:00", "symbol": "ETH-USD"}, {"trade_id": 666288818, "side": "buy", "size": "0.00165877", "price": "2987.79000000", "time": "2025-07-13T15:38:51.258810Z", "fetched_at": "2025-07-13T15:39:36.952192+00:00", "symbol": "ETH-USD"}, {"trade_id": 666288817, "side": "buy", "size": "0.18131245", "price": "2987.79000000", "time": "2025-07-13T15:38:51.248592Z", "fetched_at": "2025-07-13T15:39:36.952192+00:00", "symbol": "ETH-USD"}, {"trade_id": 666288816, "side": "buy", "size": "0.20716635", "price": "2987.79000000", "time": "2025-07-13T15:38:51.243233Z", "fetched_at": "2025-07-13T15:39:36.952192+00:00", "symbol": "ETH-USD"}, {"trade_id": 666288815, "side": "buy", "size": "0.38107465", "price": "2987.79000000", "time": "2025-07-13T15:38:51.239706Z", "fetched_at": "2025-07-13T15:39:36.952192+00:00", "symbol": "ETH-USD"}, {"trade_id": 666288814, "side": "buy", "size": "0.00165877", "price": "2987.79000000", "time": "2025-07-13T15:38:51.239706Z", "fetched_at": "2025-07-13T15:39:36.952192+00:00", "symbol": "ETH-USD"}, {"trade_id": 666288813, "side": "sell", "size": "0.00000334", "price": "2987.87000000", "time": "2025-07-13T15:38:51.041765Z", "fetched_at": "2025-07-13T15:39:36.952192+00:00", "symbol": "ETH-USD"}, {"trade_id": 666288812, "side": "sell", "size": "0.00019738", "price": "2987.95000000", "time": "2025-07-13T15:38:51.018430Z", "fetched_at": "2025-07-13T15:39:36.952192+00:00", "symbol": "ETH-USD"}, {"trade_id": 666288811, "side": "buy", "size": "0.00177661", "price": "2987.94000000", "time": "2025-07-13T15:38:51.015407Z", "fetched_at": "2025-07-13T15:39:36.952192+00:00", "symbol": "ETH-USD"}, {"trade_id": 666288810, "side": "sell", "size": "0.26216365", "price": "2988.03000000", "time": "2025-07-13T15:38:50.996075Z", "fetched_at": "2025-07-13T15:39:36.952192+00:00", "symbol": "ETH-USD"}, {"trade_id": 666288809, "side": "sell", "size": "0.07979660", "price": "2988.03000000", "time": "2025-07-13T15:38:50.996075Z", "fetched_at": "2025-07-13T15:39:36.952192+00:00", "symbol": "ETH-USD"}, {"trade_id": 666288808, "side": "sell", "size": "0.15000000", "price": "2988.03000000", "time": "2025-07-13T15:38:50.996075Z", "fetched_at": "2025-07-13T15:39:36.952192+00:00", "symbol": "ETH-USD"}, {"trade_id": 666288807, "side": "buy", "size": "0.02177688", "price": "2988.03000000", "time": "2025-07-13T15:38:50.990083Z", "fetched_at": "2025-07-13T15:39:36.952192+00:00", "symbol": "ETH-USD"}, {"trade_id": 666288806, "side": "buy", "size": "0.72828001", "price": "2988.03000000", "time": "2025-07-13T15:38:50.990083Z", "fetched_at": "2025-07-13T15:39:36.952192+00:00", "symbol": "ETH-USD"}, {"trade_id": 666288805, "side": "buy", "size": "0.00172986", "price": "2988.03000000", "time": "2025-07-13T15:38:50.990083Z", "fetched_at": "2025-07-13T15:39:36.952192+00:00", "symbol": "ETH-USD"}, {"trade_id": 666288804, "side": "sell", "size": "0.33410436", "price": "2987.94000000", "time": "2025-07-13T15:38:49.505319Z", "fetched_at": "2025-07-13T15:39:36.952192+00:00", "symbol": "ETH-USD"}, {"trade_id": 666288803, "side": "sell", "size": "0.00019828", "price": "2987.82000000", "time": "2025-07-13T15:38:49.500123Z", "fetched_at": "2025-07-13T15:39:36.952192+00:00", "symbol": "ETH-USD"}, {"trade_id": 666288802, "side": "sell", "size": "0.00014927", "price": "2987.82000000", "time": "2025-07-13T15:38:49.500123Z", "fetched_at": "2025-07-13T15:39:36.952192+00:00", "symbol": "ETH-USD"}, {"trade_id": 666288801, "side": "sell", "size": "0.00100000", "price": "2987.82000000", "time": "2025-07-13T15:38:49.500123Z", "fetched_at": "2025-07-13T15:39:36.952192+00:00", "symbol": "ETH-USD"}, {"trade_id": 666288800, "side": "sell", "size": "0.00031005", "price": "2987.57000000", "time": "2025-07-13T15:38:49.414611Z", "fetched_at": "2025-07-13T15:39:36.952192+00:00", "symbol": "ETH-USD"}, {"trade_id": 666288799, "side": "sell", "size": "0.00024003", "price": "2987.57000000", "time": "2025-07-13T15:38:49.414611Z", "fetched_at": "2025-07-13T15:39:36.952192+00:00", "symbol": "ETH-USD"}, {"trade_id": 666288798, "side": "sell", "size": "0.19999370", "price": "2987.57000000", "time": "2025-07-13T15:38:49.414611Z", "fetched_at": "2025-07-13T15:39:36.952192+00:00", "symbol": "ETH-USD"}, {"trade_id": 666288797, "side": "sell", "size": "0.00000334", "price": "2987.57000000", "time": "2025-07-13T15:38:48.269904Z", "fetched_at": "2025-07-13T15:39:36.952192+00:00", "symbol": "ETH-USD"}, {"trade_id": 666288796, "side": "sell", "size": "0.00291214", "price": "2987.20000000", "time": "2025-07-13T15:38:47.884684Z", "fetched_at": "2025-07-13T15:39:36.952192+00:00", "symbol": "ETH-USD"}, {"trade_id": 666288795, "side": "sell", "size": "0.04373462", "price": "2987.43000000", "time": "2025-07-13T15:38:47.632726Z", "fetched_at": "2025-07-13T15:39:36.952192+00:00", "symbol": "ETH-USD"}, {"trade_id": 666288794, "side": "sell", "size": "0.00050230", "price": "2987.32000000", "time": "2025-07-13T15:38:47.632726Z", "fetched_at": "2025-07-13T15:39:36.952192+00:00", "symbol": "ETH-USD"}, {"trade_id": 666288793, "side": "sell", "size": "0.00024001", "price": "2987.30000000", "time": "2025-07-13T15:38:47.632726Z", "fetched_at": "2025-07-13T15:39:36.952192+00:00", "symbol": "ETH-USD"}, {"trade_id": 666288792, "side": "sell", "size": "0.00031000", "price": "2987.30000000", "time": "2025-07-13T15:38:47.632726Z", "fetched_at": "2025-07-13T15:39:36.952192+00:00", "symbol": "ETH-USD"}, {"trade_id": 666288791, "side": "sell", "size": "0.00100000", "price": "2987.16000000", "time": "2025-07-13T15:38:47.632726Z", "fetched_at": "2025-07-13T15:39:36.952192+00:00", "symbol": "ETH-USD"}, {"trade_id": 666288790, "side": "sell", "size": "0.00100000", "price": "2986.94000000", "time": "2025-07-13T15:38:47.632726Z", "fetched_at": "2025-07-13T15:39:36.952192+00:00", "symbol": "ETH-USD"}, {"trade_id": 666288789, "side": "sell", "size": "0.00001111", "price": "2986.83000000", "time": "2025-07-13T15:38:47.632726Z", "fetched_at": "2025-07-13T15:39:36.952192+00:00", "symbol": "ETH-USD"}, {"trade_id": 666288788, "side": "sell", "size": "0.00006349", "price": "2986.83000000", "time": "2025-07-13T15:38:47.632726Z", "fetched_at": "2025-07-13T15:39:36.952192+00:00", "symbol": "ETH-USD"}, {"trade_id": 666288787, "side": "sell", "size": "0.00313847", "price": "2986.75000000", "time": "2025-07-13T15:38:47.632726Z", "fetched_at": "2025-07-13T15:39:36.952192+00:00", "symbol": "ETH-USD"}, {"trade_id": 666288786, "side": "sell", "size": "0.36169846", "price": "2986.55000000", "time": "2025-07-13T15:38:47.495837Z", "fetched_at": "2025-07-13T15:39:36.952192+00:00", "symbol": "ETH-USD"}, {"trade_id": 666288785, "side": "sell", "size": "0.00313834", "price": "2986.48000000", "time": "2025-07-13T15:38:47.495837Z", "fetched_at": "2025-07-13T15:39:36.952192+00:00", "symbol": "ETH-USD"}, {"trade_id": 666288784, "side": "sell", "size": "0.00034197", "price": "2986.29000000", "time": "2025-07-13T15:38:46.727928Z", "fetched_at": "2025-07-13T15:39:36.952192+00:00", "symbol": "ETH-USD"}, {"trade_id": 666288783, "side": "sell", "size": "0.00016765", "price": "2986.29000000", "time": "2025-07-13T15:38:46.727928Z", "fetched_at": "2025-07-13T15:39:36.952192+00:00", "symbol": "ETH-USD"}, {"trade_id": 666288782, "side": "sell", "size": "0.00263478", "price": "2986.29000000", "time": "2025-07-13T15:38:46.727928Z", "fetched_at": "2025-07-13T15:39:36.952192+00:00", "symbol": "ETH-USD"}, {"trade_id": 666288781, "side": "buy", "size": "0.24001768", "price": "2986.28000000", "time": "2025-07-13T15:38:46.533275Z", "fetched_at": "2025-07-13T15:39:36.952192+00:00", "symbol": "ETH-USD"}, {"trade_id": 666288780, "side": "buy", "size": "0.07371000", "price": "2986.28000000", "time": "2025-07-13T15:38:46.296886Z", "fetched_at": "2025-07-13T15:39:36.952192+00:00", "symbol": "ETH-USD"}, {"trade_id": 666288779, "side": "sell", "size": "0.00010334", "price": "2986.29000000", "time": "2025-07-13T15:38:46.242251Z", "fetched_at": "2025-07-13T15:39:36.952192+00:00", "symbol": "ETH-USD"}, {"trade_id": 666288778, "side": "sell", "size": "0.36256449", "price": "2986.25000000", "time": "2025-07-13T15:38:46.242251Z", "fetched_at": "2025-07-13T15:39:36.952192+00:00", "symbol": "ETH-USD"}, {"trade_id": 666288777, "side": "sell", "size": "0.13743551", "price": "2986.25000000", "time": "2025-07-13T15:38:46.240889Z", "fetched_at": "2025-07-13T15:39:36.952192+00:00", "symbol": "ETH-USD"}, {"trade_id": 666288776, "side": "sell", "size": "0.32312014", "price": "2986.25000000", "time": "2025-07-13T15:38:46.240889Z", "fetched_at": "2025-07-13T15:39:36.952192+00:00", "symbol": "ETH-USD"}, {"trade_id": 666288775, "side": "sell", "size": "0.00263478", "price": "2986.24000000", "time": "2025-07-13T15:38:46.240889Z", "fetched_at": "2025-07-13T15:39:36.952192+00:00", "symbol": "ETH-USD"}, {"trade_id": 666288774, "side": "sell", "size": "0.03680957", "price": "2986.22000000", "time": "2025-07-13T15:38:46.240889Z", "fetched_at": "2025-07-13T15:39:36.952192+00:00", "symbol": "ETH-USD"}, {"trade_id": 666288773, "side": "sell", "size": "0.32312000", "price": "2986.22000000", "time": "2025-07-13T15:38:46.240100Z", "fetched_at": "2025-07-13T15:39:36.952192+00:00", "symbol": "ETH-USD"}, {"trade_id": 666288772, "side": "sell", "size": "0.24005522", "price": "2986.24000000", "time": "2025-07-13T15:38:46.238329Z", "fetched_at": "2025-07-13T15:39:36.952192+00:00", "symbol": "ETH-USD"}, {"trade_id": 666288771, "side": "sell", "size": "0.00263478", "price": "2986.22000000", "time": "2025-07-13T15:38:46.238329Z", "fetched_at": "2025-07-13T15:39:36.952192+00:00", "symbol": "ETH-USD"}, {"trade_id": 666288770, "side": "sell", "size": "0.50000000", "price": "2986.04000000", "time": "2025-07-13T15:38:46.228359Z", "fetched_at": "2025-07-13T15:39:36.952192+00:00", "symbol": "ETH-USD"}, {"trade_id": 666288769, "side": "sell", "size": "0.34929019", "price": "2986.11000000", "time": "2025-07-13T15:38:46.224344Z", "fetched_at": "2025-07-13T15:39:36.952192+00:00", "symbol": "ETH-USD"}, {"trade_id": 666288768, "side": "sell", "size": "0.80000000", "price": "2986.10000000", "time": "2025-07-13T15:38:46.224344Z", "fetched_at": "2025-07-13T15:39:36.952192+00:00", "symbol": "ETH-USD"}, {"trade_id": 666288767, "side": "sell", "size": "0.40000000", "price": "2986.10000000", "time": "2025-07-13T15:38:46.224344Z", "fetched_at": "2025-07-13T15:39:36.952192+00:00", "symbol": "ETH-USD"}, {"trade_id": 666288766, "side": "sell", "size": "0.20000000", "price": "2986.10000000", "time": "2025-07-13T15:38:46.224344Z", "fetched_at": "2025-07-13T15:39:36.952192+00:00", "symbol": "ETH-USD"}, {"trade_id": 666288765, "side": "sell", "size": "0.55610187", "price": "2986.06000000", "time": "2025-07-13T15:38:46.224344Z", "fetched_at": "2025-07-13T15:39:36.952192+00:00", "symbol": "ETH-USD"}, {"trade_id": 666288764, "side": "sell", "size": "0.78941694", "price": "2986.06000000", "time": "2025-07-13T15:38:46.224344Z", "fetched_at": "2025-07-13T15:39:36.952192+00:00", "symbol": "ETH-USD"}, {"trade_id": 666288763, "side": "sell", "size": "0.15906970", "price": "2986.04000000", "time": "2025-07-13T15:38:46.224344Z", "fetched_at": "2025-07-13T15:39:36.952192+00:00", "symbol": "ETH-USD"}, {"trade_id": 666288762, "side": "sell", "size": "0.50684411", "price": "2985.85000000", "time": "2025-07-13T15:38:46.219665Z", "fetched_at": "2025-07-13T15:39:36.952192+00:00", "symbol": "ETH-USD"}, {"trade_id": 666288761, "side": "sell", "size": "0.00263478", "price": "2985.85000000", "time": "2025-07-13T15:38:46.219665Z", "fetched_at": "2025-07-13T15:39:36.952192+00:00", "symbol": "ETH-USD"}, {"trade_id": 666288760, "side": "sell", "size": "0.00108074", "price": "2986.02000000", "time": "2025-07-13T15:38:46.091058Z", "fetched_at": "2025-07-13T15:39:36.952192+00:00", "symbol": "ETH-USD"}, {"trade_id": 666288759, "side": "buy", "size": "0.00001321", "price": "2985.82000000", "time": "2025-07-13T15:38:46.049348Z", "fetched_at": "2025-07-13T15:39:36.952192+00:00", "symbol": "ETH-USD"}, {"trade_id": 666288758, "side": "buy", "size": "0.32471379", "price": "2985.82000000", "time": "2025-07-13T15:38:46.049187Z", "fetched_at": "2025-07-13T15:39:36.952192+00:00", "symbol": "ETH-USD"}, {"trade_id": 666288757, "side": "buy", "size": "0.00016620", "price": "2985.82000000", "time": "2025-07-13T15:38:46.049187Z", "fetched_at": "2025-07-13T15:39:36.952192+00:00", "symbol": "ETH-USD"}, {"trade_id": 666288756, "side": "buy", "size": "0.81192001", "price": "2985.84000000", "time": "2025-07-13T15:38:46.049187Z", "fetched_at": "2025-07-13T15:39:36.952192+00:00", "symbol": "ETH-USD"}, {"trade_id": 666288755, "side": "buy", "size": "0.00100000", "price": "2985.84000000", "time": "2025-07-13T15:38:46.049187Z", "fetched_at": "2025-07-13T15:39:36.952192+00:00", "symbol": "ETH-USD"}, {"trade_id": 666288754, "side": "buy", "size": "0.14337845", "price": "2985.92000000", "time": "2025-07-13T15:38:45.756389Z", "fetched_at": "2025-07-13T15:39:36.952192+00:00", "symbol": "ETH-USD"}, {"trade_id": 666288753, "side": "buy", "size": "0.00102638", "price": "2985.93000000", "time": "2025-07-13T15:38:45.756389Z", "fetched_at": "2025-07-13T15:39:36.952192+00:00", "symbol": "ETH-USD"}, {"trade_id": 666288752, "side": "buy", "size": "0.00033355", "price": "2986.00000000", "time": "2025-07-13T15:38:45.756389Z", "fetched_at": "2025-07-13T15:39:36.952192+00:00", "symbol": "ETH-USD"}, {"trade_id": 666288751, "side": "buy", "size": "0.00100000", "price": "2986.06000000", "time": "2025-07-13T15:38:45.744380Z", "fetched_at": "2025-07-13T15:39:36.952192+00:00", "symbol": "ETH-USD"}, {"trade_id": 666288750, "side": "buy", "size": "0.00170999", "price": "2986.24000000", "time": "2025-07-13T15:38:45.692210Z", "fetched_at": "2025-07-13T15:39:36.952192+00:00", "symbol": "ETH-USD"}, {"trade_id": 666288749, "side": "buy", "size": "0.59021355", "price": "2986.28000000", "time": "2025-07-13T15:38:45.680905Z", "fetched_at": "2025-07-13T15:39:36.952192+00:00", "symbol": "ETH-USD"}, {"trade_id": 666288748, "side": "buy", "size": "0.00138646", "price": "2986.28000000", "time": "2025-07-13T15:38:45.664698Z", "fetched_at": "2025-07-13T15:39:36.952192+00:00", "symbol": "ETH-USD"}, {"trade_id": 666288747, "side": "buy", "size": "0.00366007", "price": "2986.28000000", "time": "2025-07-13T15:38:45.664698Z", "fetched_at": "2025-07-13T15:39:36.952192+00:00", "symbol": "ETH-USD"}, {"trade_id": 666288746, "side": "buy", "size": "0.01096347", "price": "2986.28000000", "time": "2025-07-13T15:38:45.664698Z", "fetched_at": "2025-07-13T15:39:36.952192+00:00", "symbol": "ETH-USD"}, {"trade_id": 666288745, "side": "buy", "size": "0.00100000", "price": "2986.28000000", "time": "2025-07-13T15:38:45.664698Z", "fetched_at": "2025-07-13T15:39:36.952192+00:00", "symbol": "ETH-USD"}, {"trade_id": 666288744, "side": "sell", "size": "0.00280000", "price": "2986.29000000", "time": "2025-07-13T15:38:45.409362Z", "fetched_at": "2025-07-13T15:39:36.952192+00:00", "symbol": "ETH-USD"}, {"trade_id": 666288743, "side": "buy", "size": "0.17005898", "price": "2986.57000000", "time": "2025-07-13T15:38:45.315814Z", "fetched_at": "2025-07-13T15:39:36.952192+00:00", "symbol": "ETH-USD"}, {"trade_id": 666288742, "side": "buy", "size": "0.00003103", "price": "2986.57000000", "time": "2025-07-13T15:38:44.987551Z", "fetched_at": "2025-07-13T15:39:36.952192+00:00", "symbol": "ETH-USD"}, {"trade_id": 666288741, "side": "buy", "size": "0.60851000", "price": "2986.57000000", "time": "2025-07-13T15:38:44.371401Z", "fetched_at": "2025-07-13T15:39:36.952192+00:00", "symbol": "ETH-USD"}, {"trade_id": 666288740, "side": "buy", "size": "0.30000000", "price": "2986.57000000", "time": "2025-07-13T15:38:44.371401Z", "fetched_at": "2025-07-13T15:39:36.952192+00:00", "symbol": "ETH-USD"}, {"trade_id": 666288739, "side": "buy", "size": "0.09149000", "price": "2986.57000000", "time": "2025-07-13T15:38:44.371401Z", "fetched_at": "2025-07-13T15:39:36.952192+00:00", "symbol": "ETH-USD"}, {"trade_id": 666288738, "side": "sell", "size": "0.32089889", "price": "2986.46000000", "time": "2025-07-13T15:38:44.149336Z", "fetched_at": "2025-07-13T15:39:36.952192+00:00", "symbol": "ETH-USD"}, {"trade_id": 666288737, "side": "sell", "size": "0.63656834", "price": "2986.46000000", "time": "2025-07-13T15:38:44.149336Z", "fetched_at": "2025-07-13T15:39:36.952192+00:00", "symbol": "ETH-USD"}, {"trade_id": 666288736, "side": "sell", "size": "0.30000000", "price": "2986.45000000", "time": "2025-07-13T15:38:44.149336Z", "fetched_at": "2025-07-13T15:39:36.952192+00:00", "symbol": "ETH-USD"}, {"trade_id": 666288735, "side": "sell", "size": "0.14501882", "price": "2986.44000000", "time": "2025-07-13T15:38:44.149336Z", "fetched_at": "2025-07-13T15:39:36.952192+00:00", "symbol": "ETH-USD"}, {"trade_id": 666288734, "side": "sell", "size": "0.53875690", "price": "2986.37000000", "time": "2025-07-13T15:38:44.149151Z", "fetched_at": "2025-07-13T15:39:36.952192+00:00", "symbol": "ETH-USD"}, {"trade_id": 666288733, "side": "buy", "size": "0.00108212", "price": "2986.45000000", "time": "2025-07-13T15:38:43.843595Z", "fetched_at": "2025-07-13T15:39:36.952192+00:00", "symbol": "ETH-USD"}, {"trade_id": 666288732, "side": "buy", "size": "0.72760001", "price": "2986.45000000", "time": "2025-07-13T15:38:43.843595Z", "fetched_at": "2025-07-13T15:39:36.952192+00:00", "symbol": "ETH-USD"}, {"trade_id": 666288731, "side": "buy", "size": "0.00106862", "price": "2986.46000000", "time": "2025-07-13T15:38:43.360232Z", "fetched_at": "2025-07-13T15:39:36.952192+00:00", "symbol": "ETH-USD"}, {"trade_id": 666288730, "side": "buy", "size": "0.00021764", "price": "2986.46000000", "time": "2025-07-13T15:38:43.360232Z", "fetched_at": "2025-07-13T15:39:36.952192+00:00", "symbol": "ETH-USD"}, {"trade_id": 666288729, "side": "buy", "size": "0.00106862", "price": "2986.46000000", "time": "2025-07-13T15:38:43.354390Z", "fetched_at": "2025-07-13T15:39:36.952192+00:00", "symbol": "ETH-USD"}, {"trade_id": 666288728, "side": "buy", "size": "0.01701000", "price": "2986.37000000", "time": "2025-07-13T15:38:43.246564Z", "fetched_at": "2025-07-13T15:39:36.952192+00:00", "symbol": "ETH-USD"}, {"trade_id": 666288727, "side": "buy", "size": "0.00100000", "price": "2986.50000000", "time": "2025-07-13T15:38:43.244775Z", "fetched_at": "2025-07-13T15:39:36.952192+00:00", "symbol": "ETH-USD"}, {"trade_id": 666288726, "side": "buy", "size": "0.00100000", "price": "2986.72000000", "time": "2025-07-13T15:38:43.244157Z", "fetched_at": "2025-07-13T15:39:36.952192+00:00", "symbol": "ETH-USD"}, {"trade_id": 666288725, "side": "buy", "size": "0.72351001", "price": "2986.73000000", "time": "2025-07-13T15:38:43.244157Z", "fetched_at": "2025-07-13T15:39:36.952192+00:00", "symbol": "ETH-USD"}, {"trade_id": 666288724, "side": "buy", "size": "0.01701000", "price": "2986.73000000", "time": "2025-07-13T15:38:43.244137Z", "fetched_at": "2025-07-13T15:39:36.952192+00:00", "symbol": "ETH-USD"}, {"trade_id": 666288723, "side": "buy", "size": "0.00167399", "price": "2986.88000000", "time": "2025-07-13T15:38:43.152474Z", "fetched_at": "2025-07-13T15:39:36.952192+00:00", "symbol": "ETH-USD"}, {"trade_id": 666288722, "side": "sell", "size": "0.09631551", "price": "2986.94000000", "time": "2025-07-13T15:38:43.141104Z", "fetched_at": "2025-07-13T15:39:36.952192+00:00", "symbol": "ETH-USD"}, {"trade_id": 666288721, "side": "sell", "size": "0.00302757", "price": "2986.89000000", "time": "2025-07-13T15:38:43.141104Z", "fetched_at": "2025-07-13T15:39:36.952192+00:00", "symbol": "ETH-USD"}, {"trade_id": 666288720, "side": "buy", "size": "0.79832001", "price": "2986.94000000", "time": "2025-07-13T15:38:43.133724Z", "fetched_at": "2025-07-13T15:39:36.952192+00:00", "symbol": "ETH-USD"}, {"trade_id": 666288719, "side": "buy", "size": "0.00100000", "price": "2986.94000000", "time": "2025-07-13T15:38:43.133724Z", "fetched_at": "2025-07-13T15:39:36.952192+00:00", "symbol": "ETH-USD"}, {"trade_id": 666288718, "side": "buy", "size": "0.00100000", "price": "2987.16000000", "time": "2025-07-13T15:38:43.013464Z", "fetched_at": "2025-07-13T15:39:36.952192+00:00", "symbol": "ETH-USD"}, {"trade_id": 666288717, "side": "buy", "size": "0.65892001", "price": "2987.29000000", "time": "2025-07-13T15:38:43.001701Z", "fetched_at": "2025-07-13T15:39:36.952192+00:00", "symbol": "ETH-USD"}, {"trade_id": 666288716, "side": "buy", "size": "0.01362773", "price": "2987.29000000", "time": "2025-07-13T15:38:43.001701Z", "fetched_at": "2025-07-13T15:39:36.952192+00:00", "symbol": "ETH-USD"}, {"trade_id": 666288715, "side": "buy", "size": "0.00001339", "price": "2987.29000000", "time": "2025-07-13T15:38:43.001701Z", "fetched_at": "2025-07-13T15:39:36.952192+00:00", "symbol": "ETH-USD"}, {"trade_id": 666288714, "side": "buy", "size": "0.01302192", "price": "2987.29000000", "time": "2025-07-13T15:38:43.001701Z", "fetched_at": "2025-07-13T15:39:36.952192+00:00", "symbol": "ETH-USD"}, {"trade_id": 666288713, "side": "buy", "size": "0.00718033", "price": "2987.29000000", "time": "2025-07-13T15:38:42.840114Z", "fetched_at": "2025-07-13T15:39:36.952192+00:00", "symbol": "ETH-USD"}, {"trade_id": 666288712, "side": "buy", "size": "0.01289128", "price": "2987.29000000", "time": "2025-07-13T15:38:42.840114Z", "fetched_at": "2025-07-13T15:39:36.952192+00:00", "symbol": "ETH-USD"}, {"trade_id": 666288711, "side": "sell", "size": "0.31904088", "price": "2987.44000000", "time": "2025-07-13T15:38:42.289762Z", "fetched_at": "2025-07-13T15:39:36.952192+00:00", "symbol": "ETH-USD"}, {"trade_id": 666288710, "side": "sell", "size": "0.15000000", "price": "2987.43000000", "time": "2025-07-13T15:38:42.289762Z", "fetched_at": "2025-07-13T15:39:36.952192+00:00", "symbol": "ETH-USD"}, {"trade_id": 666288709, "side": "sell", "size": "0.05600165", "price": "2987.42000000", "time": "2025-07-13T15:38:42.289762Z", "fetched_at": "2025-07-13T15:39:36.952192+00:00", "symbol": "ETH-USD"}, {"trade_id": 666288708, "side": "sell", "size": "0.44615998", "price": "2987.30000000", "time": "2025-07-13T15:38:42.289762Z", "fetched_at": "2025-07-13T15:39:36.952192+00:00", "symbol": "ETH-USD"}, {"trade_id": 666288707, "side": "sell", "size": "0.00313652", "price": "2987.30000000", "time": "2025-07-13T15:38:42.289762Z", "fetched_at": "2025-07-13T15:39:36.952192+00:00", "symbol": "ETH-USD"}, {"trade_id": 666288706, "side": "sell", "size": "0.00048007", "price": "2987.30000000", "time": "2025-07-13T15:38:42.289762Z", "fetched_at": "2025-07-13T15:39:36.952192+00:00", "symbol": "ETH-USD"}, {"trade_id": 666288705, "side": "sell", "size": "0.00061999", "price": "2987.30000000", "time": "2025-07-13T15:38:42.289762Z", "fetched_at": "2025-07-13T15:39:36.952192+00:00", "symbol": "ETH-USD"}, {"trade_id": 666288704, "side": "sell", "size": "0.02920313", "price": "2987.50000000", "time": "2025-07-13T15:38:41.308485Z", "fetched_at": "2025-07-13T15:39:36.952192+00:00", "symbol": "ETH-USD"}, {"trade_id": 666288703, "side": "sell", "size": "0.30000000", "price": "2987.40000000", "time": "2025-07-13T15:38:41.308485Z", "fetched_at": "2025-07-13T15:39:36.952192+00:00", "symbol": "ETH-USD"}, {"trade_id": 666288702, "side": "sell", "size": "0.00197088", "price": "2987.30000000", "time": "2025-07-13T15:38:41.308485Z", "fetched_at": "2025-07-13T15:39:36.952192+00:00", "symbol": "ETH-USD"}, {"trade_id": 666288701, "side": "buy", "size": "0.00100000", "price": "2987.38000000", "time": "2025-07-13T15:38:41.187321Z", "fetched_at": "2025-07-13T15:39:36.952192+00:00", "symbol": "ETH-USD"}, {"trade_id": 666288700, "side": "buy", "size": "0.43965763", "price": "2987.60000000", "time": "2025-07-13T15:38:41.176881Z", "fetched_at": "2025-07-13T15:39:36.952192+00:00", "symbol": "ETH-USD"}, {"trade_id": 666288699, "side": "buy", "size": "0.18486238", "price": "2987.60000000", "time": "2025-07-13T15:38:41.176182Z", "fetched_at": "2025-07-13T15:39:36.952192+00:00", "symbol": "ETH-USD"}, {"trade_id": 666288698, "side": "buy", "size": "0.01701000", "price": "2987.60000000", "time": "2025-07-13T15:38:41.166764Z", "fetched_at": "2025-07-13T15:39:36.952192+00:00", "symbol": "ETH-USD"}, {"trade_id": 666288697, "side": "buy", "size": "0.01701000", "price": "2987.60000000", "time": "2025-07-13T15:38:41.166399Z", "fetched_at": "2025-07-13T15:39:36.952192+00:00", "symbol": "ETH-USD"}, {"trade_id": 666288696, "side": "buy", "size": "0.01701000", "price": "2987.60000000", "time": "2025-07-13T15:38:41.166266Z", "fetched_at": "2025-07-13T15:39:36.952192+00:00", "symbol": "ETH-USD"}, {"trade_id": 666288695, "side": "buy", "size": "0.01601000", "price": "2987.60000000", "time": "2025-07-13T15:38:41.165692Z", "fetched_at": "2025-07-13T15:39:36.952192+00:00", "symbol": "ETH-USD"}, {"trade_id": 666288694, "side": "buy", "size": "0.00100000", "price": "2987.60000000", "time": "2025-07-13T15:38:41.165692Z", "fetched_at": "2025-07-13T15:39:36.952192+00:00", "symbol": "ETH-USD"}, {"trade_id": 666288693, "side": "sell", "size": "0.32956456", "price": "2987.77000000", "time": "2025-07-13T15:38:41.076204Z", "fetched_at": "2025-07-13T15:39:36.952192+00:00", "symbol": "ETH-USD"}, {"trade_id": 666288692, "side": "sell", "size": "0.00043544", "price": "2987.61000000", "time": "2025-07-13T15:38:41.076204Z", "fetched_at": "2025-07-13T15:39:36.952192+00:00", "symbol": "ETH-USD"}, {"trade_id": 666288691, "side": "buy", "size": "0.00100000", "price": "2987.82000000", "time": "2025-07-13T15:38:41.024099Z", "fetched_at": "2025-07-13T15:39:36.952192+00:00", "symbol": "ETH-USD"}, {"trade_id": 666288690, "side": "buy", "size": "0.04090901", "price": "2987.85000000", "time": "2025-07-13T15:38:41.024099Z", "fetched_at": "2025-07-13T15:39:36.952192+00:00", "symbol": "ETH-USD"}, {"trade_id": 666288689, "side": "buy", "size": "0.04563974", "price": "2987.85000000", "time": "2025-07-13T15:38:41.024099Z", "fetched_at": "2025-07-13T15:39:36.952192+00:00", "symbol": "ETH-USD"}, {"trade_id": 666288688, "side": "buy", "size": "0.72785757", "price": "2987.85000000", "time": "2025-07-13T15:38:41.012852Z", "fetched_at": "2025-07-13T15:39:36.952192+00:00", "symbol": "ETH-USD"}, {"trade_id": 666288687, "side": "buy", "size": "0.01666270", "price": "2987.85000000", "time": "2025-07-13T15:38:41.003376Z", "fetched_at": "2025-07-13T15:39:36.952192+00:00", "symbol": "ETH-USD"}, {"trade_id": 666288686, "side": "buy", "size": "0.00034730", "price": "2987.85000000", "time": "2025-07-13T15:38:41.003376Z", "fetched_at": "2025-07-13T15:39:36.952192+00:00", "symbol": "ETH-USD"}, {"trade_id": 666288685, "side": "buy", "size": "0.00003346", "price": "2988.00000000", "time": "2025-07-13T15:38:40.854210Z", "fetched_at": "2025-07-13T15:39:36.952192+00:00", "symbol": "ETH-USD"}, {"trade_id": 666288684, "side": "buy", "size": "0.00000334", "price": "2988.00000000", "time": "2025-07-13T15:38:40.854210Z", "fetched_at": "2025-07-13T15:39:36.952192+00:00", "symbol": "ETH-USD"}, {"trade_id": 666288683, "side": "buy", "size": "2.15937955", "price": "2988.00000000", "time": "2025-07-13T15:38:40.854210Z", "fetched_at": "2025-07-13T15:39:36.952192+00:00", "symbol": "ETH-USD"}, {"trade_id": 666288682, "side": "buy", "size": "1.73248448", "price": "2988.00000000", "time": "2025-07-13T15:38:40.839207Z", "fetched_at": "2025-07-13T15:39:36.952192+00:00", "symbol": "ETH-USD"}, {"trade_id": 666288681, "side": "buy", "size": "0.01228164", "price": "2988.20000000", "time": "2025-07-13T15:38:40.534506Z", "fetched_at": "2025-07-13T15:39:36.952192+00:00", "symbol": "ETH-USD"}, {"trade_id": 666288680, "side": "buy", "size": "0.00585636", "price": "2988.20000000", "time": "2025-07-13T15:38:40.534506Z", "fetched_at": "2025-07-13T15:39:36.952192+00:00", "symbol": "ETH-USD"}, {"trade_id": 666288679, "side": "buy", "size": "0.55896001", "price": "2988.20000000", "time": "2025-07-13T15:38:40.534506Z", "fetched_at": "2025-07-13T15:39:36.952192+00:00", "symbol": "ETH-USD"}, {"trade_id": 666288678, "side": "buy", "size": "0.65892001", "price": "2988.21000000", "time": "2025-07-13T15:38:40.121082Z", "fetched_at": "2025-07-13T15:39:36.952192+00:00", "symbol": "ETH-USD"}, {"trade_id": 666288677, "side": "buy", "size": "0.01586723", "price": "2988.19000000", "time": "2025-07-13T15:38:40.092072Z", "fetched_at": "2025-07-13T15:39:36.952192+00:00", "symbol": "ETH-USD"}, {"trade_id": 666288676, "side": "buy", "size": "0.00114277", "price": "2988.20000000", "time": "2025-07-13T15:38:40.092072Z", "fetched_at": "2025-07-13T15:39:36.952192+00:00", "symbol": "ETH-USD"}, {"trade_id": 666288675, "side": "sell", "size": "0.30000000", "price": "2988.10000000", "time": "2025-07-13T15:38:39.693270Z", "fetched_at": "2025-07-13T15:39:36.952192+00:00", "symbol": "ETH-USD"}, {"trade_id": 666288674, "side": "sell", "size": "0.58162890", "price": "2988.10000000", "time": "2025-07-13T15:38:39.693270Z", "fetched_at": "2025-07-13T15:39:36.952192+00:00", "symbol": "ETH-USD"}, {"trade_id": 666288673, "side": "sell", "size": "0.00313681", "price": "2988.06000000", "time": "2025-07-13T15:38:39.693270Z", "fetched_at": "2025-07-13T15:39:36.952192+00:00", "symbol": "ETH-USD"}, {"trade_id": 666288672, "side": "sell", "size": "0.00051675", "price": "2988.01000000", "time": "2025-07-13T15:38:39.693270Z", "fetched_at": "2025-07-13T15:39:36.952192+00:00", "symbol": "ETH-USD"}, {"trade_id": 666288671, "side": "buy", "size": "0.64469483", "price": "2988.00000000", "time": "2025-07-13T15:38:38.857248Z", "fetched_at": "2025-07-13T15:39:36.952192+00:00", "symbol": "ETH-USD"}, {"trade_id": 666288670, "side": "buy", "size": "0.46344114", "price": "2988.00000000", "time": "2025-07-13T15:38:38.856304Z", "fetched_at": "2025-07-13T15:39:36.952192+00:00", "symbol": "ETH-USD"}, {"trade_id": 666288669, "side": "buy", "size": "0.00100000", "price": "2988.04000000", "time": "2025-07-13T15:38:38.856304Z", "fetched_at": "2025-07-13T15:39:36.952192+00:00", "symbol": "ETH-USD"}, {"trade_id": 666288668, "side": "buy", "size": "0.19999999", "price": "2988.12000000", "time": "2025-07-13T15:38:38.547619Z", "fetched_at": "2025-07-13T15:39:36.952192+00:00", "symbol": "ETH-USD"}, {"trade_id": 666288667, "side": "buy", "size": "0.19999996", "price": "2988.12000000", "time": "2025-07-13T15:38:38.547619Z", "fetched_at": "2025-07-13T15:39:36.952192+00:00", "symbol": "ETH-USD"}, {"trade_id": 666288666, "side": "sell", "size": "0.00157254", "price": "2988.24000000", "time": "2025-07-13T15:38:38.482143Z", "fetched_at": "2025-07-13T15:39:36.952192+00:00", "symbol": "ETH-USD"}, {"trade_id": 666288665, "side": "buy", "size": "0.01228474", "price": "2988.26000000", "time": "2025-07-13T15:38:38.392553Z", "fetched_at": "2025-07-13T15:39:36.952192+00:00", "symbol": "ETH-USD"}, {"trade_id": 666288664, "side": "buy", "size": "0.00588636", "price": "2988.26000000", "time": "2025-07-13T15:38:38.392553Z", "fetched_at": "2025-07-13T15:39:36.952192+00:00", "symbol": "ETH-USD"}, {"trade_id": 666288663, "side": "buy", "size": "0.00100000", "price": "2988.26000000", "time": "2025-07-13T15:38:38.392553Z", "fetched_at": "2025-07-13T15:39:36.952192+00:00", "symbol": "ETH-USD"}, {"trade_id": 666288662, "side": "buy", "size": "0.00167315", "price": "2988.37000000", "time": "2025-07-13T15:38:37.957743Z", "fetched_at": "2025-07-13T15:39:36.952192+00:00", "symbol": "ETH-USD"}, {"trade_id": 666288661, "side": "buy", "size": "0.00170999", "price": "2988.43000000", "time": "2025-07-13T15:38:37.944646Z", "fetched_at": "2025-07-13T15:39:36.952192+00:00", "symbol": "ETH-USD"}, {"trade_id": 666288660, "side": "buy", "size": "0.00000669", "price": "2988.73000000", "time": "2025-07-13T15:38:37.584093Z", "fetched_at": "2025-07-13T15:39:36.952192+00:00", "symbol": "ETH-USD"}, {"trade_id": 666288659, "side": "buy", "size": "0.00001338", "price": "2988.73000000", "time": "2025-07-13T15:38:37.584093Z", "fetched_at": "2025-07-13T15:39:36.952192+00:00", "symbol": "ETH-USD"}, {"trade_id": 666288658, "side": "buy", "size": "0.00116212", "price": "2988.73000000", "time": "2025-07-13T15:38:37.584093Z", "fetched_at": "2025-07-13T15:39:36.952192+00:00", "symbol": "ETH-USD"}, {"trade_id": 666288657, "side": "buy", "size": "0.07942526", "price": "2988.45000000", "time": "2025-07-13T15:38:37.067572Z", "fetched_at": "2025-07-13T15:39:36.952192+00:00", "symbol": "ETH-USD"}, {"trade_id": 666288656, "side": "buy", "size": "0.00100000", "price": "2988.48000000", "time": "2025-07-13T15:38:37.067572Z", "fetched_at": "2025-07-13T15:39:36.952192+00:00", "symbol": "ETH-USD"}, {"trade_id": 666288655, "side": "buy", "size": "0.00100000", "price": "2988.70000000", "time": "2025-07-13T15:38:37.067572Z", "fetched_at": "2025-07-13T15:39:36.952192+00:00", "symbol": "ETH-USD"}, {"trade_id": 666288654, "side": "buy", "size": "0.00118682", "price": "2988.73000000", "time": "2025-07-13T15:38:37.067572Z", "fetched_at": "2025-07-13T15:39:36.952192+00:00", "symbol": "ETH-USD"}, {"trade_id": 666288653, "side": "buy", "size": "0.00119919", "price": "2988.74000000", "time": "2025-07-13T15:38:36.930469Z", "fetched_at": "2025-07-13T15:39:36.952192+00:00", "symbol": "ETH-USD"}, {"trade_id": 666288652, "side": "buy", "size": "0.01143960", "price": "2988.74000000", "time": "2025-07-13T15:38:36.930469Z", "fetched_at": "2025-07-13T15:39:36.952192+00:00", "symbol": "ETH-USD"}, {"trade_id": 666288651, "side": "buy", "size": "0.04594912", "price": "2988.74000000", "time": "2025-07-13T15:38:36.930469Z", "fetched_at": "2025-07-13T15:39:36.952192+00:00", "symbol": "ETH-USD"}, {"trade_id": 666288650, "side": "buy", "size": "0.01396575", "price": "2988.74000000", "time": "2025-07-13T15:38:36.930469Z", "fetched_at": "2025-07-13T15:39:36.952192+00:00", "symbol": "ETH-USD"}, {"trade_id": 666288649, "side": "buy", "size": "0.00907405", "price": "2988.74000000", "time": "2025-07-13T15:38:36.930469Z", "fetched_at": "2025-07-13T15:39:36.952192+00:00", "symbol": "ETH-USD"}, {"trade_id": 666288648, "side": "buy", "size": "0.25609058", "price": "2988.92000000", "time": "2025-07-13T15:38:34.815397Z", "fetched_at": "2025-07-13T15:39:36.952192+00:00", "symbol": "ETH-USD"}, {"trade_id": 666288647, "side": "buy", "size": "0.00100000", "price": "2988.92000000", "time": "2025-07-13T15:38:34.815397Z", "fetched_at": "2025-07-13T15:39:36.952192+00:00", "symbol": "ETH-USD"}, {"trade_id": 666288646, "side": "buy", "size": "1.09980997", "price": "2989.04000000", "time": "2025-07-13T15:38:34.317625Z", "fetched_at": "2025-07-13T15:39:36.952192+00:00", "symbol": "ETH-USD"}, {"trade_id": 666288645, "side": "buy", "size": "0.09996238", "price": "2989.07000000", "time": "2025-07-13T15:38:34.317625Z", "fetched_at": "2025-07-13T15:39:36.952192+00:00", "symbol": "ETH-USD"}, {"trade_id": 666288644, "side": "buy", "size": "4.97262677", "price": "2989.09000000", "time": "2025-07-13T15:38:34.317625Z", "fetched_at": "2025-07-13T15:39:36.952192+00:00", "symbol": "ETH-USD"}, {"trade_id": 666288643, "side": "buy", "size": "0.37411684", "price": "2989.14000000", "time": "2025-07-13T15:38:34.317625Z", "fetched_at": "2025-07-13T15:39:36.952192+00:00", "symbol": "ETH-USD"}, {"trade_id": 666288642, "side": "buy", "size": "0.00087596", "price": "2989.47000000", "time": "2025-07-13T15:38:34.306905Z", "fetched_at": "2025-07-13T15:39:36.952192+00:00", "symbol": "ETH-USD"}, {"trade_id": 666288641, "side": "buy", "size": "0.00100000", "price": "2989.14000000", "time": "2025-07-13T15:38:34.299845Z", "fetched_at": "2025-07-13T15:39:36.952192+00:00", "symbol": "ETH-USD"}, {"trade_id": 666288640, "side": "buy", "size": "0.04291855", "price": "2989.15000000", "time": "2025-07-13T15:38:34.298023Z", "fetched_at": "2025-07-13T15:39:36.952192+00:00", "symbol": "ETH-USD"}, {"trade_id": 666288639, "side": "buy", "size": "0.02036699", "price": "2989.15000000", "time": "2025-07-13T15:38:34.298023Z", "fetched_at": "2025-07-13T15:39:36.952192+00:00", "symbol": "ETH-USD"}, {"trade_id": 666288638, "side": "buy", "size": "0.13378140", "price": "2989.19000000", "time": "2025-07-13T15:38:34.298023Z", "fetched_at": "2025-07-13T15:39:36.952192+00:00", "symbol": "ETH-USD"}, {"trade_id": 666288637, "side": "buy", "size": "0.37954256", "price": "2989.19000000", "time": "2025-07-13T15:38:34.298023Z", "fetched_at": "2025-07-13T15:39:36.952192+00:00", "symbol": "ETH-USD"}, {"trade_id": 666288636, "side": "buy", "size": "0.25530099", "price": "2989.20000000", "time": "2025-07-13T15:38:34.298023Z", "fetched_at": "2025-07-13T15:39:36.952192+00:00", "symbol": "ETH-USD"}, {"trade_id": 666288635, "side": "buy", "size": "4.53716970", "price": "2989.22000000", "time": "2025-07-13T15:38:34.298023Z", "fetched_at": "2025-07-13T15:39:36.952192+00:00", "symbol": "ETH-USD"}, {"trade_id": 666288634, "side": "buy", "size": "0.01701000", "price": "2989.22000000", "time": "2025-07-13T15:38:34.297113Z", "fetched_at": "2025-07-13T15:39:36.952192+00:00", "symbol": "ETH-USD"}, {"trade_id": 666288633, "side": "buy", "size": "0.44932030", "price": "2989.22000000", "time": "2025-07-13T15:38:34.295776Z", "fetched_at": "2025-07-13T15:39:36.952192+00:00", "symbol": "ETH-USD"}, {"trade_id": 666288632, "side": "buy", "size": "0.30343365", "price": "2989.26000000", "time": "2025-07-13T15:38:34.295776Z", "fetched_at": "2025-07-13T15:39:36.952192+00:00", "symbol": "ETH-USD"}, {"trade_id": 666288631, "side": "buy", "size": "0.29142081", "price": "2989.26000000", "time": "2025-07-13T15:38:34.295313Z", "fetched_at": "2025-07-13T15:39:36.952192+00:00", "symbol": "ETH-USD"}, {"trade_id": 666288630, "side": "buy", "size": "2.13149327", "price": "2989.28000000", "time": "2025-07-13T15:38:34.295313Z", "fetched_at": "2025-07-13T15:39:36.952192+00:00", "symbol": "ETH-USD"}, {"trade_id": 666288629, "side": "buy", "size": "1.00858351", "price": "2989.28000000", "time": "2025-07-13T15:38:34.295155Z", "fetched_at": "2025-07-13T15:39:36.952192+00:00", "symbol": "ETH-USD"}, {"trade_id": 666288628, "side": "buy", "size": "0.39194130", "price": "2989.28000000", "time": "2025-07-13T15:38:34.295155Z", "fetched_at": "2025-07-13T15:39:36.952192+00:00", "symbol": "ETH-USD"}, {"trade_id": 666288627, "side": "buy", "size": "0.82769257", "price": "2989.37000000", "time": "2025-07-13T15:38:34.295155Z", "fetched_at": "2025-07-13T15:39:36.952192+00:00", "symbol": "ETH-USD"}, {"trade_id": 666288626, "side": "buy", "size": "0.36540000", "price": "2989.44000000", "time": "2025-07-13T15:38:34.295119Z", "fetched_at": "2025-07-13T15:39:36.952192+00:00", "symbol": "ETH-USD"}, {"trade_id": 666288625, "side": "buy", "size": "0.08630101", "price": "2989.46000000", "time": "2025-07-13T15:38:34.295119Z", "fetched_at": "2025-07-13T15:39:36.952192+00:00", "symbol": "ETH-USD"}, {"trade_id": 666288624, "side": "buy", "size": "0.00087596", "price": "2989.47000000", "time": "2025-07-13T15:38:34.295119Z", "fetched_at": "2025-07-13T15:39:36.952192+00:00", "symbol": "ETH-USD"}, {"trade_id": 666288623, "side": "buy", "size": "0.00087590", "price": "2989.66000000", "time": "2025-07-13T15:38:34.270900Z", "fetched_at": "2025-07-13T15:39:36.952192+00:00", "symbol": "ETH-USD"}, {"trade_id": 666288622, "side": "buy", "size": "0.00001337", "price": "2989.66000000", "time": "2025-07-13T15:38:34.270900Z", "fetched_at": "2025-07-13T15:39:36.952192+00:00", "symbol": "ETH-USD"}, {"trade_id": 666288621, "side": "buy", "size": "0.00039462", "price": "2989.66000000", "time": "2025-07-13T15:38:33.165058Z", "fetched_at": "2025-07-13T15:39:36.952192+00:00", "symbol": "ETH-USD"}, {"trade_id": 666288620, "side": "buy", "size": "0.00983390", "price": "2989.66000000", "time": "2025-07-13T15:38:32.691474Z", "fetched_at": "2025-07-13T15:39:36.952192+00:00", "symbol": "ETH-USD"}, {"trade_id": 666288619, "side": "buy", "size": "0.09149000", "price": "2989.66000000", "time": "2025-07-13T15:38:32.691474Z", "fetched_at": "2025-07-13T15:39:36.952192+00:00", "symbol": "ETH-USD"}, {"trade_id": 666288618, "side": "sell", "size": "0.83624625", "price": "2989.55000000", "time": "2025-07-13T15:38:32.631501Z", "fetched_at": "2025-07-13T15:39:36.952192+00:00", "symbol": "ETH-USD"}, {"trade_id": 666288617, "side": "sell", "size": "0.30000000", "price": "2989.50000000", "time": "2025-07-13T15:38:32.631346Z", "fetched_at": "2025-07-13T15:39:36.952192+00:00", "symbol": "ETH-USD"}, {"trade_id": 666288616, "side": "sell", "size": "0.16725498", "price": "2989.45000000", "time": "2025-07-13T15:38:32.631091Z", "fetched_at": "2025-07-13T15:39:36.952192+00:00", "symbol": "ETH-USD"}, {"trade_id": 666288615, "side": "sell", "size": "0.00281518", "price": "2989.44000000", "time": "2025-07-13T15:38:32.631091Z", "fetched_at": "2025-07-13T15:39:36.952192+00:00", "symbol": "ETH-USD"}, {"trade_id": 666288614, "side": "sell", "size": "0.30000000", "price": "2989.40000000", "time": "2025-07-13T15:38:32.631091Z", "fetched_at": "2025-07-13T15:39:36.952192+00:00", "symbol": "ETH-USD"}, {"trade_id": 666288613, "side": "sell", "size": "0.00033108", "price": "2989.40000000", "time": "2025-07-13T15:38:32.270139Z", "fetched_at": "2025-07-13T15:39:36.952192+00:00", "symbol": "ETH-USD"}, {"trade_id": 666288612, "side": "sell", "size": "0.00498118", "price": "2989.41000000", "time": "2025-07-13T15:38:32.147248Z", "fetched_at": "2025-07-13T15:39:36.952192+00:00", "symbol": "ETH-USD"}, {"trade_id": 666288611, "side": "sell", "size": "0.00313535", "price": "2989.41000000", "time": "2025-07-13T15:38:32.147248Z", "fetched_at": "2025-07-13T15:39:36.952192+00:00", "symbol": "ETH-USD"}, {"trade_id": 666288610, "side": "buy", "size": "0.02737323", "price": "2989.09000000", "time": "2025-07-13T15:38:31.920442Z", "fetched_at": "2025-07-13T15:39:36.952192+00:00", "symbol": "ETH-USD"}, {"trade_id": 666288609, "side": "buy", "size": "0.19489820", "price": "2989.10000000", "time": "2025-07-13T15:38:31.920442Z", "fetched_at": "2025-07-13T15:39:36.952192+00:00", "symbol": "ETH-USD"}, {"trade_id": 666288608, "side": "buy", "size": "0.00100000", "price": "2989.14000000", "time": "2025-07-13T15:38:31.920442Z", "fetched_at": "2025-07-13T15:39:36.952192+00:00", "symbol": "ETH-USD"}, {"trade_id": 666288607, "side": "buy", "size": "0.20002414", "price": "2989.26000000", "time": "2025-07-13T15:38:31.920442Z", "fetched_at": "2025-07-13T15:39:36.952192+00:00", "symbol": "ETH-USD"}, {"trade_id": 666288606, "side": "buy", "size": "0.00090052", "price": "2989.27000000", "time": "2025-07-13T15:38:31.920442Z", "fetched_at": "2025-07-13T15:39:36.952192+00:00", "symbol": "ETH-USD"}, {"trade_id": 666288605, "side": "buy", "size": "0.00229000", "price": "2989.30000000", "time": "2025-07-13T15:38:31.920442Z", "fetched_at": "2025-07-13T15:39:36.952192+00:00", "symbol": "ETH-USD"}, {"trade_id": 666288604, "side": "buy", "size": "0.01282574", "price": "2989.30000000", "time": "2025-07-13T15:38:31.920442Z", "fetched_at": "2025-07-13T15:39:36.952192+00:00", "symbol": "ETH-USD"}, {"trade_id": 666288603, "side": "buy", "size": "0.00000334", "price": "2989.30000000", "time": "2025-07-13T15:38:31.920442Z", "fetched_at": "2025-07-13T15:39:36.952192+00:00", "symbol": "ETH-USD"}, {"trade_id": 666288602, "side": "buy", "size": "0.00066901", "price": "2989.48000000", "time": "2025-07-13T15:38:31.906062Z", "fetched_at": "2025-07-13T15:39:36.952192+00:00", "symbol": "ETH-USD"}, {"trade_id": 666288601, "side": "sell", "size": "0.00104790", "price": "2989.69000000", "time": "2025-07-13T15:38:31.106686Z", "fetched_at": "2025-07-13T15:39:36.952192+00:00", "symbol": "ETH-USD"}, {"trade_id": 666288600, "side": "sell", "size": "0.00005589", "price": "2989.61000000", "time": "2025-07-13T15:38:31.106686Z", "fetched_at": "2025-07-13T15:39:36.952192+00:00", "symbol": "ETH-USD"}, {"trade_id": 666288599, "side": "sell", "size": "0.00220680", "price": "2989.43000000", "time": "2025-07-13T15:38:31.106686Z", "fetched_at": "2025-07-13T15:39:36.952192+00:00", "symbol": "ETH-USD"}, {"trade_id": 666288598, "side": "sell", "size": "0.00107860", "price": "2989.70000000", "time": "2025-07-13T15:38:30.817794Z", "fetched_at": "2025-07-13T15:39:36.952192+00:00", "symbol": "ETH-USD"}, {"trade_id": 666288597, "side": "sell", "size": "0.00006119", "price": "2989.61000000", "time": "2025-07-13T15:38:30.817794Z", "fetched_at": "2025-07-13T15:39:36.952192+00:00", "symbol": "ETH-USD"}, {"trade_id": 666288596, "side": "buy", "size": "0.03377497", "price": "2989.30000000", "time": "2025-07-13T15:38:30.581304Z", "fetched_at": "2025-07-13T15:39:36.952192+00:00", "symbol": "ETH-USD"}, {"trade_id": 666288595, "side": "sell", "size": "0.03574994", "price": "2989.42000000", "time": "2025-07-13T15:38:30.563192Z", "fetched_at": "2025-07-13T15:39:36.952192+00:00", "symbol": "ETH-USD"}, {"trade_id": 666288594, "side": "sell", "size": "0.00486112", "price": "2989.42000000", "time": "2025-07-13T15:38:30.316463Z", "fetched_at": "2025-07-13T15:39:36.952192+00:00", "symbol": "ETH-USD"}, {"trade_id": 666288593, "side": "buy", "size": "0.00057894", "price": "2989.41000000", "time": "2025-07-13T15:38:30.315411Z", "fetched_at": "2025-07-13T15:39:36.952192+00:00", "symbol": "ETH-USD"}, {"trade_id": 666288592, "side": "buy", "size": "0.00000334", "price": "2989.42000000", "time": "2025-07-13T15:38:30.301343Z", "fetched_at": "2025-07-13T15:39:36.952192+00:00", "symbol": "ETH-USD"}, {"trade_id": 666288591, "side": "buy", "size": "0.00002676", "price": "2989.42000000", "time": "2025-07-13T15:38:30.301343Z", "fetched_at": "2025-07-13T15:39:36.952192+00:00", "symbol": "ETH-USD"}, {"trade_id": 666288590, "side": "buy", "size": "0.01511000", "price": "2989.42000000", "time": "2025-07-13T15:38:30.301343Z", "fetched_at": "2025-07-13T15:39:36.952192+00:00", "symbol": "ETH-USD"}, {"trade_id": 666288589, "side": "buy", "size": "0.00002341", "price": "2989.42000000", "time": "2025-07-13T15:38:30.301343Z", "fetched_at": "2025-07-13T15:39:36.952192+00:00", "symbol": "ETH-USD"}, {"trade_id": 666288588, "side": "buy", "size": "0.00001338", "price": "2989.42000000", "time": "2025-07-13T15:38:30.301343Z", "fetched_at": "2025-07-13T15:39:36.952192+00:00", "symbol": "ETH-USD"}, {"trade_id": 666288587, "side": "sell", "size": "0.00231140", "price": "2989.51000000", "time": "2025-07-13T15:38:29.947561Z", "fetched_at": "2025-07-13T15:39:36.952192+00:00", "symbol": "ETH-USD"}, {"trade_id": 666288586, "side": "buy", "size": "0.00465000", "price": "2989.54000000", "time": "2025-07-13T15:38:29.590194Z", "fetched_at": "2025-07-13T15:39:36.952192+00:00", "symbol": "ETH-USD"}, {"trade_id": 666288585, "side": "buy", "size": "0.00000668", "price": "2989.60000000", "time": "2025-07-13T15:38:29.577779Z", "fetched_at": "2025-07-13T15:39:36.952192+00:00", "symbol": "ETH-USD"}, {"trade_id": 666288584, "side": "buy", "size": "0.01281442", "price": "2989.60000000", "time": "2025-07-13T15:38:29.577779Z", "fetched_at": "2025-07-13T15:39:36.952192+00:00", "symbol": "ETH-USD"}, {"trade_id": 666288583, "side": "sell", "size": "0.05007559", "price": "2989.48000000", "time": "2025-07-13T15:38:28.651995Z", "fetched_at": "2025-07-13T15:39:36.952192+00:00", "symbol": "ETH-USD"}, {"trade_id": 666288582, "side": "sell", "size": "0.83624625", "price": "2989.55000000", "time": "2025-07-13T15:38:27.775574Z", "fetched_at": "2025-07-13T15:39:36.952192+00:00", "symbol": "ETH-USD"}, {"trade_id": 666288581, "side": "sell", "size": "0.14453397", "price": "2989.54000000", "time": "2025-07-13T15:38:27.775574Z", "fetched_at": "2025-07-13T15:39:36.952192+00:00", "symbol": "ETH-USD"}, {"trade_id": 666288580, "side": "sell", "size": "0.30000000", "price": "2989.40000000", "time": "2025-07-13T15:38:27.775106Z", "fetched_at": "2025-07-13T15:39:36.952192+00:00", "symbol": "ETH-USD"}, {"trade_id": 666288579, "side": "sell", "size": "0.16725824", "price": "2989.39000000", "time": "2025-07-13T15:38:27.775106Z", "fetched_at": "2025-07-13T15:39:36.952192+00:00", "symbol": "ETH-USD"}, {"trade_id": 666288578, "side": "sell", "size": "0.00313558", "price": "2989.38000000", "time": "2025-07-13T15:38:27.775106Z", "fetched_at": "2025-07-13T15:39:36.952192+00:00", "symbol": "ETH-USD"}, {"trade_id": 666288577, "side": "sell", "size": "0.30000000", "price": "2989.30000000", "time": "2025-07-13T15:38:27.771682Z", "fetched_at": "2025-07-13T15:39:36.952192+00:00", "symbol": "ETH-USD"}, {"trade_id": 666288576, "side": "sell", "size": "0.00029022", "price": "2989.21000000", "time": "2025-07-13T15:38:27.771682Z", "fetched_at": "2025-07-13T15:39:36.952192+00:00", "symbol": "ETH-USD"}, {"trade_id": 666288575, "side": "sell", "size": "0.00036939", "price": "2989.21000000", "time": "2025-07-13T15:38:27.771682Z", "fetched_at": "2025-07-13T15:39:36.952192+00:00", "symbol": "ETH-USD"}, {"trade_id": 666288574, "side": "buy", "size": "0.00042810", "price": "2989.20000000", "time": "2025-07-13T15:38:27.122094Z", "fetched_at": "2025-07-13T15:39:36.952192+00:00", "symbol": "ETH-USD"}, {"trade_id": 666288573, "side": "buy", "size": "0.00977860", "price": "2989.18000000", "time": "2025-07-13T15:38:27.100476Z", "fetched_at": "2025-07-13T15:39:36.952192+00:00", "symbol": "ETH-USD"}, {"trade_id": 666288572, "side": "buy", "size": "0.04291477", "price": "2989.18000000", "time": "2025-07-13T15:38:27.100476Z", "fetched_at": "2025-07-13T15:39:36.952192+00:00", "symbol": "ETH-USD"}, {"trade_id": 666288571, "side": "buy", "size": "0.00947751", "price": "2989.18000000", "time": "2025-07-13T15:38:27.100476Z", "fetched_at": "2025-07-13T15:39:36.952192+00:00", "symbol": "ETH-USD"}