[{"trade_id": 666221493, "side": "sell", "size": "0.09007130", "price": "2970.01000000", "time": "2025-07-13T12:39:29.430221Z", "fetched_at": "2025-07-13T12:39:32.645091+00:00", "symbol": "ETH-USD"}, {"trade_id": 666221492, "side": "sell", "size": "0.00034679", "price": "2970.00000000", "time": "2025-07-13T12:39:29.430221Z", "fetched_at": "2025-07-13T12:39:32.645091+00:00", "symbol": "ETH-USD"}, {"trade_id": 666221491, "side": "sell", "size": "0.00100000", "price": "2970.00000000", "time": "2025-07-13T12:39:29.430221Z", "fetched_at": "2025-07-13T12:39:32.645091+00:00", "symbol": "ETH-USD"}, {"trade_id": 666221490, "side": "sell", "size": "0.00100000", "price": "2969.78000000", "time": "2025-07-13T12:39:29.430221Z", "fetched_at": "2025-07-13T12:39:32.645091+00:00", "symbol": "ETH-USD"}, {"trade_id": 666221489, "side": "sell", "size": "0.00943589", "price": "2969.58000000", "time": "2025-07-13T12:39:29.430221Z", "fetched_at": "2025-07-13T12:39:32.645091+00:00", "symbol": "ETH-USD"}, {"trade_id": 666221488, "side": "sell", "size": "0.00017858", "price": "2969.56000000", "time": "2025-07-13T12:39:29.430221Z", "fetched_at": "2025-07-13T12:39:32.645091+00:00", "symbol": "ETH-USD"}, {"trade_id": 666221487, "side": "sell", "size": "0.00002968", "price": "2969.56000000", "time": "2025-07-13T12:39:29.430221Z", "fetched_at": "2025-07-13T12:39:32.645091+00:00", "symbol": "ETH-USD"}, {"trade_id": 666221486, "side": "sell", "size": "0.00023842", "price": "2969.56000000", "time": "2025-07-13T12:39:29.430221Z", "fetched_at": "2025-07-13T12:39:32.645091+00:00", "symbol": "ETH-USD"}, {"trade_id": 666221485, "side": "sell", "size": "0.00100000", "price": "2969.56000000", "time": "2025-07-13T12:39:29.430221Z", "fetched_at": "2025-07-13T12:39:32.645091+00:00", "symbol": "ETH-USD"}, {"trade_id": 666221484, "side": "sell", "size": "0.00024002", "price": "2969.41000000", "time": "2025-07-13T12:39:29.347622Z", "fetched_at": "2025-07-13T12:39:32.645091+00:00", "symbol": "ETH-USD"}, {"trade_id": 666221483, "side": "sell", "size": "0.00010334", "price": "2969.41000000", "time": "2025-07-13T12:39:29.347622Z", "fetched_at": "2025-07-13T12:39:32.645091+00:00", "symbol": "ETH-USD"}, {"trade_id": 666221482, "side": "sell", "size": "0.00031004", "price": "2969.41000000", "time": "2025-07-13T12:39:29.347622Z", "fetched_at": "2025-07-13T12:39:32.645091+00:00", "symbol": "ETH-USD"}, {"trade_id": 666221481, "side": "sell", "size": "0.00005252", "price": "2969.41000000", "time": "2025-07-13T12:39:29.347622Z", "fetched_at": "2025-07-13T12:39:32.645091+00:00", "symbol": "ETH-USD"}, {"trade_id": 666221480, "side": "sell", "size": "0.00000336", "price": "2969.41000000", "time": "2025-07-13T12:39:28.378076Z", "fetched_at": "2025-07-13T12:39:32.645091+00:00", "symbol": "ETH-USD"}, {"trade_id": 666221479, "side": "sell", "size": "0.00024001", "price": "2969.13000000", "time": "2025-07-13T12:39:28.104908Z", "fetched_at": "2025-07-13T12:39:32.645091+00:00", "symbol": "ETH-USD"}, {"trade_id": 666221478, "side": "sell", "size": "0.00092998", "price": "2969.13000000", "time": "2025-07-13T12:39:28.104908Z", "fetched_at": "2025-07-13T12:39:32.645091+00:00", "symbol": "ETH-USD"}, {"trade_id": 666221477, "side": "sell", "size": "0.00010335", "price": "2969.13000000", "time": "2025-07-13T12:39:28.104908Z", "fetched_at": "2025-07-13T12:39:32.645091+00:00", "symbol": "ETH-USD"}, {"trade_id": 666221476, "side": "sell", "size": "0.00705225", "price": "2969.25000000", "time": "2025-07-13T12:39:24.967116Z", "fetched_at": "2025-07-13T12:39:32.645091+00:00", "symbol": "ETH-USD"}, {"trade_id": 666221475, "side": "sell", "size": "0.00048004", "price": "2969.13000000", "time": "2025-07-13T12:39:24.967116Z", "fetched_at": "2025-07-13T12:39:32.645091+00:00", "symbol": "ETH-USD"}, {"trade_id": 666221474, "side": "sell", "size": "0.00010334", "price": "2969.13000000", "time": "2025-07-13T12:39:24.967116Z", "fetched_at": "2025-07-13T12:39:32.645091+00:00", "symbol": "ETH-USD"}, {"trade_id": 666221473, "side": "sell", "size": "0.00054473", "price": "2969.13000000", "time": "2025-07-13T12:39:24.967116Z", "fetched_at": "2025-07-13T12:39:32.645091+00:00", "symbol": "ETH-USD"}, {"trade_id": 666221472, "side": "buy", "size": "0.03367480", "price": "2969.10000000", "time": "2025-07-13T12:39:23.922339Z", "fetched_at": "2025-07-13T12:39:32.645091+00:00", "symbol": "ETH-USD"}, {"trade_id": 666221471, "side": "buy", "size": "0.01000583", "price": "2969.00000000", "time": "2025-07-13T12:39:22.783151Z", "fetched_at": "2025-07-13T12:39:32.645091+00:00", "symbol": "ETH-USD"}, {"trade_id": 666221470, "side": "buy", "size": "0.00364074", "price": "2969.01000000", "time": "2025-07-13T12:39:22.783151Z", "fetched_at": "2025-07-13T12:39:32.645091+00:00", "symbol": "ETH-USD"}, {"trade_id": 666221469, "side": "sell", "size": "0.01636072", "price": "2969.01000000", "time": "2025-07-13T12:39:19.508973Z", "fetched_at": "2025-07-13T12:39:32.645091+00:00", "symbol": "ETH-USD"}, {"trade_id": 666221468, "side": "buy", "size": "0.00334256", "price": "2969.00000000", "time": "2025-07-13T12:39:19.436142Z", "fetched_at": "2025-07-13T12:39:32.645091+00:00", "symbol": "ETH-USD"}, {"trade_id": 666221467, "side": "buy", "size": "0.00364061", "price": "2969.12000000", "time": "2025-07-13T12:39:19.436142Z", "fetched_at": "2025-07-13T12:39:32.645091+00:00", "symbol": "ETH-USD"}, {"trade_id": 666221466, "side": "buy", "size": "0.00001347", "price": "2969.12000000", "time": "2025-07-13T12:39:19.436142Z", "fetched_at": "2025-07-13T12:39:32.645091+00:00", "symbol": "ETH-USD"}, {"trade_id": 666221465, "side": "buy", "size": "0.00000336", "price": "2969.12000000", "time": "2025-07-13T12:39:19.436142Z", "fetched_at": "2025-07-13T12:39:32.645091+00:00", "symbol": "ETH-USD"}, {"trade_id": 666221464, "side": "buy", "size": "0.00100000", "price": "2969.12000000", "time": "2025-07-13T12:39:19.436142Z", "fetched_at": "2025-07-13T12:39:32.645091+00:00", "symbol": "ETH-USD"}, {"trade_id": 666221463, "side": "sell", "size": "0.00038535", "price": "2969.13000000", "time": "2025-07-13T12:39:19.164715Z", "fetched_at": "2025-07-13T12:39:32.645091+00:00", "symbol": "ETH-USD"}, {"trade_id": 666221462, "side": "sell", "size": "0.00046578", "price": "2969.13000000", "time": "2025-07-13T12:39:19.164715Z", "fetched_at": "2025-07-13T12:39:32.645091+00:00", "symbol": "ETH-USD"}, {"trade_id": 666221461, "side": "sell", "size": "0.00073227", "price": "2969.13000000", "time": "2025-07-13T12:39:19.164715Z", "fetched_at": "2025-07-13T12:39:32.645091+00:00", "symbol": "ETH-USD"}, {"trade_id": 666221460, "side": "buy", "size": "0.00100000", "price": "2969.34000000", "time": "2025-07-13T12:39:18.122280Z", "fetched_at": "2025-07-13T12:39:32.645091+00:00", "symbol": "ETH-USD"}, {"trade_id": 666221459, "side": "buy", "size": "0.01619861", "price": "2969.39000000", "time": "2025-07-13T12:39:18.118922Z", "fetched_at": "2025-07-13T12:39:32.645091+00:00", "symbol": "ETH-USD"}, {"trade_id": 666221458, "side": "buy", "size": "0.04320079", "price": "2969.39000000", "time": "2025-07-13T12:39:18.118922Z", "fetched_at": "2025-07-13T12:39:32.645091+00:00", "symbol": "ETH-USD"}, {"trade_id": 666221457, "side": "buy", "size": "0.00775916", "price": "2969.39000000", "time": "2025-07-13T12:39:18.118922Z", "fetched_at": "2025-07-13T12:39:32.645091+00:00", "symbol": "ETH-USD"}, {"trade_id": 666221456, "side": "buy", "size": "0.00155250", "price": "2969.39000000", "time": "2025-07-13T12:39:18.118922Z", "fetched_at": "2025-07-13T12:39:32.645091+00:00", "symbol": "ETH-USD"}, {"trade_id": 666221455, "side": "buy", "size": "2.26031967", "price": "2969.39000000", "time": "2025-07-13T12:39:18.118922Z", "fetched_at": "2025-07-13T12:39:32.645091+00:00", "symbol": "ETH-USD"}, {"trade_id": 666221454, "side": "buy", "size": "5.13058205", "price": "2969.39000000", "time": "2025-07-13T12:39:18.118431Z", "fetched_at": "2025-07-13T12:39:32.645091+00:00", "symbol": "ETH-USD"}, {"trade_id": 666221453, "side": "buy", "size": "1.24590676", "price": "2969.39000000", "time": "2025-07-13T12:39:18.118401Z", "fetched_at": "2025-07-13T12:39:32.645091+00:00", "symbol": "ETH-USD"}, {"trade_id": 666221452, "side": "sell", "size": "0.17112718", "price": "2969.40000000", "time": "2025-07-13T12:39:17.594167Z", "fetched_at": "2025-07-13T12:39:32.645091+00:00", "symbol": "ETH-USD"}, {"trade_id": 666221451, "side": "sell", "size": "0.00166674", "price": "2969.41000000", "time": "2025-07-13T12:39:17.307068Z", "fetched_at": "2025-07-13T12:39:32.645091+00:00", "symbol": "ETH-USD"}, {"trade_id": 666221450, "side": "sell", "size": "0.00000743", "price": "2969.40000000", "time": "2025-07-13T12:39:14.939617Z", "fetched_at": "2025-07-13T12:39:32.645091+00:00", "symbol": "ETH-USD"}, {"trade_id": 666221449, "side": "buy", "size": "1.70319152", "price": "2969.39000000", "time": "2025-07-13T12:39:14.722760Z", "fetched_at": "2025-07-13T12:39:32.645091+00:00", "symbol": "ETH-USD"}, {"trade_id": 666221448, "side": "buy", "size": "0.00100000", "price": "2969.56000000", "time": "2025-07-13T12:39:13.784946Z", "fetched_at": "2025-07-13T12:39:32.645091+00:00", "symbol": "ETH-USD"}, {"trade_id": 666221447, "side": "buy", "size": "0.00154904", "price": "2969.57000000", "time": "2025-07-13T12:39:13.775049Z", "fetched_at": "2025-07-13T12:39:32.645091+00:00", "symbol": "ETH-USD"}, {"trade_id": 666221446, "side": "buy", "size": "0.00080483", "price": "2969.57000000", "time": "2025-07-13T12:39:13.775049Z", "fetched_at": "2025-07-13T12:39:32.645091+00:00", "symbol": "ETH-USD"}, {"trade_id": 666221445, "side": "buy", "size": "0.00309809", "price": "2969.57000000", "time": "2025-07-13T12:39:13.775049Z", "fetched_at": "2025-07-13T12:39:32.645091+00:00", "symbol": "ETH-USD"}, {"trade_id": 666221444, "side": "buy", "size": "0.00160966", "price": "2969.57000000", "time": "2025-07-13T12:39:13.775049Z", "fetched_at": "2025-07-13T12:39:32.645091+00:00", "symbol": "ETH-USD"}, {"trade_id": 666221443, "side": "buy", "size": "0.00100000", "price": "2969.78000000", "time": "2025-07-13T12:39:11.151902Z", "fetched_at": "2025-07-13T12:39:32.645091+00:00", "symbol": "ETH-USD"}, {"trade_id": 666221442, "side": "buy", "size": "0.33053004", "price": "2969.85000000", "time": "2025-07-13T12:39:11.145230Z", "fetched_at": "2025-07-13T12:39:32.645091+00:00", "symbol": "ETH-USD"}, {"trade_id": 666221441, "side": "buy", "size": "0.04319395", "price": "2969.86000000", "time": "2025-07-13T12:39:11.145230Z", "fetched_at": "2025-07-13T12:39:32.645091+00:00", "symbol": "ETH-USD"}, {"trade_id": 666221440, "side": "buy", "size": "0.01619941", "price": "2969.86000000", "time": "2025-07-13T12:39:11.145230Z", "fetched_at": "2025-07-13T12:39:32.645091+00:00", "symbol": "ETH-USD"}, {"trade_id": 666221439, "side": "buy", "size": "0.03335160", "price": "2969.86000000", "time": "2025-07-13T12:39:11.145230Z", "fetched_at": "2025-07-13T12:39:32.645091+00:00", "symbol": "ETH-USD"}, {"trade_id": 666221438, "side": "buy", "size": "0.00000336", "price": "2969.86000000", "time": "2025-07-13T12:39:11.145230Z", "fetched_at": "2025-07-13T12:39:32.645091+00:00", "symbol": "ETH-USD"}, {"trade_id": 666221437, "side": "buy", "size": "0.00000336", "price": "2969.86000000", "time": "2025-07-13T12:39:11.145230Z", "fetched_at": "2025-07-13T12:39:32.645091+00:00", "symbol": "ETH-USD"}, {"trade_id": 666221436, "side": "buy", "size": "0.02620325", "price": "2969.86000000", "time": "2025-07-13T12:39:11.145230Z", "fetched_at": "2025-07-13T12:39:32.645091+00:00", "symbol": "ETH-USD"}, {"trade_id": 666221435, "side": "buy", "size": "0.04374033", "price": "2969.86000000", "time": "2025-07-13T12:39:11.145230Z", "fetched_at": "2025-07-13T12:39:32.645091+00:00", "symbol": "ETH-USD"}, {"trade_id": 666221434, "side": "buy", "size": "0.01701000", "price": "2969.86000000", "time": "2025-07-13T12:39:11.138922Z", "fetched_at": "2025-07-13T12:39:32.645091+00:00", "symbol": "ETH-USD"}, {"trade_id": 666221433, "side": "sell", "size": "0.03270778", "price": "2969.87000000", "time": "2025-07-13T12:39:08.442389Z", "fetched_at": "2025-07-13T12:39:32.645091+00:00", "symbol": "ETH-USD"}, {"trade_id": 666221432, "side": "buy", "size": "0.00363955", "price": "2969.98000000", "time": "2025-07-13T12:39:06.574168Z", "fetched_at": "2025-07-13T12:39:32.645091+00:00", "symbol": "ETH-USD"}, {"trade_id": 666221431, "side": "buy", "size": "0.37173026", "price": "2969.96000000", "time": "2025-07-13T12:39:06.563801Z", "fetched_at": "2025-07-13T12:39:32.645091+00:00", "symbol": "ETH-USD"}, {"trade_id": 666221430, "side": "buy", "size": "0.00363957", "price": "2969.97000000", "time": "2025-07-13T12:39:06.563801Z", "fetched_at": "2025-07-13T12:39:32.645091+00:00", "symbol": "ETH-USD"}, {"trade_id": 666221429, "side": "buy", "size": "0.00100000", "price": "2970.00000000", "time": "2025-07-13T12:39:06.563801Z", "fetched_at": "2025-07-13T12:39:32.645091+00:00", "symbol": "ETH-USD"}, {"trade_id": 666221428, "side": "buy", "size": "0.00100000", "price": "2970.22000000", "time": "2025-07-13T12:39:06.560433Z", "fetched_at": "2025-07-13T12:39:32.645091+00:00", "symbol": "ETH-USD"}, {"trade_id": 666221427, "side": "buy", "size": "0.00001150", "price": "2970.35000000", "time": "2025-07-13T12:39:06.560433Z", "fetched_at": "2025-07-13T12:39:32.645091+00:00", "symbol": "ETH-USD"}, {"trade_id": 666221426, "side": "buy", "size": "0.01899972", "price": "2970.35000000", "time": "2025-07-13T12:39:06.558673Z", "fetched_at": "2025-07-13T12:39:32.645091+00:00", "symbol": "ETH-USD"}, {"trade_id": 666221425, "side": "buy", "size": "0.04319019", "price": "2970.35000000", "time": "2025-07-13T12:39:06.558673Z", "fetched_at": "2025-07-13T12:39:32.645091+00:00", "symbol": "ETH-USD"}, {"trade_id": 666221424, "side": "buy", "size": "0.00000673", "price": "2970.35000000", "time": "2025-07-13T12:39:06.558673Z", "fetched_at": "2025-07-13T12:39:32.645091+00:00", "symbol": "ETH-USD"}, {"trade_id": 666221423, "side": "buy", "size": "0.00000336", "price": "2970.35000000", "time": "2025-07-13T12:39:06.558673Z", "fetched_at": "2025-07-13T12:39:32.645091+00:00", "symbol": "ETH-USD"}, {"trade_id": 666221422, "side": "buy", "size": "0.00100000", "price": "2970.44000000", "time": "2025-07-13T12:39:05.003367Z", "fetched_at": "2025-07-13T12:39:32.645091+00:00", "symbol": "ETH-USD"}, {"trade_id": 666221421, "side": "buy", "size": "0.01430386", "price": "2970.45000000", "time": "2025-07-13T12:39:04.993253Z", "fetched_at": "2025-07-13T12:39:32.645091+00:00", "symbol": "ETH-USD"}, {"trade_id": 666221420, "side": "sell", "size": "0.00000393", "price": "2970.48000000", "time": "2025-07-13T12:39:04.361075Z", "fetched_at": "2025-07-13T12:39:32.645091+00:00", "symbol": "ETH-USD"}, {"trade_id": 666221419, "side": "buy", "size": "0.00140154", "price": "2970.46000000", "time": "2025-07-13T12:39:03.658124Z", "fetched_at": "2025-07-13T12:39:32.645091+00:00", "symbol": "ETH-USD"}, {"trade_id": 666221418, "side": "sell", "size": "0.06539082", "price": "2970.76000000", "time": "2025-07-13T12:39:00.767727Z", "fetched_at": "2025-07-13T12:39:32.645091+00:00", "symbol": "ETH-USD"}, {"trade_id": 666221417, "side": "buy", "size": "0.00363855", "price": "2970.80000000", "time": "2025-07-13T12:38:59.721149Z", "fetched_at": "2025-07-13T12:39:32.645091+00:00", "symbol": "ETH-USD"}, {"trade_id": 666221416, "side": "buy", "size": "0.15000821", "price": "2970.79000000", "time": "2025-07-13T12:38:59.714488Z", "fetched_at": "2025-07-13T12:39:32.645091+00:00", "symbol": "ETH-USD"}, {"trade_id": 666221415, "side": "buy", "size": "0.45900000", "price": "2970.86000000", "time": "2025-07-13T12:38:59.714488Z", "fetched_at": "2025-07-13T12:39:32.645091+00:00", "symbol": "ETH-USD"}, {"trade_id": 666221414, "side": "buy", "size": "0.15000000", "price": "2970.97000000", "time": "2025-07-13T12:38:59.714488Z", "fetched_at": "2025-07-13T12:39:32.645091+00:00", "symbol": "ETH-USD"}, {"trade_id": 666221413, "side": "buy", "size": "0.01337166", "price": "2970.96000000", "time": "2025-07-13T12:38:59.706908Z", "fetched_at": "2025-07-13T12:39:32.645091+00:00", "symbol": "ETH-USD"}, {"trade_id": 666221412, "side": "buy", "size": "0.00363834", "price": "2970.97000000", "time": "2025-07-13T12:38:59.706908Z", "fetched_at": "2025-07-13T12:39:32.645091+00:00", "symbol": "ETH-USD"}, {"trade_id": 666221411, "side": "buy", "size": "0.00936904", "price": "2970.72000000", "time": "2025-07-13T12:38:58.140060Z", "fetched_at": "2025-07-13T12:39:32.645091+00:00", "symbol": "ETH-USD"}, {"trade_id": 666221410, "side": "buy", "size": "0.00363863", "price": "2970.73000000", "time": "2025-07-13T12:38:58.140060Z", "fetched_at": "2025-07-13T12:39:32.645091+00:00", "symbol": "ETH-USD"}, {"trade_id": 666221409, "side": "buy", "size": "0.00100386", "price": "2970.90000000", "time": "2025-07-13T12:38:58.140060Z", "fetched_at": "2025-07-13T12:39:32.645091+00:00", "symbol": "ETH-USD"}, {"trade_id": 666221408, "side": "buy", "size": "0.05330940", "price": "2970.90000000", "time": "2025-07-13T12:38:58.140060Z", "fetched_at": "2025-07-13T12:39:32.645091+00:00", "symbol": "ETH-USD"}, {"trade_id": 666221407, "side": "sell", "size": "0.32715814", "price": "2971.11000000", "time": "2025-07-13T12:38:56.718618Z", "fetched_at": "2025-07-13T12:39:32.645091+00:00", "symbol": "ETH-USD"}, {"trade_id": 666221406, "side": "sell", "size": "0.03104147", "price": "2971.15000000", "time": "2025-07-13T12:38:55.594117Z", "fetched_at": "2025-07-13T12:39:32.645091+00:00", "symbol": "ETH-USD"}, {"trade_id": 666221405, "side": "sell", "size": "0.00082822", "price": "2971.11000000", "time": "2025-07-13T12:38:55.594117Z", "fetched_at": "2025-07-13T12:39:32.645091+00:00", "symbol": "ETH-USD"}, {"trade_id": 666221404, "side": "sell", "size": "0.00048043", "price": "2971.10000000", "time": "2025-07-13T12:38:55.594117Z", "fetched_at": "2025-07-13T12:39:32.645091+00:00", "symbol": "ETH-USD"}, {"trade_id": 666221403, "side": "sell", "size": "0.00031002", "price": "2970.88000000", "time": "2025-07-13T12:38:55.594117Z", "fetched_at": "2025-07-13T12:39:32.645091+00:00", "symbol": "ETH-USD"}, {"trade_id": 666221402, "side": "sell", "size": "0.00005589", "price": "2970.88000000", "time": "2025-07-13T12:38:55.594117Z", "fetched_at": "2025-07-13T12:39:32.645091+00:00", "symbol": "ETH-USD"}, {"trade_id": 666221401, "side": "sell", "size": "0.00051957", "price": "2971.10000000", "time": "2025-07-13T12:38:55.123850Z", "fetched_at": "2025-07-13T12:39:32.645091+00:00", "symbol": "ETH-USD"}, {"trade_id": 666221400, "side": "sell", "size": "0.00005588", "price": "2970.88000000", "time": "2025-07-13T12:38:55.123850Z", "fetched_at": "2025-07-13T12:39:32.645091+00:00", "symbol": "ETH-USD"}, {"trade_id": 666221399, "side": "sell", "size": "0.00005098", "price": "2970.88000000", "time": "2025-07-13T12:38:55.123850Z", "fetched_at": "2025-07-13T12:39:32.645091+00:00", "symbol": "ETH-USD"}, {"trade_id": 666221398, "side": "sell", "size": "0.00022789", "price": "2970.88000000", "time": "2025-07-13T12:38:55.123850Z", "fetched_at": "2025-07-13T12:39:32.645091+00:00", "symbol": "ETH-USD"}, {"trade_id": 666221397, "side": "sell", "size": "0.00074163", "price": "2970.88000000", "time": "2025-07-13T12:38:55.123850Z", "fetched_at": "2025-07-13T12:39:32.645091+00:00", "symbol": "ETH-USD"}, {"trade_id": 666221396, "side": "sell", "size": "0.00008411", "price": "2970.88000000", "time": "2025-07-13T12:38:53.769073Z", "fetched_at": "2025-07-13T12:39:32.645091+00:00", "symbol": "ETH-USD"}, {"trade_id": 666221395, "side": "buy", "size": "0.03609296", "price": "2970.87000000", "time": "2025-07-13T12:38:51.072813Z", "fetched_at": "2025-07-13T12:39:32.645091+00:00", "symbol": "ETH-USD"}, {"trade_id": 666221394, "side": "sell", "size": "0.00018617", "price": "2970.88000000", "time": "2025-07-13T12:38:50.378803Z", "fetched_at": "2025-07-13T12:39:32.645091+00:00", "symbol": "ETH-USD"}, {"trade_id": 666221393, "side": "sell", "size": "0.00017731", "price": "2970.88000000", "time": "2025-07-13T12:38:50.378803Z", "fetched_at": "2025-07-13T12:39:32.645091+00:00", "symbol": "ETH-USD"}, {"trade_id": 666221392, "side": "sell", "size": "0.00078953", "price": "2970.88000000", "time": "2025-07-13T12:38:50.378803Z", "fetched_at": "2025-07-13T12:39:32.645091+00:00", "symbol": "ETH-USD"}, {"trade_id": 666221391, "side": "sell", "size": "0.00020669", "price": "2970.88000000", "time": "2025-07-13T12:38:50.378803Z", "fetched_at": "2025-07-13T12:39:32.645091+00:00", "symbol": "ETH-USD"}, {"trade_id": 666221390, "side": "sell", "size": "0.00100000", "price": "2970.88000000", "time": "2025-07-13T12:38:50.378803Z", "fetched_at": "2025-07-13T12:39:32.645091+00:00", "symbol": "ETH-USD"}, {"trade_id": 666221389, "side": "sell", "size": "0.00079639", "price": "2970.85000000", "time": "2025-07-13T12:38:49.017353Z", "fetched_at": "2025-07-13T12:39:32.645091+00:00", "symbol": "ETH-USD"}, {"trade_id": 666221388, "side": "sell", "size": "0.00018397", "price": "2970.57000000", "time": "2025-07-13T12:38:49.017353Z", "fetched_at": "2025-07-13T12:39:32.645091+00:00", "symbol": "ETH-USD"}, {"trade_id": 666221387, "side": "sell", "size": "0.00062002", "price": "2970.57000000", "time": "2025-07-13T12:38:49.017353Z", "fetched_at": "2025-07-13T12:39:32.645091+00:00", "symbol": "ETH-USD"}, {"trade_id": 666221386, "side": "sell", "size": "0.00011179", "price": "2970.57000000", "time": "2025-07-13T12:38:49.017353Z", "fetched_at": "2025-07-13T12:39:32.645091+00:00", "symbol": "ETH-USD"}, {"trade_id": 666221385, "side": "sell", "size": "0.00048002", "price": "2970.57000000", "time": "2025-07-13T12:38:49.017353Z", "fetched_at": "2025-07-13T12:39:32.645091+00:00", "symbol": "ETH-USD"}, {"trade_id": 666221384, "side": "sell", "size": "0.16355099", "price": "2970.54000000", "time": "2025-07-13T12:38:47.887199Z", "fetched_at": "2025-07-13T12:39:32.645091+00:00", "symbol": "ETH-USD"}, {"trade_id": 666221383, "side": "sell", "size": "0.11172551", "price": "2970.54000000", "time": "2025-07-13T12:38:47.713954Z", "fetched_at": "2025-07-13T12:39:32.645091+00:00", "symbol": "ETH-USD"}, {"trade_id": 666221382, "side": "buy", "size": "0.12753077", "price": "2970.04000000", "time": "2025-07-13T12:38:44.859468Z", "fetched_at": "2025-07-13T12:39:32.645091+00:00", "symbol": "ETH-USD"}, {"trade_id": 666221381, "side": "buy", "size": "0.00363908", "price": "2970.37000000", "time": "2025-07-13T12:38:44.859468Z", "fetched_at": "2025-07-13T12:39:32.645091+00:00", "symbol": "ETH-USD"}, {"trade_id": 666221380, "side": "buy", "size": "0.00000336", "price": "2970.37000000", "time": "2025-07-13T12:38:44.859468Z", "fetched_at": "2025-07-13T12:39:32.645091+00:00", "symbol": "ETH-USD"}, {"trade_id": 666221379, "side": "buy", "size": "0.00845349", "price": "2970.37000000", "time": "2025-07-13T12:38:44.859468Z", "fetched_at": "2025-07-13T12:39:32.645091+00:00", "symbol": "ETH-USD"}, {"trade_id": 666221378, "side": "buy", "size": "0.00000673", "price": "2970.37000000", "time": "2025-07-13T12:38:44.859468Z", "fetched_at": "2025-07-13T12:39:32.645091+00:00", "symbol": "ETH-USD"}, {"trade_id": 666221377, "side": "buy", "size": "0.00000673", "price": "2970.37000000", "time": "2025-07-13T12:38:44.859468Z", "fetched_at": "2025-07-13T12:39:32.645091+00:00", "symbol": "ETH-USD"}, {"trade_id": 666221376, "side": "buy", "size": "0.00212768", "price": "2970.37000000", "time": "2025-07-13T12:38:44.859468Z", "fetched_at": "2025-07-13T12:39:32.645091+00:00", "symbol": "ETH-USD"}, {"trade_id": 666221375, "side": "buy", "size": "0.00095274", "price": "2970.37000000", "time": "2025-07-13T12:38:44.859468Z", "fetched_at": "2025-07-13T12:39:32.645091+00:00", "symbol": "ETH-USD"}, {"trade_id": 666221374, "side": "sell", "size": "0.00026690", "price": "2970.38000000", "time": "2025-07-13T12:38:43.266482Z", "fetched_at": "2025-07-13T12:39:32.645091+00:00", "symbol": "ETH-USD"}, {"trade_id": 666221373, "side": "buy", "size": "0.00363894", "price": "2970.48000000", "time": "2025-07-13T12:38:41.971088Z", "fetched_at": "2025-07-13T12:39:32.645091+00:00", "symbol": "ETH-USD"}, {"trade_id": 666221372, "side": "buy", "size": "0.01690635", "price": "2970.48000000", "time": "2025-07-13T12:38:41.971088Z", "fetched_at": "2025-07-13T12:39:32.645091+00:00", "symbol": "ETH-USD"}, {"trade_id": 666221371, "side": "buy", "size": "0.04351148", "price": "2970.48000000", "time": "2025-07-13T12:38:41.971088Z", "fetched_at": "2025-07-13T12:39:32.645091+00:00", "symbol": "ETH-USD"}, {"trade_id": 666221370, "side": "sell", "size": "0.00158287", "price": "2970.49000000", "time": "2025-07-13T12:38:41.311160Z", "fetched_at": "2025-07-13T12:39:32.645091+00:00", "symbol": "ETH-USD"}, {"trade_id": 666221369, "side": "sell", "size": "0.00120523", "price": "2970.49000000", "time": "2025-07-13T12:38:41.281970Z", "fetched_at": "2025-07-13T12:39:32.645091+00:00", "symbol": "ETH-USD"}, {"trade_id": 666221368, "side": "sell", "size": "0.00327223", "price": "2970.38000000", "time": "2025-07-13T12:38:39.029878Z", "fetched_at": "2025-07-13T12:39:32.645091+00:00", "symbol": "ETH-USD"}, {"trade_id": 666221367, "side": "buy", "size": "0.01910970", "price": "2970.16000000", "time": "2025-07-13T12:38:38.976012Z", "fetched_at": "2025-07-13T12:39:32.645091+00:00", "symbol": "ETH-USD"}, {"trade_id": 666221366, "side": "buy", "size": "0.00050485", "price": "2970.17000000", "time": "2025-07-13T12:38:38.976012Z", "fetched_at": "2025-07-13T12:39:32.645091+00:00", "symbol": "ETH-USD"}, {"trade_id": 666221365, "side": "buy", "size": "0.00100000", "price": "2970.22000000", "time": "2025-07-13T12:38:38.976012Z", "fetched_at": "2025-07-13T12:39:32.645091+00:00", "symbol": "ETH-USD"}, {"trade_id": 666221364, "side": "buy", "size": "0.00423169", "price": "2970.44000000", "time": "2025-07-13T12:38:38.976012Z", "fetched_at": "2025-07-13T12:39:32.645091+00:00", "symbol": "ETH-USD"}, {"trade_id": 666221363, "side": "buy", "size": "0.00190207", "price": "2970.44000000", "time": "2025-07-13T12:38:38.976012Z", "fetched_at": "2025-07-13T12:39:32.645091+00:00", "symbol": "ETH-USD"}, {"trade_id": 666221362, "side": "buy", "size": "0.00100000", "price": "2970.44000000", "time": "2025-07-13T12:38:38.976012Z", "fetched_at": "2025-07-13T12:39:32.645091+00:00", "symbol": "ETH-USD"}, {"trade_id": 666221361, "side": "buy", "size": "0.00333325", "price": "2970.54000000", "time": "2025-07-13T12:38:38.976012Z", "fetched_at": "2025-07-13T12:39:32.645091+00:00", "symbol": "ETH-USD"}, {"trade_id": 666221360, "side": "buy", "size": "0.99893024", "price": "2970.60000000", "time": "2025-07-13T12:38:37.454364Z", "fetched_at": "2025-07-13T12:39:32.645091+00:00", "symbol": "ETH-USD"}, {"trade_id": 666221359, "side": "buy", "size": "0.00034647", "price": "2970.60000000", "time": "2025-07-13T12:38:37.454364Z", "fetched_at": "2025-07-13T12:39:32.645091+00:00", "symbol": "ETH-USD"}, {"trade_id": 666221358, "side": "buy", "size": "0.15000000", "price": "2970.61000000", "time": "2025-07-13T12:38:37.454364Z", "fetched_at": "2025-07-13T12:39:32.645091+00:00", "symbol": "ETH-USD"}, {"trade_id": 666221357, "side": "buy", "size": "0.09180022", "price": "2970.62000000", "time": "2025-07-13T12:38:37.454364Z", "fetched_at": "2025-07-13T12:39:32.645091+00:00", "symbol": "ETH-USD"}, {"trade_id": 666221356, "side": "buy", "size": "0.00363851", "price": "2970.83000000", "time": "2025-07-13T12:38:37.454364Z", "fetched_at": "2025-07-13T12:39:32.645091+00:00", "symbol": "ETH-USD"}, {"trade_id": 666221355, "side": "buy", "size": "0.01648360", "price": "2970.83000000", "time": "2025-07-13T12:38:37.454364Z", "fetched_at": "2025-07-13T12:39:32.645091+00:00", "symbol": "ETH-USD"}, {"trade_id": 666221354, "side": "buy", "size": "0.04378574", "price": "2970.83000000", "time": "2025-07-13T12:38:37.454364Z", "fetched_at": "2025-07-13T12:39:32.645091+00:00", "symbol": "ETH-USD"}, {"trade_id": 666221353, "side": "buy", "size": "0.00086844", "price": "2970.83000000", "time": "2025-07-13T12:38:37.454364Z", "fetched_at": "2025-07-13T12:39:32.645091+00:00", "symbol": "ETH-USD"}, {"trade_id": 666221352, "side": "buy", "size": "0.00182103", "price": "2970.83000000", "time": "2025-07-13T12:38:37.454364Z", "fetched_at": "2025-07-13T12:39:32.645091+00:00", "symbol": "ETH-USD"}, {"trade_id": 666221351, "side": "sell", "size": "0.03270524", "price": "2970.84000000", "time": "2025-07-13T12:38:37.366175Z", "fetched_at": "2025-07-13T12:39:32.645091+00:00", "symbol": "ETH-USD"}, {"trade_id": 666221350, "side": "buy", "size": "0.09171954", "price": "2970.61000000", "time": "2025-07-13T12:38:34.600436Z", "fetched_at": "2025-07-13T12:39:32.645091+00:00", "symbol": "ETH-USD"}, {"trade_id": 666221349, "side": "buy", "size": "0.00100000", "price": "2970.66000000", "time": "2025-07-13T12:38:34.600436Z", "fetched_at": "2025-07-13T12:39:32.645091+00:00", "symbol": "ETH-USD"}, {"trade_id": 666221348, "side": "buy", "size": "0.00364201", "price": "2970.88000000", "time": "2025-07-13T12:38:34.600436Z", "fetched_at": "2025-07-13T12:39:32.645091+00:00", "symbol": "ETH-USD"}, {"trade_id": 666221347, "side": "buy", "size": "0.00363845", "price": "2970.88000000", "time": "2025-07-13T12:38:34.600436Z", "fetched_at": "2025-07-13T12:39:32.645091+00:00", "symbol": "ETH-USD"}, {"trade_id": 666221346, "side": "buy", "size": "0.00100000", "price": "2970.88000000", "time": "2025-07-13T12:38:34.600436Z", "fetched_at": "2025-07-13T12:39:32.645091+00:00", "symbol": "ETH-USD"}, {"trade_id": 666221345, "side": "buy", "size": "0.00174016", "price": "2970.99000000", "time": "2025-07-13T12:38:33.593300Z", "fetched_at": "2025-07-13T12:39:32.645091+00:00", "symbol": "ETH-USD"}, {"trade_id": 666221344, "side": "buy", "size": "0.00406935", "price": "2970.99000000", "time": "2025-07-13T12:38:33.593300Z", "fetched_at": "2025-07-13T12:39:32.645091+00:00", "symbol": "ETH-USD"}, {"trade_id": 666221343, "side": "buy", "size": "0.00345676", "price": "2970.99000000", "time": "2025-07-13T12:38:33.593300Z", "fetched_at": "2025-07-13T12:39:32.645091+00:00", "symbol": "ETH-USD"}, {"trade_id": 666221342, "side": "buy", "size": "0.04317752", "price": "2970.99000000", "time": "2025-07-13T12:38:33.593300Z", "fetched_at": "2025-07-13T12:39:32.645091+00:00", "symbol": "ETH-USD"}, {"trade_id": 666221341, "side": "buy", "size": "0.01618988", "price": "2970.99000000", "time": "2025-07-13T12:38:33.593300Z", "fetched_at": "2025-07-13T12:39:32.645091+00:00", "symbol": "ETH-USD"}, {"trade_id": 666221340, "side": "sell", "size": "0.02394649", "price": "2971.00000000", "time": "2025-07-13T12:38:32.612590Z", "fetched_at": "2025-07-13T12:39:32.645091+00:00", "symbol": "ETH-USD"}, {"trade_id": 666221339, "side": "sell", "size": "0.03332997", "price": "2971.31000000", "time": "2025-07-13T12:38:31.323943Z", "fetched_at": "2025-07-13T12:39:32.645091+00:00", "symbol": "ETH-USD"}, {"trade_id": 666221338, "side": "sell", "size": "0.00166620", "price": "2971.37000000", "time": "2025-07-13T12:38:30.928364Z", "fetched_at": "2025-07-13T12:39:32.645091+00:00", "symbol": "ETH-USD"}, {"trade_id": 666221337, "side": "buy", "size": "0.00016649", "price": "2970.80000000", "time": "2025-07-13T12:38:30.926186Z", "fetched_at": "2025-07-13T12:39:32.645091+00:00", "symbol": "ETH-USD"}, {"trade_id": 666221336, "side": "buy", "size": "0.00100000", "price": "2970.88000000", "time": "2025-07-13T12:38:30.926186Z", "fetched_at": "2025-07-13T12:39:32.645091+00:00", "symbol": "ETH-USD"}, {"trade_id": 666221335, "side": "buy", "size": "0.00000336", "price": "2971.09000000", "time": "2025-07-13T12:38:30.926186Z", "fetched_at": "2025-07-13T12:39:32.645091+00:00", "symbol": "ETH-USD"}, {"trade_id": 666221334, "side": "buy", "size": "0.00001009", "price": "2971.10000000", "time": "2025-07-13T12:38:30.926186Z", "fetched_at": "2025-07-13T12:39:32.645091+00:00", "symbol": "ETH-USD"}, {"trade_id": 666221333, "side": "buy", "size": "0.00001346", "price": "2971.10000000", "time": "2025-07-13T12:38:30.926186Z", "fetched_at": "2025-07-13T12:39:32.645091+00:00", "symbol": "ETH-USD"}, {"trade_id": 666221332, "side": "buy", "size": "0.00100000", "price": "2971.10000000", "time": "2025-07-13T12:38:30.926186Z", "fetched_at": "2025-07-13T12:39:32.645091+00:00", "symbol": "ETH-USD"}, {"trade_id": 666221331, "side": "buy", "size": "0.00000336", "price": "2971.35000000", "time": "2025-07-13T12:38:30.926186Z", "fetched_at": "2025-07-13T12:39:32.645091+00:00", "symbol": "ETH-USD"}, {"trade_id": 666221330, "side": "buy", "size": "0.00000336", "price": "2971.35000000", "time": "2025-07-13T12:38:30.926186Z", "fetched_at": "2025-07-13T12:39:32.645091+00:00", "symbol": "ETH-USD"}, {"trade_id": 666221329, "side": "buy", "size": "0.00000673", "price": "2971.35000000", "time": "2025-07-13T12:38:30.926186Z", "fetched_at": "2025-07-13T12:39:32.645091+00:00", "symbol": "ETH-USD"}, {"trade_id": 666221328, "side": "buy", "size": "0.00000673", "price": "2971.35000000", "time": "2025-07-13T12:38:30.926186Z", "fetched_at": "2025-07-13T12:39:32.645091+00:00", "symbol": "ETH-USD"}, {"trade_id": 666221327, "side": "sell", "size": "0.16826919", "price": "2971.43000000", "time": "2025-07-13T12:38:30.631439Z", "fetched_at": "2025-07-13T12:39:32.645091+00:00", "symbol": "ETH-USD"}, {"trade_id": 666221326, "side": "sell", "size": "0.72229000", "price": "2971.36000000", "time": "2025-07-13T12:38:30.631439Z", "fetched_at": "2025-07-13T12:39:32.645091+00:00", "symbol": "ETH-USD"}, {"trade_id": 666221325, "side": "sell", "size": "0.39006927", "price": "2971.36000000", "time": "2025-07-13T12:38:30.631439Z", "fetched_at": "2025-07-13T12:39:32.645091+00:00", "symbol": "ETH-USD"}, {"trade_id": 666221324, "side": "sell", "size": "0.07670369", "price": "2971.36000000", "time": "2025-07-13T12:38:30.631439Z", "fetched_at": "2025-07-13T12:39:32.645091+00:00", "symbol": "ETH-USD"}, {"trade_id": 666221323, "side": "sell", "size": "0.00076689", "price": "2971.36000000", "time": "2025-07-13T12:38:29.373997Z", "fetched_at": "2025-07-13T12:39:32.645091+00:00", "symbol": "ETH-USD"}, {"trade_id": 666221322, "side": "sell", "size": "0.00012606", "price": "2971.36000000", "time": "2025-07-13T12:38:29.373997Z", "fetched_at": "2025-07-13T12:39:32.645091+00:00", "symbol": "ETH-USD"}, {"trade_id": 666221321, "side": "buy", "size": "0.04902132", "price": "2971.36000000", "time": "2025-07-13T12:38:28.294922Z", "fetched_at": "2025-07-13T12:39:32.645091+00:00", "symbol": "ETH-USD"}, {"trade_id": 666221320, "side": "buy", "size": "0.03418300", "price": "2971.36000000", "time": "2025-07-13T12:38:28.294922Z", "fetched_at": "2025-07-13T12:39:32.645091+00:00", "symbol": "ETH-USD"}, {"trade_id": 666221319, "side": "buy", "size": "0.82848601", "price": "2971.36000000", "time": "2025-07-13T12:38:28.294922Z", "fetched_at": "2025-07-13T12:39:32.645091+00:00", "symbol": "ETH-USD"}, {"trade_id": 666221318, "side": "buy", "size": "0.01702820", "price": "2971.36000000", "time": "2025-07-13T12:38:27.364330Z", "fetched_at": "2025-07-13T12:39:32.645091+00:00", "symbol": "ETH-USD"}, {"trade_id": 666221317, "side": "buy", "size": "0.08695491", "price": "2971.54000000", "time": "2025-07-13T12:38:26.885882Z", "fetched_at": "2025-07-13T12:39:32.645091+00:00", "symbol": "ETH-USD"}, {"trade_id": 666221316, "side": "buy", "size": "0.02746723", "price": "2971.54000000", "time": "2025-07-13T12:38:26.885882Z", "fetched_at": "2025-07-13T12:39:32.645091+00:00", "symbol": "ETH-USD"}, {"trade_id": 666221315, "side": "buy", "size": "0.02878305", "price": "2971.54000000", "time": "2025-07-13T12:38:26.885882Z", "fetched_at": "2025-07-13T12:39:32.645091+00:00", "symbol": "ETH-USD"}, {"trade_id": 666221314, "side": "buy", "size": "0.00539787", "price": "2971.54000000", "time": "2025-07-13T12:38:26.885882Z", "fetched_at": "2025-07-13T12:39:32.645091+00:00", "symbol": "ETH-USD"}, {"trade_id": 666221313, "side": "buy", "size": "0.60000000", "price": "2971.54000000", "time": "2025-07-13T12:38:26.885882Z", "fetched_at": "2025-07-13T12:39:32.645091+00:00", "symbol": "ETH-USD"}, {"trade_id": 666221312, "side": "sell", "size": "0.00100000", "price": "2971.75000000", "time": "2025-07-13T12:38:24.397865Z", "fetched_at": "2025-07-13T12:39:32.645091+00:00", "symbol": "ETH-USD"}, {"trade_id": 666221311, "side": "sell", "size": "0.22022472", "price": "2971.56000000", "time": "2025-07-13T12:38:24.381139Z", "fetched_at": "2025-07-13T12:39:32.645091+00:00", "symbol": "ETH-USD"}, {"trade_id": 666221310, "side": "sell", "size": "0.00100000", "price": "2971.54000000", "time": "2025-07-13T12:38:24.381139Z", "fetched_at": "2025-07-13T12:39:32.645091+00:00", "symbol": "ETH-USD"}, {"trade_id": 666221309, "side": "sell", "size": "0.84131939", "price": "2971.53000000", "time": "2025-07-13T12:38:24.381139Z", "fetched_at": "2025-07-13T12:39:32.645091+00:00", "symbol": "ETH-USD"}, {"trade_id": 666221308, "side": "sell", "size": "0.08415170", "price": "2971.49000000", "time": "2025-07-13T12:38:24.381139Z", "fetched_at": "2025-07-13T12:39:32.645091+00:00", "symbol": "ETH-USD"}, {"trade_id": 666221307, "side": "sell", "size": "0.16826972", "price": "2971.42000000", "time": "2025-07-13T12:38:24.381139Z", "fetched_at": "2025-07-13T12:39:32.645091+00:00", "symbol": "ETH-USD"}, {"trade_id": 666221306, "side": "sell", "size": "0.19999435", "price": "2971.33000000", "time": "2025-07-13T12:38:24.380697Z", "fetched_at": "2025-07-13T12:39:32.645091+00:00", "symbol": "ETH-USD"}, {"trade_id": 666221305, "side": "sell", "size": "0.00100000", "price": "2971.32000000", "time": "2025-07-13T12:38:24.380697Z", "fetched_at": "2025-07-13T12:39:32.645091+00:00", "symbol": "ETH-USD"}, {"trade_id": 666221304, "side": "sell", "size": "0.00000855", "price": "2971.10000000", "time": "2025-07-13T12:38:24.380678Z", "fetched_at": "2025-07-13T12:39:32.645091+00:00", "symbol": "ETH-USD"}, {"trade_id": 666221303, "side": "sell", "size": "0.00043389", "price": "2971.10000000", "time": "2025-07-13T12:38:24.380153Z", "fetched_at": "2025-07-13T12:39:32.645091+00:00", "symbol": "ETH-USD"}, {"trade_id": 666221302, "side": "sell", "size": "0.39758611", "price": "2971.10000000", "time": "2025-07-13T12:38:24.380153Z", "fetched_at": "2025-07-13T12:39:32.645091+00:00", "symbol": "ETH-USD"}, {"trade_id": 666221301, "side": "sell", "size": "0.00100000", "price": "2971.10000000", "time": "2025-07-13T12:38:24.380153Z", "fetched_at": "2025-07-13T12:39:32.645091+00:00", "symbol": "ETH-USD"}, {"trade_id": 666221300, "side": "sell", "size": "0.00100000", "price": "2970.88000000", "time": "2025-07-13T12:38:24.343202Z", "fetched_at": "2025-07-13T12:39:32.645091+00:00", "symbol": "ETH-USD"}, {"trade_id": 666221299, "side": "sell", "size": "0.00000115", "price": "2970.86000000", "time": "2025-07-13T12:38:24.343202Z", "fetched_at": "2025-07-13T12:39:32.645091+00:00", "symbol": "ETH-USD"}, {"trade_id": 666221298, "side": "sell", "size": "1.00000000", "price": "2970.86000000", "time": "2025-07-13T12:38:24.342393Z", "fetched_at": "2025-07-13T12:39:32.645091+00:00", "symbol": "ETH-USD"}, {"trade_id": 666221297, "side": "sell", "size": "0.68339000", "price": "2970.86000000", "time": "2025-07-13T12:38:24.341743Z", "fetched_at": "2025-07-13T12:39:32.645091+00:00", "symbol": "ETH-USD"}, {"trade_id": 666221296, "side": "sell", "size": "0.00280113", "price": "2970.85000000", "time": "2025-07-13T12:38:23.408492Z", "fetched_at": "2025-07-13T12:39:32.645091+00:00", "symbol": "ETH-USD"}, {"trade_id": 666221295, "side": "sell", "size": "0.00042792", "price": "2970.84000000", "time": "2025-07-13T12:38:23.408492Z", "fetched_at": "2025-07-13T12:39:32.645091+00:00", "symbol": "ETH-USD"}, {"trade_id": 666221294, "side": "sell", "size": "0.00010335", "price": "2970.84000000", "time": "2025-07-13T12:38:23.408492Z", "fetched_at": "2025-07-13T12:39:32.645091+00:00", "symbol": "ETH-USD"}, {"trade_id": 666221293, "side": "sell", "size": "0.00025455", "price": "2970.83000000", "time": "2025-07-13T12:38:22.307764Z", "fetched_at": "2025-07-13T12:39:32.645091+00:00", "symbol": "ETH-USD"}, {"trade_id": 666221292, "side": "sell", "size": "0.00044267", "price": "2970.81000000", "time": "2025-07-13T12:38:22.307764Z", "fetched_at": "2025-07-13T12:39:32.645091+00:00", "symbol": "ETH-USD"}, {"trade_id": 666221291, "side": "sell", "size": "0.00276970", "price": "2970.84000000", "time": "2025-07-13T12:38:20.526267Z", "fetched_at": "2025-07-13T12:39:32.645091+00:00", "symbol": "ETH-USD"}, {"trade_id": 666221290, "side": "sell", "size": "0.00041760", "price": "2970.83000000", "time": "2025-07-13T12:38:20.526267Z", "fetched_at": "2025-07-13T12:39:32.645091+00:00", "symbol": "ETH-USD"}, {"trade_id": 666221289, "side": "sell", "size": "0.00915968", "price": "2970.84000000", "time": "2025-07-13T12:38:20.251187Z", "fetched_at": "2025-07-13T12:39:32.645091+00:00", "symbol": "ETH-USD"}, {"trade_id": 666221288, "side": "sell", "size": "0.00041760", "price": "2970.83000000", "time": "2025-07-13T12:38:20.251187Z", "fetched_at": "2025-07-13T12:39:32.645091+00:00", "symbol": "ETH-USD"}, {"trade_id": 666221287, "side": "sell", "size": "0.00114684", "price": "2970.84000000", "time": "2025-07-13T12:38:19.518103Z", "fetched_at": "2025-07-13T12:39:32.645091+00:00", "symbol": "ETH-USD"}, {"trade_id": 666221286, "side": "sell", "size": "0.00043606", "price": "2970.83000000", "time": "2025-07-13T12:38:19.518103Z", "fetched_at": "2025-07-13T12:39:32.645091+00:00", "symbol": "ETH-USD"}, {"trade_id": 666221285, "side": "sell", "size": "0.00238872", "price": "2970.84000000", "time": "2025-07-13T12:38:19.296752Z", "fetched_at": "2025-07-13T12:39:32.645091+00:00", "symbol": "ETH-USD"}, {"trade_id": 666221284, "side": "sell", "size": "0.00022821", "price": "2970.84000000", "time": "2025-07-13T12:38:19.296752Z", "fetched_at": "2025-07-13T12:39:32.645091+00:00", "symbol": "ETH-USD"}, {"trade_id": 666221283, "side": "sell", "size": "0.00041536", "price": "2970.83000000", "time": "2025-07-13T12:38:19.296752Z", "fetched_at": "2025-07-13T12:39:32.645091+00:00", "symbol": "ETH-USD"}, {"trade_id": 666221282, "side": "sell", "size": "0.00017057", "price": "2970.83000000", "time": "2025-07-13T12:38:19.296752Z", "fetched_at": "2025-07-13T12:39:32.645091+00:00", "symbol": "ETH-USD"}, {"trade_id": 666221281, "side": "sell", "size": "0.00004623", "price": "2970.83000000", "time": "2025-07-13T12:38:19.296752Z", "fetched_at": "2025-07-13T12:39:32.645091+00:00", "symbol": "ETH-USD"}, {"trade_id": 666221280, "side": "sell", "size": "0.00008289", "price": "2970.83000000", "time": "2025-07-13T12:38:19.184071Z", "fetched_at": "2025-07-13T12:39:32.645091+00:00", "symbol": "ETH-USD"}, {"trade_id": 666221279, "side": "sell", "size": "0.00071406", "price": "2970.83000000", "time": "2025-07-13T12:38:19.184071Z", "fetched_at": "2025-07-13T12:39:32.645091+00:00", "symbol": "ETH-USD"}, {"trade_id": 666221278, "side": "sell", "size": "0.00012364", "price": "2970.83000000", "time": "2025-07-13T12:38:19.184071Z", "fetched_at": "2025-07-13T12:39:32.645091+00:00", "symbol": "ETH-USD"}, {"trade_id": 666221277, "side": "sell", "size": "0.00055895", "price": "2970.83000000", "time": "2025-07-13T12:38:19.184071Z", "fetched_at": "2025-07-13T12:39:32.645091+00:00", "symbol": "ETH-USD"}, {"trade_id": 666221276, "side": "sell", "size": "0.00010334", "price": "2970.83000000", "time": "2025-07-13T12:38:19.184071Z", "fetched_at": "2025-07-13T12:39:32.645091+00:00", "symbol": "ETH-USD"}, {"trade_id": 666221275, "side": "sell", "size": "0.00129099", "price": "2970.85000000", "time": "2025-07-13T12:38:17.800189Z", "fetched_at": "2025-07-13T12:39:32.645091+00:00", "symbol": "ETH-USD"}, {"trade_id": 666221274, "side": "sell", "size": "0.00004401", "price": "2970.85000000", "time": "2025-07-13T12:38:17.800189Z", "fetched_at": "2025-07-13T12:39:32.645091+00:00", "symbol": "ETH-USD"}, {"trade_id": 666221273, "side": "sell", "size": "0.00021596", "price": "2970.85000000", "time": "2025-07-13T12:38:17.800189Z", "fetched_at": "2025-07-13T12:39:32.645091+00:00", "symbol": "ETH-USD"}, {"trade_id": 666221272, "side": "sell", "size": "0.00016114", "price": "2970.85000000", "time": "2025-07-13T12:38:17.800189Z", "fetched_at": "2025-07-13T12:39:32.645091+00:00", "symbol": "ETH-USD"}, {"trade_id": 666221271, "side": "sell", "size": "0.00043364", "price": "2970.84000000", "time": "2025-07-13T12:38:17.800189Z", "fetched_at": "2025-07-13T12:39:32.645091+00:00", "symbol": "ETH-USD"}, {"trade_id": 666221270, "side": "sell", "size": "0.00100000", "price": "2970.66000000", "time": "2025-07-13T12:38:17.800189Z", "fetched_at": "2025-07-13T12:39:32.645091+00:00", "symbol": "ETH-USD"}, {"trade_id": 666221269, "side": "sell", "size": "0.00010335", "price": "2970.60000000", "time": "2025-07-13T12:38:17.800189Z", "fetched_at": "2025-07-13T12:39:32.645091+00:00", "symbol": "ETH-USD"}, {"trade_id": 666221268, "side": "buy", "size": "0.36111423", "price": "2970.59000000", "time": "2025-07-13T12:38:16.870639Z", "fetched_at": "2025-07-13T12:39:32.645091+00:00", "symbol": "ETH-USD"}, {"trade_id": 666221267, "side": "buy", "size": "0.15313000", "price": "2970.59000000", "time": "2025-07-13T12:38:16.870639Z", "fetched_at": "2025-07-13T12:39:32.645091+00:00", "symbol": "ETH-USD"}, {"trade_id": 666221266, "side": "sell", "size": "0.60000000", "price": "2970.42000000", "time": "2025-07-13T12:38:16.680917Z", "fetched_at": "2025-07-13T12:39:32.645091+00:00", "symbol": "ETH-USD"}, {"trade_id": 666221265, "side": "sell", "size": "0.05039801", "price": "2970.35000000", "time": "2025-07-13T12:38:16.680917Z", "fetched_at": "2025-07-13T12:39:32.645091+00:00", "symbol": "ETH-USD"}, {"trade_id": 666221264, "side": "sell", "size": "0.44328252", "price": "2970.35000000", "time": "2025-07-13T12:38:16.680617Z", "fetched_at": "2025-07-13T12:39:32.645091+00:00", "symbol": "ETH-USD"}, {"trade_id": 666221263, "side": "sell", "size": "0.34797358", "price": "2970.35000000", "time": "2025-07-13T12:38:16.679353Z", "fetched_at": "2025-07-13T12:39:32.645091+00:00", "symbol": "ETH-USD"}, {"trade_id": 666221262, "side": "sell", "size": "0.01658000", "price": "2970.33000000", "time": "2025-07-13T12:38:16.672684Z", "fetched_at": "2025-07-13T12:39:32.645091+00:00", "symbol": "ETH-USD"}, {"trade_id": 666221261, "side": "sell", "size": "0.00043870", "price": "2970.25000000", "time": "2025-07-13T12:38:16.672387Z", "fetched_at": "2025-07-13T12:39:32.645091+00:00", "symbol": "ETH-USD"}, {"trade_id": 666221260, "side": "buy", "size": "0.03995211", "price": "2970.33000000", "time": "2025-07-13T12:38:15.199162Z", "fetched_at": "2025-07-13T12:39:32.645091+00:00", "symbol": "ETH-USD"}, {"trade_id": 666221259, "side": "buy", "size": "4.75483720", "price": "2970.18000000", "time": "2025-07-13T12:38:15.176707Z", "fetched_at": "2025-07-13T12:39:32.645091+00:00", "symbol": "ETH-USD"}, {"trade_id": 666221258, "side": "buy", "size": "0.16833875", "price": "2970.20000000", "time": "2025-07-13T12:38:15.176707Z", "fetched_at": "2025-07-13T12:39:32.645091+00:00", "symbol": "ETH-USD"}, {"trade_id": 666221257, "side": "buy", "size": "0.00100000", "price": "2970.22000000", "time": "2025-07-13T12:38:15.176707Z", "fetched_at": "2025-07-13T12:39:32.645091+00:00", "symbol": "ETH-USD"}, {"trade_id": 666221256, "side": "buy", "size": "0.45900000", "price": "2970.29000000", "time": "2025-07-13T12:38:15.176707Z", "fetched_at": "2025-07-13T12:39:32.645091+00:00", "symbol": "ETH-USD"}, {"trade_id": 666221255, "side": "buy", "size": "0.30000000", "price": "2970.30000000", "time": "2025-07-13T12:38:15.176707Z", "fetched_at": "2025-07-13T12:39:32.645091+00:00", "symbol": "ETH-USD"}, {"trade_id": 666221254, "side": "buy", "size": "0.30000000", "price": "2970.30000000", "time": "2025-07-13T12:38:15.176707Z", "fetched_at": "2025-07-13T12:39:32.645091+00:00", "symbol": "ETH-USD"}, {"trade_id": 666221253, "side": "buy", "size": "0.14195163", "price": "2970.31000000", "time": "2025-07-13T12:38:15.176707Z", "fetched_at": "2025-07-13T12:39:32.645091+00:00", "symbol": "ETH-USD"}, {"trade_id": 666221252, "side": "buy", "size": "0.00363914", "price": "2970.32000000", "time": "2025-07-13T12:38:15.176707Z", "fetched_at": "2025-07-13T12:39:32.645091+00:00", "symbol": "ETH-USD"}, {"trade_id": 666221251, "side": "buy", "size": "0.00000336", "price": "2970.59000000", "time": "2025-07-13T12:38:15.176151Z", "fetched_at": "2025-07-13T12:39:32.645091+00:00", "symbol": "ETH-USD"}, {"trade_id": 666221250, "side": "buy", "size": "0.00000673", "price": "2970.59000000", "time": "2025-07-13T12:38:15.176151Z", "fetched_at": "2025-07-13T12:39:32.645091+00:00", "symbol": "ETH-USD"}, {"trade_id": 666221249, "side": "buy", "size": "0.08344139", "price": "2970.59000000", "time": "2025-07-13T12:38:15.176151Z", "fetched_at": "2025-07-13T12:39:32.645091+00:00", "symbol": "ETH-USD"}, {"trade_id": 666221248, "side": "buy", "size": "0.00471954", "price": "2970.59000000", "time": "2025-07-13T12:38:15.168786Z", "fetched_at": "2025-07-13T12:39:32.645091+00:00", "symbol": "ETH-USD"}, {"trade_id": 666221247, "side": "buy", "size": "0.00001009", "price": "2970.59000000", "time": "2025-07-13T12:38:15.168786Z", "fetched_at": "2025-07-13T12:39:32.645091+00:00", "symbol": "ETH-USD"}, {"trade_id": 666221246, "side": "buy", "size": "0.00003702", "price": "2970.59000000", "time": "2025-07-13T12:38:15.168786Z", "fetched_at": "2025-07-13T12:39:32.645091+00:00", "symbol": "ETH-USD"}, {"trade_id": 666221245, "side": "buy", "size": "0.01224335", "price": "2970.59000000", "time": "2025-07-13T12:38:15.168786Z", "fetched_at": "2025-07-13T12:39:32.645091+00:00", "symbol": "ETH-USD"}, {"trade_id": 666221244, "side": "sell", "size": "0.05398848", "price": "2970.60000000", "time": "2025-07-13T12:38:13.814035Z", "fetched_at": "2025-07-13T12:39:32.645091+00:00", "symbol": "ETH-USD"}, {"trade_id": 666221243, "side": "buy", "size": "0.08908824", "price": "2970.65000000", "time": "2025-07-13T12:38:11.653676Z", "fetched_at": "2025-07-13T12:39:32.645091+00:00", "symbol": "ETH-USD"}, {"trade_id": 666221242, "side": "buy", "size": "0.04320266", "price": "2970.65000000", "time": "2025-07-13T12:38:11.653676Z", "fetched_at": "2025-07-13T12:39:32.645091+00:00", "symbol": "ETH-USD"}, {"trade_id": 666221241, "side": "buy", "size": "0.01620520", "price": "2970.65000000", "time": "2025-07-13T12:38:11.653676Z", "fetched_at": "2025-07-13T12:39:32.645091+00:00", "symbol": "ETH-USD"}, {"trade_id": 666221240, "side": "buy", "size": "0.00000673", "price": "2970.65000000", "time": "2025-07-13T12:38:11.653676Z", "fetched_at": "2025-07-13T12:39:32.645091+00:00", "symbol": "ETH-USD"}, {"trade_id": 666221239, "side": "sell", "size": "0.17000000", "price": "2970.66000000", "time": "2025-07-13T12:38:11.590477Z", "fetched_at": "2025-07-13T12:39:32.645091+00:00", "symbol": "ETH-USD"}, {"trade_id": 666221238, "side": "sell", "size": "0.00064929", "price": "2970.66000000", "time": "2025-07-13T12:38:11.344726Z", "fetched_at": "2025-07-13T12:39:32.645091+00:00", "symbol": "ETH-USD"}, {"trade_id": 666221237, "side": "sell", "size": "0.00056751", "price": "2970.66000000", "time": "2025-07-13T12:38:11.344726Z", "fetched_at": "2025-07-13T12:39:32.645091+00:00", "symbol": "ETH-USD"}, {"trade_id": 666221236, "side": "buy", "size": "0.01812049", "price": "2970.67000000", "time": "2025-07-13T12:38:10.674848Z", "fetched_at": "2025-07-13T12:39:32.645091+00:00", "symbol": "ETH-USD"}, {"trade_id": 666221235, "side": "buy", "size": "0.83326784", "price": "2970.72000000", "time": "2025-07-13T12:38:09.434730Z", "fetched_at": "2025-07-13T12:39:32.645091+00:00", "symbol": "ETH-USD"}, {"trade_id": 666221234, "side": "sell", "size": "0.00812908", "price": "2970.85000000", "time": "2025-07-13T12:38:09.004404Z", "fetched_at": "2025-07-13T12:39:32.645091+00:00", "symbol": "ETH-USD"}, {"trade_id": 666221233, "side": "sell", "size": "0.00013762", "price": "2970.74000000", "time": "2025-07-13T12:38:09.004404Z", "fetched_at": "2025-07-13T12:39:32.645091+00:00", "symbol": "ETH-USD"}, {"trade_id": 666221232, "side": "sell", "size": "0.00056411", "price": "2970.73000000", "time": "2025-07-13T12:38:09.004404Z", "fetched_at": "2025-07-13T12:39:32.645091+00:00", "symbol": "ETH-USD"}, {"trade_id": 666221231, "side": "sell", "size": "0.01635890", "price": "2970.85000000", "time": "2025-07-13T12:38:06.655995Z", "fetched_at": "2025-07-13T12:39:32.645091+00:00", "symbol": "ETH-USD"}, {"trade_id": 666221230, "side": "sell", "size": "0.00016371", "price": "2970.85000000", "time": "2025-07-13T12:38:05.872790Z", "fetched_at": "2025-07-13T12:39:32.645091+00:00", "symbol": "ETH-USD"}, {"trade_id": 666221229, "side": "sell", "size": "0.00043520", "price": "2970.84000000", "time": "2025-07-13T12:38:05.872790Z", "fetched_at": "2025-07-13T12:39:32.645091+00:00", "symbol": "ETH-USD"}, {"trade_id": 666221228, "side": "sell", "size": "0.18633989", "price": "2970.85000000", "time": "2025-07-13T12:38:03.985818Z", "fetched_at": "2025-07-13T12:39:32.645091+00:00", "symbol": "ETH-USD"}, {"trade_id": 666221227, "side": "sell", "size": "0.00126328", "price": "2970.66000000", "time": "2025-07-13T12:38:03.985818Z", "fetched_at": "2025-07-13T12:39:32.645091+00:00", "symbol": "ETH-USD"}, {"trade_id": 666221226, "side": "sell", "size": "0.00067181", "price": "2970.66000000", "time": "2025-07-13T12:38:03.985818Z", "fetched_at": "2025-07-13T12:39:32.645091+00:00", "symbol": "ETH-USD"}, {"trade_id": 666221225, "side": "sell", "size": "0.00012968", "price": "2970.66000000", "time": "2025-07-13T12:38:03.985818Z", "fetched_at": "2025-07-13T12:39:32.645091+00:00", "symbol": "ETH-USD"}, {"trade_id": 666221224, "side": "sell", "size": "0.00052625", "price": "2970.66000000", "time": "2025-07-13T12:38:03.985818Z", "fetched_at": "2025-07-13T12:39:32.645091+00:00", "symbol": "ETH-USD"}, {"trade_id": 666221223, "side": "sell", "size": "0.00006909", "price": "2970.66000000", "time": "2025-07-13T12:38:03.985818Z", "fetched_at": "2025-07-13T12:39:32.645091+00:00", "symbol": "ETH-USD"}, {"trade_id": 666221222, "side": "sell", "size": "0.00100000", "price": "2970.66000000", "time": "2025-07-13T12:38:03.985818Z", "fetched_at": "2025-07-13T12:39:32.645091+00:00", "symbol": "ETH-USD"}, {"trade_id": 666221221, "side": "sell", "size": "0.15000000", "price": "2970.13000000", "time": "2025-07-13T12:38:01.264880Z", "fetched_at": "2025-07-13T12:39:32.645091+00:00", "symbol": "ETH-USD"}, {"trade_id": 666221220, "side": "sell", "size": "0.68601535", "price": "2970.44000000", "time": "2025-07-13T12:38:01.259242Z", "fetched_at": "2025-07-13T12:39:32.645091+00:00", "symbol": "ETH-USD"}, {"trade_id": 666221219, "side": "sell", "size": "0.42815506", "price": "2970.44000000", "time": "2025-07-13T12:38:01.258553Z", "fetched_at": "2025-07-13T12:39:32.645091+00:00", "symbol": "ETH-USD"}, {"trade_id": 666221218, "side": "sell", "size": "0.00100000", "price": "2970.44000000", "time": "2025-07-13T12:38:01.258553Z", "fetched_at": "2025-07-13T12:39:32.645091+00:00", "symbol": "ETH-USD"}, {"trade_id": 666221217, "side": "sell", "size": "0.52844961", "price": "2970.38000000", "time": "2025-07-13T12:38:01.258553Z", "fetched_at": "2025-07-13T12:39:32.645091+00:00", "symbol": "ETH-USD"}, {"trade_id": 666221216, "side": "sell", "size": "0.59371024", "price": "2970.38000000", "time": "2025-07-13T12:38:01.258497Z", "fetched_at": "2025-07-13T12:39:32.645091+00:00", "symbol": "ETH-USD"}, {"trade_id": 666221215, "side": "sell", "size": "0.19815527", "price": "2970.38000000", "time": "2025-07-13T12:38:01.258043Z", "fetched_at": "2025-07-13T12:39:32.645091+00:00", "symbol": "ETH-USD"}, {"trade_id": 666221214, "side": "sell", "size": "1.31760193", "price": "2970.26000000", "time": "2025-07-13T12:38:01.258043Z", "fetched_at": "2025-07-13T12:39:32.645091+00:00", "symbol": "ETH-USD"}, {"trade_id": 666221213, "side": "sell", "size": "0.91005665", "price": "2970.26000000", "time": "2025-07-13T12:38:01.256846Z", "fetched_at": "2025-07-13T12:39:32.645091+00:00", "symbol": "ETH-USD"}, {"trade_id": 666221212, "side": "sell", "size": "0.00100000", "price": "2970.22000000", "time": "2025-07-13T12:38:01.256846Z", "fetched_at": "2025-07-13T12:39:32.645091+00:00", "symbol": "ETH-USD"}, {"trade_id": 666221211, "side": "sell", "size": "0.33681769", "price": "2970.18000000", "time": "2025-07-13T12:38:01.256846Z", "fetched_at": "2025-07-13T12:39:32.645091+00:00", "symbol": "ETH-USD"}, {"trade_id": 666221210, "side": "sell", "size": "1.14028643", "price": "2970.14000000", "time": "2025-07-13T12:38:01.256846Z", "fetched_at": "2025-07-13T12:39:32.645091+00:00", "symbol": "ETH-USD"}, {"trade_id": 666221209, "side": "sell", "size": "0.29849781", "price": "2970.12000000", "time": "2025-07-13T12:38:01.256846Z", "fetched_at": "2025-07-13T12:39:32.645091+00:00", "symbol": "ETH-USD"}, {"trade_id": 666221208, "side": "sell", "size": "0.00018435", "price": "2970.06000000", "time": "2025-07-13T12:38:01.255705Z", "fetched_at": "2025-07-13T12:39:32.645091+00:00", "symbol": "ETH-USD"}, {"trade_id": 666221207, "side": "sell", "size": "0.30000000", "price": "2969.70000000", "time": "2025-07-13T12:38:01.255079Z", "fetched_at": "2025-07-13T12:39:32.645091+00:00", "symbol": "ETH-USD"}, {"trade_id": 666221206, "side": "sell", "size": "0.01211900", "price": "2969.66000000", "time": "2025-07-13T12:38:01.255072Z", "fetched_at": "2025-07-13T12:39:32.645091+00:00", "symbol": "ETH-USD"}, {"trade_id": 666221205, "side": "sell", "size": "0.00100000", "price": "2970.00000000", "time": "2025-07-13T12:38:01.253208Z", "fetched_at": "2025-07-13T12:39:32.645091+00:00", "symbol": "ETH-USD"}, {"trade_id": 666221204, "side": "sell", "size": "0.16840309", "price": "2969.99000000", "time": "2025-07-13T12:38:01.253208Z", "fetched_at": "2025-07-13T12:39:32.645091+00:00", "symbol": "ETH-USD"}, {"trade_id": 666221203, "side": "sell", "size": "0.35685263", "price": "2969.96000000", "time": "2025-07-13T12:38:01.251693Z", "fetched_at": "2025-07-13T12:39:32.645091+00:00", "symbol": "ETH-USD"}, {"trade_id": 666221202, "side": "sell", "size": "0.45900000", "price": "2969.96000000", "time": "2025-07-13T12:38:01.251693Z", "fetched_at": "2025-07-13T12:39:32.645091+00:00", "symbol": "ETH-USD"}, {"trade_id": 666221201, "side": "sell", "size": "0.00093000", "price": "2969.96000000", "time": "2025-07-13T12:38:01.251693Z", "fetched_at": "2025-07-13T12:39:32.645091+00:00", "symbol": "ETH-USD"}, {"trade_id": 666221200, "side": "sell", "size": "0.00072006", "price": "2969.96000000", "time": "2025-07-13T12:38:01.251693Z", "fetched_at": "2025-07-13T12:39:32.645091+00:00", "symbol": "ETH-USD"}, {"trade_id": 666221199, "side": "sell", "size": "0.11474709", "price": "2969.79000000", "time": "2025-07-13T12:38:01.251229Z", "fetched_at": "2025-07-13T12:39:32.645091+00:00", "symbol": "ETH-USD"}, {"trade_id": 666221198, "side": "sell", "size": "0.10025671", "price": "2969.77000000", "time": "2025-07-13T12:38:01.251229Z", "fetched_at": "2025-07-13T12:39:32.645091+00:00", "symbol": "ETH-USD"}, {"trade_id": 666221197, "side": "sell", "size": "0.32303960", "price": "2969.70000000", "time": "2025-07-13T12:38:01.251229Z", "fetched_at": "2025-07-13T12:39:32.645091+00:00", "symbol": "ETH-USD"}, {"trade_id": 666221196, "side": "sell", "size": "0.47882838", "price": "2969.67000000", "time": "2025-07-13T12:38:01.251229Z", "fetched_at": "2025-07-13T12:39:32.645091+00:00", "symbol": "ETH-USD"}, {"trade_id": 666221195, "side": "sell", "size": "0.30589449", "price": "2969.66000000", "time": "2025-07-13T12:38:01.251229Z", "fetched_at": "2025-07-13T12:39:32.645091+00:00", "symbol": "ETH-USD"}, {"trade_id": 666221194, "side": "sell", "size": "0.64791739", "price": "2969.62000000", "time": "2025-07-13T12:38:01.251087Z", "fetched_at": "2025-07-13T12:39:32.645091+00:00", "symbol": "ETH-USD"}, {"trade_id": 666221193, "side": "sell", "size": "0.30000000", "price": "2969.60000000", "time": "2025-07-13T12:38:01.251087Z", "fetched_at": "2025-07-13T12:39:32.645091+00:00", "symbol": "ETH-USD"}, {"trade_id": 666221192, "side": "sell", "size": "0.00000556", "price": "2969.56000000", "time": "2025-07-13T12:38:01.251087Z", "fetched_at": "2025-07-13T12:39:32.645091+00:00", "symbol": "ETH-USD"}, {"trade_id": 666221191, "side": "sell", "size": "0.84187000", "price": "2969.56000000", "time": "2025-07-13T12:38:01.251080Z", "fetched_at": "2025-07-13T12:39:32.645091+00:00", "symbol": "ETH-USD"}, {"trade_id": 666221190, "side": "sell", "size": "0.59999499", "price": "2969.52000000", "time": "2025-07-13T12:38:01.250629Z", "fetched_at": "2025-07-13T12:39:32.645091+00:00", "symbol": "ETH-USD"}, {"trade_id": 666221189, "side": "sell", "size": "0.82525341", "price": "2969.47000000", "time": "2025-07-13T12:38:01.250573Z", "fetched_at": "2025-07-13T12:39:32.645091+00:00", "symbol": "ETH-USD"}, {"trade_id": 666221188, "side": "sell", "size": "0.01664766", "price": "2969.47000000", "time": "2025-07-13T12:38:01.250260Z", "fetched_at": "2025-07-13T12:39:32.645091+00:00", "symbol": "ETH-USD"}, {"trade_id": 666221187, "side": "sell", "size": "0.00036234", "price": "2969.45000000", "time": "2025-07-13T12:38:01.250260Z", "fetched_at": "2025-07-13T12:39:32.645091+00:00", "symbol": "ETH-USD"}, {"trade_id": 666221186, "side": "sell", "size": "0.00010335", "price": "2969.35000000", "time": "2025-07-13T12:38:01.250057Z", "fetched_at": "2025-07-13T12:39:32.645091+00:00", "symbol": "ETH-USD"}, {"trade_id": 666221185, "side": "sell", "size": "0.16838702", "price": "2969.35000000", "time": "2025-07-13T12:38:01.250057Z", "fetched_at": "2025-07-13T12:39:32.645091+00:00", "symbol": "ETH-USD"}, {"trade_id": 666221184, "side": "sell", "size": "0.83452519", "price": "2969.35000000", "time": "2025-07-13T12:38:01.250057Z", "fetched_at": "2025-07-13T12:39:32.645091+00:00", "symbol": "ETH-USD"}, {"trade_id": 666221183, "side": "sell", "size": "0.33692661", "price": "2969.35000000", "time": "2025-07-13T12:38:01.250057Z", "fetched_at": "2025-07-13T12:39:32.645091+00:00", "symbol": "ETH-USD"}, {"trade_id": 666221182, "side": "sell", "size": "0.01701000", "price": "2969.35000000", "time": "2025-07-13T12:38:01.249915Z", "fetched_at": "2025-07-13T12:39:32.645091+00:00", "symbol": "ETH-USD"}, {"trade_id": 666221181, "side": "sell", "size": "0.01701000", "price": "2969.35000000", "time": "2025-07-13T12:38:01.249703Z", "fetched_at": "2025-07-13T12:39:32.645091+00:00", "symbol": "ETH-USD"}, {"trade_id": 666221180, "side": "sell", "size": "0.09968323", "price": "2969.35000000", "time": "2025-07-13T12:38:00.933498Z", "fetched_at": "2025-07-13T12:39:32.645091+00:00", "symbol": "ETH-USD"}, {"trade_id": 666221179, "side": "sell", "size": "0.00031004", "price": "2969.35000000", "time": "2025-07-13T12:38:00.933498Z", "fetched_at": "2025-07-13T12:39:32.645091+00:00", "symbol": "ETH-USD"}, {"trade_id": 666221178, "side": "sell", "size": "0.03280000", "price": "2969.35000000", "time": "2025-07-13T12:37:59.459648Z", "fetched_at": "2025-07-13T12:39:32.645091+00:00", "symbol": "ETH-USD"}, {"trade_id": 666221177, "side": "buy", "size": "0.02411805", "price": "2969.56000000", "time": "2025-07-13T12:37:58.990917Z", "fetched_at": "2025-07-13T12:39:32.645091+00:00", "symbol": "ETH-USD"}, {"trade_id": 666221176, "side": "buy", "size": "0.00582241", "price": "2969.56000000", "time": "2025-07-13T12:37:58.990917Z", "fetched_at": "2025-07-13T12:39:32.645091+00:00", "symbol": "ETH-USD"}, {"trade_id": 666221175, "side": "buy", "size": "0.00002357", "price": "2969.56000000", "time": "2025-07-13T12:37:58.990917Z", "fetched_at": "2025-07-13T12:39:32.645091+00:00", "symbol": "ETH-USD"}, {"trade_id": 666221174, "side": "buy", "size": "0.00000673", "price": "2969.56000000", "time": "2025-07-13T12:37:58.990917Z", "fetched_at": "2025-07-13T12:39:32.645091+00:00", "symbol": "ETH-USD"}, {"trade_id": 666221173, "side": "buy", "size": "0.00100000", "price": "2969.56000000", "time": "2025-07-13T12:37:58.990917Z", "fetched_at": "2025-07-13T12:39:32.645091+00:00", "symbol": "ETH-USD"}, {"trade_id": 666221172, "side": "buy", "size": "0.00363992", "price": "2969.68000000", "time": "2025-07-13T12:37:57.137866Z", "fetched_at": "2025-07-13T12:39:32.645091+00:00", "symbol": "ETH-USD"}, {"trade_id": 666221171, "side": "buy", "size": "0.00100000", "price": "2969.57000000", "time": "2025-07-13T12:37:57.120812Z", "fetched_at": "2025-07-13T12:39:32.645091+00:00", "symbol": "ETH-USD"}, {"trade_id": 666221170, "side": "buy", "size": "1.66342287", "price": "2969.78000000", "time": "2025-07-13T12:37:57.107221Z", "fetched_at": "2025-07-13T12:39:32.645091+00:00", "symbol": "ETH-USD"}, {"trade_id": 666221169, "side": "buy", "size": "0.00100000", "price": "2969.78000000", "time": "2025-07-13T12:37:57.107221Z", "fetched_at": "2025-07-13T12:39:32.645091+00:00", "symbol": "ETH-USD"}, {"trade_id": 666221168, "side": "buy", "size": "0.00363979", "price": "2969.79000000", "time": "2025-07-13T12:37:57.107221Z", "fetched_at": "2025-07-13T12:39:32.645091+00:00", "symbol": "ETH-USD"}, {"trade_id": 666221167, "side": "buy", "size": "0.01164055", "price": "2969.79000000", "time": "2025-07-13T12:37:57.107221Z", "fetched_at": "2025-07-13T12:39:32.645091+00:00", "symbol": "ETH-USD"}, {"trade_id": 666221166, "side": "buy", "size": "0.07236538", "price": "2969.79000000", "time": "2025-07-13T12:37:57.107221Z", "fetched_at": "2025-07-13T12:39:32.645091+00:00", "symbol": "ETH-USD"}, {"trade_id": 666221165, "side": "buy", "size": "0.00100000", "price": "2970.00000000", "time": "2025-07-13T12:37:55.713393Z", "fetched_at": "2025-07-13T12:39:32.645091+00:00", "symbol": "ETH-USD"}, {"trade_id": 666221164, "side": "buy", "size": "0.19999289", "price": "2970.04000000", "time": "2025-07-13T12:37:55.713393Z", "fetched_at": "2025-07-13T12:39:32.645091+00:00", "symbol": "ETH-USD"}, {"trade_id": 666221163, "side": "buy", "size": "0.00085505", "price": "2970.19000000", "time": "2025-07-13T12:37:55.628251Z", "fetched_at": "2025-07-13T12:39:32.645091+00:00", "symbol": "ETH-USD"}, {"trade_id": 666221162, "side": "buy", "size": "0.01619761", "price": "2970.19000000", "time": "2025-07-13T12:37:55.628251Z", "fetched_at": "2025-07-13T12:39:32.645091+00:00", "symbol": "ETH-USD"}, {"trade_id": 666221161, "side": "buy", "size": "0.00000336", "price": "2970.19000000", "time": "2025-07-13T12:37:55.628251Z", "fetched_at": "2025-07-13T12:39:32.645091+00:00", "symbol": "ETH-USD"}, {"trade_id": 666221160, "side": "buy", "size": "0.00366979", "price": "2970.19000000", "time": "2025-07-13T12:37:55.628251Z", "fetched_at": "2025-07-13T12:39:32.645091+00:00", "symbol": "ETH-USD"}, {"trade_id": 666221159, "side": "buy", "size": "0.00352508", "price": "2970.19000000", "time": "2025-07-13T12:37:55.628251Z", "fetched_at": "2025-07-13T12:39:32.645091+00:00", "symbol": "ETH-USD"}, {"trade_id": 666221158, "side": "buy", "size": "0.01391824", "price": "2970.19000000", "time": "2025-07-13T12:37:54.166390Z", "fetched_at": "2025-07-13T12:39:32.645091+00:00", "symbol": "ETH-USD"}, {"trade_id": 666221157, "side": "sell", "size": "0.56392423", "price": "2970.20000000", "time": "2025-07-13T12:37:48.835320Z", "fetched_at": "2025-07-13T12:39:32.645091+00:00", "symbol": "ETH-USD"}, {"trade_id": 666221156, "side": "buy", "size": "0.00000673", "price": "2970.22000000", "time": "2025-07-13T12:37:48.022947Z", "fetched_at": "2025-07-13T12:39:32.645091+00:00", "symbol": "ETH-USD"}, {"trade_id": 666221155, "side": "buy", "size": "0.00001346", "price": "2970.22000000", "time": "2025-07-13T12:37:48.022947Z", "fetched_at": "2025-07-13T12:39:32.645091+00:00", "symbol": "ETH-USD"}, {"trade_id": 666221154, "side": "buy", "size": "0.00100000", "price": "2970.22000000", "time": "2025-07-13T12:37:48.022947Z", "fetched_at": "2025-07-13T12:39:32.645091+00:00", "symbol": "ETH-USD"}, {"trade_id": 666221153, "side": "buy", "size": "0.01631832", "price": "2970.28000000", "time": "2025-07-13T12:37:46.689350Z", "fetched_at": "2025-07-13T12:39:32.645091+00:00", "symbol": "ETH-USD"}, {"trade_id": 666221152, "side": "buy", "size": "0.12928747", "price": "2970.28000000", "time": "2025-07-13T12:37:46.689350Z", "fetched_at": "2025-07-13T12:39:32.645091+00:00", "symbol": "ETH-USD"}, {"trade_id": 666221151, "side": "buy", "size": "0.00037370", "price": "2970.28000000", "time": "2025-07-13T12:37:46.689350Z", "fetched_at": "2025-07-13T12:39:32.645091+00:00", "symbol": "ETH-USD"}, {"trade_id": 666221150, "side": "buy", "size": "0.00074403", "price": "2970.28000000", "time": "2025-07-13T12:37:46.689350Z", "fetched_at": "2025-07-13T12:39:32.645091+00:00", "symbol": "ETH-USD"}, {"trade_id": 666221149, "side": "buy", "size": "0.05026462", "price": "2970.28000000", "time": "2025-07-13T12:37:46.689350Z", "fetched_at": "2025-07-13T12:39:32.645091+00:00", "symbol": "ETH-USD"}, {"trade_id": 666221148, "side": "buy", "size": "0.00148462", "price": "2970.44000000", "time": "2025-07-13T12:37:43.584216Z", "fetched_at": "2025-07-13T12:39:32.645091+00:00", "symbol": "ETH-USD"}, {"trade_id": 666221147, "side": "buy", "size": "0.00100000", "price": "2970.44000000", "time": "2025-07-13T12:37:43.584216Z", "fetched_at": "2025-07-13T12:39:32.645091+00:00", "symbol": "ETH-USD"}, {"trade_id": 666221146, "side": "sell", "size": "0.02430000", "price": "2970.45000000", "time": "2025-07-13T12:37:43.496114Z", "fetched_at": "2025-07-13T12:39:32.645091+00:00", "symbol": "ETH-USD"}, {"trade_id": 666221145, "side": "sell", "size": "0.15000000", "price": "2970.45000000", "time": "2025-07-13T12:37:43.496114Z", "fetched_at": "2025-07-13T12:39:32.645091+00:00", "symbol": "ETH-USD"}, {"trade_id": 666221144, "side": "sell", "size": "0.01765493", "price": "2970.59000000", "time": "2025-07-13T12:37:42.804187Z", "fetched_at": "2025-07-13T12:39:32.645091+00:00", "symbol": "ETH-USD"}, {"trade_id": 666221143, "side": "sell", "size": "0.00033689", "price": "2970.45000000", "time": "2025-07-13T12:37:42.804187Z", "fetched_at": "2025-07-13T12:39:32.645091+00:00", "symbol": "ETH-USD"}, {"trade_id": 666221142, "side": "buy", "size": "0.00000603", "price": "2970.86000000", "time": "2025-07-13T12:37:41.966068Z", "fetched_at": "2025-07-13T12:39:32.645091+00:00", "symbol": "ETH-USD"}, {"trade_id": 666221141, "side": "buy", "size": "0.02200779", "price": "2970.86000000", "time": "2025-07-13T12:37:41.962425Z", "fetched_at": "2025-07-13T12:39:32.645091+00:00", "symbol": "ETH-USD"}, {"trade_id": 666221140, "side": "buy", "size": "0.00000221", "price": "2970.86000000", "time": "2025-07-13T12:37:41.962425Z", "fetched_at": "2025-07-13T12:39:32.645091+00:00", "symbol": "ETH-USD"}, {"trade_id": 666221139, "side": "buy", "size": "0.02913000", "price": "2970.86000000", "time": "2025-07-13T12:37:41.949731Z", "fetched_at": "2025-07-13T12:39:32.645091+00:00", "symbol": "ETH-USD"}, {"trade_id": 666221138, "side": "buy", "size": "0.04164400", "price": "2970.86000000", "time": "2025-07-13T12:37:41.842041Z", "fetched_at": "2025-07-13T12:39:32.645091+00:00", "symbol": "ETH-USD"}, {"trade_id": 666221137, "side": "buy", "size": "0.01020034", "price": "2970.86000000", "time": "2025-07-13T12:37:39.950523Z", "fetched_at": "2025-07-13T12:39:32.645091+00:00", "symbol": "ETH-USD"}, {"trade_id": 666221136, "side": "buy", "size": "0.01160000", "price": "2970.96000000", "time": "2025-07-13T12:37:38.381996Z", "fetched_at": "2025-07-13T12:39:32.645091+00:00", "symbol": "ETH-USD"}, {"trade_id": 666221135, "side": "sell", "size": "0.00637516", "price": "2971.10000000", "time": "2025-07-13T12:37:38.304021Z", "fetched_at": "2025-07-13T12:39:32.645091+00:00", "symbol": "ETH-USD"}, {"trade_id": 666221134, "side": "sell", "size": "0.00100000", "price": "2971.10000000", "time": "2025-07-13T12:37:38.304021Z", "fetched_at": "2025-07-13T12:39:32.645091+00:00", "symbol": "ETH-USD"}, {"trade_id": 666221133, "side": "sell", "size": "0.00060739", "price": "2970.99000000", "time": "2025-07-13T12:37:38.304021Z", "fetched_at": "2025-07-13T12:39:32.645091+00:00", "symbol": "ETH-USD"}, {"trade_id": 666221132, "side": "sell", "size": "0.16659206", "price": "2970.99000000", "time": "2025-07-13T12:37:38.256050Z", "fetched_at": "2025-07-13T12:39:32.645091+00:00", "symbol": "ETH-USD"}, {"trade_id": 666221131, "side": "sell", "size": "0.00100743", "price": "2970.99000000", "time": "2025-07-13T12:37:38.000601Z", "fetched_at": "2025-07-13T12:39:32.645091+00:00", "symbol": "ETH-USD"}, {"trade_id": 666221130, "side": "sell", "size": "0.00012309", "price": "2970.97000000", "time": "2025-07-13T12:37:38.000601Z", "fetched_at": "2025-07-13T12:39:32.645091+00:00", "symbol": "ETH-USD"}, {"trade_id": 666221129, "side": "sell", "size": "0.00025821", "price": "2970.97000000", "time": "2025-07-13T12:37:38.000601Z", "fetched_at": "2025-07-13T12:39:32.645091+00:00", "symbol": "ETH-USD"}, {"trade_id": 666221128, "side": "sell", "size": "0.00019389", "price": "2970.97000000", "time": "2025-07-13T12:37:38.000601Z", "fetched_at": "2025-07-13T12:39:32.645091+00:00", "symbol": "ETH-USD"}, {"trade_id": 666221127, "side": "buy", "size": "0.12100000", "price": "2970.95000000", "time": "2025-07-13T12:37:36.616240Z", "fetched_at": "2025-07-13T12:39:32.645091+00:00", "symbol": "ETH-USD"}, {"trade_id": 666221126, "side": "sell", "size": "0.00139083", "price": "2970.97000000", "time": "2025-07-13T12:37:34.676935Z", "fetched_at": "2025-07-13T12:39:32.645091+00:00", "symbol": "ETH-USD"}, {"trade_id": 666221125, "side": "sell", "size": "0.00100000", "price": "2970.88000000", "time": "2025-07-13T12:37:34.676935Z", "fetched_at": "2025-07-13T12:39:32.645091+00:00", "symbol": "ETH-USD"}, {"trade_id": 666221124, "side": "sell", "size": "0.00060917", "price": "2970.81000000", "time": "2025-07-13T12:37:34.676935Z", "fetched_at": "2025-07-13T12:39:32.645091+00:00", "symbol": "ETH-USD"}, {"trade_id": 666221123, "side": "sell", "size": "0.01763892", "price": "2970.82000000", "time": "2025-07-13T12:37:34.665206Z", "fetched_at": "2025-07-13T12:39:32.645091+00:00", "symbol": "ETH-USD"}, {"trade_id": 666221122, "side": "sell", "size": "0.00060917", "price": "2970.81000000", "time": "2025-07-13T12:37:34.665206Z", "fetched_at": "2025-07-13T12:39:32.645091+00:00", "symbol": "ETH-USD"}, {"trade_id": 666221121, "side": "sell", "size": "0.00155003", "price": "2970.66000000", "time": "2025-07-13T12:37:34.665206Z", "fetched_at": "2025-07-13T12:39:32.645091+00:00", "symbol": "ETH-USD"}, {"trade_id": 666221120, "side": "sell", "size": "0.00120011", "price": "2970.66000000", "time": "2025-07-13T12:37:34.665206Z", "fetched_at": "2025-07-13T12:39:32.645091+00:00", "symbol": "ETH-USD"}, {"trade_id": 666221119, "side": "sell", "size": "0.00964289", "price": "2970.82000000", "time": "2025-07-13T12:37:34.138677Z", "fetched_at": "2025-07-13T12:39:32.645091+00:00", "symbol": "ETH-USD"}, {"trade_id": 666221118, "side": "sell", "size": "0.00062691", "price": "2970.81000000", "time": "2025-07-13T12:37:34.138677Z", "fetched_at": "2025-07-13T12:39:32.645091+00:00", "symbol": "ETH-USD"}, {"trade_id": 666221117, "side": "sell", "size": "0.00062001", "price": "2970.67000000", "time": "2025-07-13T12:37:34.138677Z", "fetched_at": "2025-07-13T12:39:32.645091+00:00", "symbol": "ETH-USD"}, {"trade_id": 666221116, "side": "sell", "size": "0.00048005", "price": "2970.67000000", "time": "2025-07-13T12:37:34.138677Z", "fetched_at": "2025-07-13T12:39:32.645091+00:00", "symbol": "ETH-USD"}, {"trade_id": 666221115, "side": "sell", "size": "0.00008361", "price": "2970.66000000", "time": "2025-07-13T12:37:34.138677Z", "fetched_at": "2025-07-13T12:39:32.645091+00:00", "symbol": "ETH-USD"}, {"trade_id": 666221114, "side": "sell", "size": "0.00002131", "price": "2970.66000000", "time": "2025-07-13T12:37:34.138677Z", "fetched_at": "2025-07-13T12:39:32.645091+00:00", "symbol": "ETH-USD"}, {"trade_id": 666221113, "side": "sell", "size": "0.00100000", "price": "2970.66000000", "time": "2025-07-13T12:37:34.138677Z", "fetched_at": "2025-07-13T12:39:32.645091+00:00", "symbol": "ETH-USD"}, {"trade_id": 666221112, "side": "sell", "size": "0.00020668", "price": "2970.50000000", "time": "2025-07-13T12:37:31.949665Z", "fetched_at": "2025-07-13T12:39:32.645091+00:00", "symbol": "ETH-USD"}, {"trade_id": 666221111, "side": "sell", "size": "0.00016767", "price": "2970.50000000", "time": "2025-07-13T12:37:31.949665Z", "fetched_at": "2025-07-13T12:39:32.645091+00:00", "symbol": "ETH-USD"}, {"trade_id": 666221110, "side": "sell", "size": "0.60000000", "price": "2970.50000000", "time": "2025-07-13T12:37:31.885696Z", "fetched_at": "2025-07-13T12:39:32.645091+00:00", "symbol": "ETH-USD"}, {"trade_id": 666221109, "side": "sell", "size": "0.02730293", "price": "2970.50000000", "time": "2025-07-13T12:37:30.325513Z", "fetched_at": "2025-07-13T12:39:32.645091+00:00", "symbol": "ETH-USD"}, {"trade_id": 666221108, "side": "sell", "size": "0.00014937", "price": "2970.50000000", "time": "2025-07-13T12:37:30.325513Z", "fetched_at": "2025-07-13T12:39:32.645091+00:00", "symbol": "ETH-USD"}, {"trade_id": 666221107, "side": "sell", "size": "0.00024770", "price": "2970.50000000", "time": "2025-07-13T12:37:30.325513Z", "fetched_at": "2025-07-13T12:39:32.645091+00:00", "symbol": "ETH-USD"}, {"trade_id": 666221106, "side": "sell", "size": "0.49230614", "price": "2970.29000000", "time": "2025-07-13T12:37:29.853151Z", "fetched_at": "2025-07-13T12:39:32.645091+00:00", "symbol": "ETH-USD"}, {"trade_id": 666221105, "side": "sell", "size": "0.00150383", "price": "2970.29000000", "time": "2025-07-13T12:37:29.117113Z", "fetched_at": "2025-07-13T12:39:32.645091+00:00", "symbol": "ETH-USD"}, {"trade_id": 666221104, "side": "sell", "size": "0.03333109", "price": "2970.29000000", "time": "2025-07-13T12:37:26.819054Z", "fetched_at": "2025-07-13T12:39:32.645091+00:00", "symbol": "ETH-USD"}, {"trade_id": 666221103, "side": "sell", "size": "0.06542987", "price": "2970.29000000", "time": "2025-07-13T12:37:26.333741Z", "fetched_at": "2025-07-13T12:39:32.645091+00:00", "symbol": "ETH-USD"}, {"trade_id": 666221102, "side": "sell", "size": "0.01332737", "price": "2970.29000000", "time": "2025-07-13T12:37:25.681452Z", "fetched_at": "2025-07-13T12:39:32.645091+00:00", "symbol": "ETH-USD"}, {"trade_id": 666221101, "side": "sell", "size": "0.06577392", "price": "2970.29000000", "time": "2025-07-13T12:37:23.367235Z", "fetched_at": "2025-07-13T12:39:32.645091+00:00", "symbol": "ETH-USD"}, {"trade_id": 666221100, "side": "sell", "size": "0.00159595", "price": "2970.29000000", "time": "2025-07-13T12:37:21.183110Z", "fetched_at": "2025-07-13T12:39:32.645091+00:00", "symbol": "ETH-USD"}, {"trade_id": 666221099, "side": "sell", "size": "0.00333184", "price": "2970.29000000", "time": "2025-07-13T12:37:20.659857Z", "fetched_at": "2025-07-13T12:39:32.645091+00:00", "symbol": "ETH-USD"}, {"trade_id": 666221098, "side": "sell", "size": "0.00817634", "price": "2970.31000000", "time": "2025-07-13T12:37:19.517503Z", "fetched_at": "2025-07-13T12:39:32.645091+00:00", "symbol": "ETH-USD"}, {"trade_id": 666221097, "side": "sell", "size": "0.60000000", "price": "2970.30000000", "time": "2025-07-13T12:37:17.540611Z", "fetched_at": "2025-07-13T12:39:32.645091+00:00", "symbol": "ETH-USD"}, {"trade_id": 666221096, "side": "sell", "size": "0.00020669", "price": "2970.27000000", "time": "2025-07-13T12:37:17.537963Z", "fetched_at": "2025-07-13T12:39:32.645091+00:00", "symbol": "ETH-USD"}, {"trade_id": 666221095, "side": "sell", "size": "0.00013006", "price": "2970.27000000", "time": "2025-07-13T12:37:17.537963Z", "fetched_at": "2025-07-13T12:39:32.645091+00:00", "symbol": "ETH-USD"}, {"trade_id": 666221094, "side": "sell", "size": "0.00002187", "price": "2970.21000000", "time": "2025-07-13T12:37:17.537963Z", "fetched_at": "2025-07-13T12:39:32.645091+00:00", "symbol": "ETH-USD"}, {"trade_id": 666221093, "side": "sell", "size": "0.16831639", "price": "2970.21000000", "time": "2025-07-13T12:37:17.537269Z", "fetched_at": "2025-07-13T12:39:32.645091+00:00", "symbol": "ETH-USD"}, {"trade_id": 666221092, "side": "sell", "size": "0.00001361", "price": "2970.20000000", "time": "2025-07-13T12:37:17.537269Z", "fetched_at": "2025-07-13T12:39:32.645091+00:00", "symbol": "ETH-USD"}, {"trade_id": 666221091, "side": "sell", "size": "0.24032229", "price": "2970.20000000", "time": "2025-07-13T12:37:17.536736Z", "fetched_at": "2025-07-13T12:39:32.645091+00:00", "symbol": "ETH-USD"}, {"trade_id": 666221090, "side": "sell", "size": "0.69134771", "price": "2970.20000000", "time": "2025-07-13T12:37:17.536736Z", "fetched_at": "2025-07-13T12:39:32.645091+00:00", "symbol": "ETH-USD"}, {"trade_id": 666221089, "side": "sell", "size": "0.00319190", "price": "2970.20000000", "time": "2025-07-13T12:37:16.041846Z", "fetched_at": "2025-07-13T12:39:32.645091+00:00", "symbol": "ETH-USD"}, {"trade_id": 666221088, "side": "sell", "size": "0.00654040", "price": "2970.20000000", "time": "2025-07-13T12:37:15.329499Z", "fetched_at": "2025-07-13T12:39:32.645091+00:00", "symbol": "ETH-USD"}, {"trade_id": 666221087, "side": "buy", "size": "0.00363927", "price": "2970.21000000", "time": "2025-07-13T12:37:14.399050Z", "fetched_at": "2025-07-13T12:39:32.645091+00:00", "symbol": "ETH-USD"}, {"trade_id": 666221086, "side": "buy", "size": "0.90000000", "price": "2970.21000000", "time": "2025-07-13T12:37:14.395440Z", "fetched_at": "2025-07-13T12:39:32.645091+00:00", "symbol": "ETH-USD"}, {"trade_id": 666221085, "side": "buy", "size": "4.46191958", "price": "2970.19000000", "time": "2025-07-13T12:37:14.360560Z", "fetched_at": "2025-07-13T12:39:32.645091+00:00", "symbol": "ETH-USD"}, {"trade_id": 666221084, "side": "buy", "size": "4.76811664", "price": "2970.19000000", "time": "2025-07-13T12:37:14.356275Z", "fetched_at": "2025-07-13T12:39:32.645091+00:00", "symbol": "ETH-USD"}, {"trade_id": 666221083, "side": "buy", "size": "0.92706310", "price": "2970.19000000", "time": "2025-07-13T12:37:14.355906Z", "fetched_at": "2025-07-13T12:39:32.645091+00:00", "symbol": "ETH-USD"}, {"trade_id": 666221082, "side": "buy", "size": "0.00100000", "price": "2970.22000000", "time": "2025-07-13T12:37:14.355906Z", "fetched_at": "2025-07-13T12:39:32.645091+00:00", "symbol": "ETH-USD"}, {"trade_id": 666221081, "side": "buy", "size": "0.40622182", "price": "2970.28000000", "time": "2025-07-13T12:37:14.355906Z", "fetched_at": "2025-07-13T12:39:32.645091+00:00", "symbol": "ETH-USD"}, {"trade_id": 666221080, "side": "buy", "size": "1.59377818", "price": "2970.28000000", "time": "2025-07-13T12:37:14.355395Z", "fetched_at": "2025-07-13T12:39:32.645091+00:00", "symbol": "ETH-USD"}, {"trade_id": 666221079, "side": "buy", "size": "0.36543598", "price": "2970.34000000", "time": "2025-07-13T12:37:14.355395Z", "fetched_at": "2025-07-13T12:39:32.645091+00:00", "symbol": "ETH-USD"}, {"trade_id": 666221078, "side": "buy", "size": "1.03456402", "price": "2970.34000000", "time": "2025-07-13T12:37:14.351907Z", "fetched_at": "2025-07-13T12:39:32.645091+00:00", "symbol": "ETH-USD"}, {"trade_id": 666221077, "side": "buy", "size": "1.94796982", "price": "2970.35000000", "time": "2025-07-13T12:37:14.351907Z", "fetched_at": "2025-07-13T12:39:32.645091+00:00", "symbol": "ETH-USD"}, {"trade_id": 666221076, "side": "buy", "size": "0.43162384", "price": "2970.35000000", "time": "2025-07-13T12:37:14.351438Z", "fetched_at": "2025-07-13T12:39:32.645091+00:00", "symbol": "ETH-USD"}, {"trade_id": 666221075, "side": "buy", "size": "0.13026423", "price": "2970.35000000", "time": "2025-07-13T12:37:14.350396Z", "fetched_at": "2025-07-13T12:39:32.645091+00:00", "symbol": "ETH-USD"}, {"trade_id": 666221074, "side": "buy", "size": "0.48915822", "price": "2970.35000000", "time": "2025-07-13T12:37:14.349985Z", "fetched_at": "2025-07-13T12:39:32.645091+00:00", "symbol": "ETH-USD"}, {"trade_id": 666221073, "side": "buy", "size": "4.47453630", "price": "2970.38000000", "time": "2025-07-13T12:37:14.348106Z", "fetched_at": "2025-07-13T12:39:32.645091+00:00", "symbol": "ETH-USD"}, {"trade_id": 666221072, "side": "buy", "size": "0.07793892", "price": "2970.44000000", "time": "2025-07-13T12:37:14.346740Z", "fetched_at": "2025-07-13T12:39:32.645091+00:00", "symbol": "ETH-USD"}, {"trade_id": 666221071, "side": "buy", "size": "0.00100000", "price": "2970.44000000", "time": "2025-07-13T12:37:14.346740Z", "fetched_at": "2025-07-13T12:39:32.645091+00:00", "symbol": "ETH-USD"}, {"trade_id": 666221070, "side": "buy", "size": "0.03366928", "price": "2970.66000000", "time": "2025-07-13T12:37:14.346740Z", "fetched_at": "2025-07-13T12:39:32.645091+00:00", "symbol": "ETH-USD"}, {"trade_id": 666221069, "side": "buy", "size": "0.00363872", "price": "2970.66000000", "time": "2025-07-13T12:37:14.346740Z", "fetched_at": "2025-07-13T12:39:32.645091+00:00", "symbol": "ETH-USD"}, {"trade_id": 666221068, "side": "buy", "size": "0.00100000", "price": "2970.66000000", "time": "2025-07-13T12:37:14.346740Z", "fetched_at": "2025-07-13T12:39:32.645091+00:00", "symbol": "ETH-USD"}, {"trade_id": 666221067, "side": "buy", "size": "0.00346025", "price": "2970.88000000", "time": "2025-07-13T12:37:14.301764Z", "fetched_at": "2025-07-13T12:39:32.645091+00:00", "symbol": "ETH-USD"}, {"trade_id": 666221066, "side": "buy", "size": "0.00100000", "price": "2970.88000000", "time": "2025-07-13T12:37:14.301764Z", "fetched_at": "2025-07-13T12:39:32.645091+00:00", "symbol": "ETH-USD"}, {"trade_id": 666221065, "side": "sell", "size": "0.00166592", "price": "2970.89000000", "time": "2025-07-13T12:37:13.113623Z", "fetched_at": "2025-07-13T12:39:32.645091+00:00", "symbol": "ETH-USD"}, {"trade_id": 666221064, "side": "sell", "size": "0.04466894", "price": "2970.89000000", "time": "2025-07-13T12:37:12.982789Z", "fetched_at": "2025-07-13T12:39:32.645091+00:00", "symbol": "ETH-USD"}, {"trade_id": 666221063, "side": "buy", "size": "0.30000000", "price": "2971.10000000", "time": "2025-07-13T12:37:12.000216Z", "fetched_at": "2025-07-13T12:39:32.645091+00:00", "symbol": "ETH-USD"}, {"trade_id": 666221062, "side": "buy", "size": "10.33900000", "price": "2971.15000000", "time": "2025-07-13T12:37:11.996980Z", "fetched_at": "2025-07-13T12:39:32.645091+00:00", "symbol": "ETH-USD"}, {"trade_id": 666221061, "side": "buy", "size": "0.00039414", "price": "2971.20000000", "time": "2025-07-13T12:37:11.996980Z", "fetched_at": "2025-07-13T12:39:32.645091+00:00", "symbol": "ETH-USD"}, {"trade_id": 666221060, "side": "buy", "size": "0.04343860", "price": "2971.32000000", "time": "2025-07-13T12:37:11.814513Z", "fetched_at": "2025-07-13T12:39:32.645091+00:00", "symbol": "ETH-USD"}, {"trade_id": 666221059, "side": "buy", "size": "0.00079425", "price": "2971.32000000", "time": "2025-07-13T12:37:11.814513Z", "fetched_at": "2025-07-13T12:39:32.645091+00:00", "symbol": "ETH-USD"}, {"trade_id": 666221058, "side": "buy", "size": "0.00159188", "price": "2971.32000000", "time": "2025-07-13T12:37:11.814513Z", "fetched_at": "2025-07-13T12:39:32.645091+00:00", "symbol": "ETH-USD"}, {"trade_id": 666221057, "side": "buy", "size": "0.00001346", "price": "2971.32000000", "time": "2025-07-13T12:37:11.814513Z", "fetched_at": "2025-07-13T12:39:32.645091+00:00", "symbol": "ETH-USD"}, {"trade_id": 666221056, "side": "buy", "size": "0.04317273", "price": "2971.32000000", "time": "2025-07-13T12:37:11.814513Z", "fetched_at": "2025-07-13T12:39:32.645091+00:00", "symbol": "ETH-USD"}, {"trade_id": 666221055, "side": "buy", "size": "0.00863660", "price": "2971.32000000", "time": "2025-07-13T12:37:11.814513Z", "fetched_at": "2025-07-13T12:39:32.645091+00:00", "symbol": "ETH-USD"}, {"trade_id": 666221054, "side": "sell", "size": "0.00172519", "price": "2971.33000000", "time": "2025-07-13T12:37:11.663079Z", "fetched_at": "2025-07-13T12:39:32.645091+00:00", "symbol": "ETH-USD"}, {"trade_id": 666221053, "side": "sell", "size": "0.16827481", "price": "2971.33000000", "time": "2025-07-13T12:37:11.663079Z", "fetched_at": "2025-07-13T12:39:32.645091+00:00", "symbol": "ETH-USD"}, {"trade_id": 666221052, "side": "buy", "size": "0.00007196", "price": "2971.32000000", "time": "2025-07-13T12:37:08.954354Z", "fetched_at": "2025-07-13T12:39:32.645091+00:00", "symbol": "ETH-USD"}, {"trade_id": 666221051, "side": "buy", "size": "0.01194892", "price": "2971.32000000", "time": "2025-07-13T12:37:08.074031Z", "fetched_at": "2025-07-13T12:39:32.645091+00:00", "symbol": "ETH-USD"}, {"trade_id": 666221050, "side": "buy", "size": "0.00070339", "price": "2971.32000000", "time": "2025-07-13T12:37:08.074031Z", "fetched_at": "2025-07-13T12:39:32.645091+00:00", "symbol": "ETH-USD"}, {"trade_id": 666221049, "side": "buy", "size": "0.00100000", "price": "2971.32000000", "time": "2025-07-13T12:37:08.074031Z", "fetched_at": "2025-07-13T12:39:32.645091+00:00", "symbol": "ETH-USD"}, {"trade_id": 666221048, "side": "sell", "size": "0.00654239", "price": "2971.45000000", "time": "2025-07-13T12:37:02.970330Z", "fetched_at": "2025-07-13T12:39:32.645091+00:00", "symbol": "ETH-USD"}, {"trade_id": 666221047, "side": "buy", "size": "0.00363777", "price": "2971.44000000", "time": "2025-07-13T12:37:02.968570Z", "fetched_at": "2025-07-13T12:39:32.645091+00:00", "symbol": "ETH-USD"}, {"trade_id": 666221046, "side": "buy", "size": "0.00002355", "price": "2971.44000000", "time": "2025-07-13T12:37:02.968570Z", "fetched_at": "2025-07-13T12:39:32.645091+00:00", "symbol": "ETH-USD"}, {"trade_id": 666221045, "side": "buy", "size": "0.00001682", "price": "2971.44000000", "time": "2025-07-13T12:37:02.968570Z", "fetched_at": "2025-07-13T12:39:32.645091+00:00", "symbol": "ETH-USD"}, {"trade_id": 666221044, "side": "buy", "size": "0.16071272", "price": "2971.70000000", "time": "2025-07-13T12:37:01.349976Z", "fetched_at": "2025-07-13T12:39:32.645091+00:00", "symbol": "ETH-USD"}, {"trade_id": 666221043, "side": "buy", "size": "0.06197126", "price": "2971.70000000", "time": "2025-07-13T12:37:01.349976Z", "fetched_at": "2025-07-13T12:39:32.645091+00:00", "symbol": "ETH-USD"}, {"trade_id": 666221042, "side": "buy", "size": "0.00363745", "price": "2971.70000000", "time": "2025-07-13T12:37:01.349976Z", "fetched_at": "2025-07-13T12:39:32.645091+00:00", "symbol": "ETH-USD"}, {"trade_id": 666221041, "side": "sell", "size": "0.02309949", "price": "2971.71000000", "time": "2025-07-13T12:37:01.343295Z", "fetched_at": "2025-07-13T12:39:32.645091+00:00", "symbol": "ETH-USD"}, {"trade_id": 666221040, "side": "buy", "size": "0.30000000", "price": "2971.70000000", "time": "2025-07-13T12:37:00.389258Z", "fetched_at": "2025-07-13T12:39:32.645091+00:00", "symbol": "ETH-USD"}, {"trade_id": 666221039, "side": "buy", "size": "0.00000672", "price": "2971.91000000", "time": "2025-07-13T12:37:00.387561Z", "fetched_at": "2025-07-13T12:39:32.645091+00:00", "symbol": "ETH-USD"}, {"trade_id": 666221038, "side": "buy", "size": "0.00004037", "price": "2971.91000000", "time": "2025-07-13T12:37:00.387561Z", "fetched_at": "2025-07-13T12:39:32.645091+00:00", "symbol": "ETH-USD"}, {"trade_id": 666221037, "side": "buy", "size": "0.00359715", "price": "2971.91000000", "time": "2025-07-13T12:37:00.387561Z", "fetched_at": "2025-07-13T12:39:32.645091+00:00", "symbol": "ETH-USD"}, {"trade_id": 666221036, "side": "buy", "size": "0.03860285", "price": "2971.91000000", "time": "2025-07-13T12:37:00.381231Z", "fetched_at": "2025-07-13T12:39:32.645091+00:00", "symbol": "ETH-USD"}, {"trade_id": 666221035, "side": "buy", "size": "0.00363715", "price": "2971.94000000", "time": "2025-07-13T12:37:00.381231Z", "fetched_at": "2025-07-13T12:39:32.645091+00:00", "symbol": "ETH-USD"}, {"trade_id": 666221034, "side": "buy", "size": "0.00363687", "price": "2972.15000000", "time": "2025-07-13T12:36:59.530104Z", "fetched_at": "2025-07-13T12:39:32.645091+00:00", "symbol": "ETH-USD"}, {"trade_id": 666221033, "side": "buy", "size": "0.11738663", "price": "2972.15000000", "time": "2025-07-13T12:36:59.518231Z", "fetched_at": "2025-07-13T12:39:32.645091+00:00", "symbol": "ETH-USD"}, {"trade_id": 666221032, "side": "buy", "size": "0.43724576", "price": "2972.15000000", "time": "2025-07-13T12:36:59.518231Z", "fetched_at": "2025-07-13T12:39:32.645091+00:00", "symbol": "ETH-USD"}, {"trade_id": 666221031, "side": "buy", "size": "0.10519000", "price": "2972.16000000", "time": "2025-07-13T12:36:59.518231Z", "fetched_at": "2025-07-13T12:39:32.645091+00:00", "symbol": "ETH-USD"}, {"trade_id": 666221030, "side": "buy", "size": "0.00363687", "price": "2972.17000000", "time": "2025-07-13T12:36:59.518231Z", "fetched_at": "2025-07-13T12:39:32.645091+00:00", "symbol": "ETH-USD"}, {"trade_id": 666221029, "side": "buy", "size": "0.00363680", "price": "2972.23000000", "time": "2025-07-13T12:36:59.428744Z", "fetched_at": "2025-07-13T12:39:32.645091+00:00", "symbol": "ETH-USD"}, {"trade_id": 666221028, "side": "buy", "size": "0.00363647", "price": "2972.50000000", "time": "2025-07-13T12:36:59.356276Z", "fetched_at": "2025-07-13T12:39:32.645091+00:00", "symbol": "ETH-USD"}, {"trade_id": 666221027, "side": "buy", "size": "0.00363646", "price": "2972.51000000", "time": "2025-07-13T12:36:59.339700Z", "fetched_at": "2025-07-13T12:39:32.645091+00:00", "symbol": "ETH-USD"}, {"trade_id": 666221026, "side": "buy", "size": "0.00363644", "price": "2972.52000000", "time": "2025-07-13T12:36:59.314070Z", "fetched_at": "2025-07-13T12:39:32.645091+00:00", "symbol": "ETH-USD"}, {"trade_id": 666221025, "side": "buy", "size": "0.00363644", "price": "2972.52000000", "time": "2025-07-13T12:36:59.283125Z", "fetched_at": "2025-07-13T12:39:32.645091+00:00", "symbol": "ETH-USD"}, {"trade_id": 666221024, "side": "buy", "size": "0.00363644", "price": "2972.52000000", "time": "2025-07-13T12:36:59.271533Z", "fetched_at": "2025-07-13T12:39:32.645091+00:00", "symbol": "ETH-USD"}, {"trade_id": 666221023, "side": "sell", "size": "0.17000000", "price": "2972.54000000", "time": "2025-07-13T12:36:59.070750Z", "fetched_at": "2025-07-13T12:39:32.645091+00:00", "symbol": "ETH-USD"}, {"trade_id": 666221022, "side": "buy", "size": "2.22765858", "price": "2971.06000000", "time": "2025-07-13T12:36:59.027091Z", "fetched_at": "2025-07-13T12:39:32.645091+00:00", "symbol": "ETH-USD"}, {"trade_id": 666221021, "side": "buy", "size": "0.00050458", "price": "2971.06000000", "time": "2025-07-13T12:36:59.027091Z", "fetched_at": "2025-07-13T12:39:32.645091+00:00", "symbol": "ETH-USD"}, {"trade_id": 666221020, "side": "buy", "size": "0.50463259", "price": "2971.14000000", "time": "2025-07-13T12:36:59.027091Z", "fetched_at": "2025-07-13T12:39:32.645091+00:00", "symbol": "ETH-USD"}, {"trade_id": 666221019, "side": "buy", "size": "0.45900000", "price": "2971.33000000", "time": "2025-07-13T12:36:59.027091Z", "fetched_at": "2025-07-13T12:39:32.645091+00:00", "symbol": "ETH-USD"}, {"trade_id": 666221018, "side": "buy", "size": "0.41124843", "price": "2971.37000000", "time": "2025-07-13T12:36:59.027091Z", "fetched_at": "2025-07-13T12:39:32.645091+00:00", "symbol": "ETH-USD"}, {"trade_id": 666221017, "side": "buy", "size": "0.00085470", "price": "2971.42000000", "time": "2025-07-13T12:36:59.027091Z", "fetched_at": "2025-07-13T12:39:32.645091+00:00", "symbol": "ETH-USD"}, {"trade_id": 666221016, "side": "buy", "size": "0.84134810", "price": "2971.42000000", "time": "2025-07-13T12:36:59.027091Z", "fetched_at": "2025-07-13T12:39:32.645091+00:00", "symbol": "ETH-USD"}, {"trade_id": 666221015, "side": "buy", "size": "0.16826834", "price": "2971.44000000", "time": "2025-07-13T12:36:59.027091Z", "fetched_at": "2025-07-13T12:39:32.645091+00:00", "symbol": "ETH-USD"}, {"trade_id": 666221014, "side": "buy", "size": "0.36091292", "price": "2971.48000000", "time": "2025-07-13T12:36:59.027091Z", "fetched_at": "2025-07-13T12:39:32.645091+00:00", "symbol": "ETH-USD"}, {"trade_id": 666221013, "side": "buy", "size": "0.53183000", "price": "2971.53000000", "time": "2025-07-13T12:36:59.027091Z", "fetched_at": "2025-07-13T12:39:32.645091+00:00", "symbol": "ETH-USD"}, {"trade_id": 666221012, "side": "buy", "size": "0.53001000", "price": "2971.53000000", "time": "2025-07-13T12:36:59.027091Z", "fetched_at": "2025-07-13T12:39:32.645091+00:00", "symbol": "ETH-USD"}, {"trade_id": 666221011, "side": "buy", "size": "0.02646914", "price": "2971.53000000", "time": "2025-07-13T12:36:59.027091Z", "fetched_at": "2025-07-13T12:39:32.645091+00:00", "symbol": "ETH-USD"}, {"trade_id": 666221010, "side": "buy", "size": "0.53183000", "price": "2971.64000000", "time": "2025-07-13T12:36:59.027091Z", "fetched_at": "2025-07-13T12:39:32.645091+00:00", "symbol": "ETH-USD"}, {"trade_id": 666221009, "side": "buy", "size": "0.53001000", "price": "2971.64000000", "time": "2025-07-13T12:36:59.027091Z", "fetched_at": "2025-07-13T12:39:32.645091+00:00", "symbol": "ETH-USD"}, {"trade_id": 666221008, "side": "buy", "size": "0.11023468", "price": "2971.66000000", "time": "2025-07-13T12:36:59.027091Z", "fetched_at": "2025-07-13T12:39:32.645091+00:00", "symbol": "ETH-USD"}, {"trade_id": 666221007, "side": "buy", "size": "0.17269808", "price": "2971.66000000", "time": "2025-07-13T12:36:59.027091Z", "fetched_at": "2025-07-13T12:39:32.645091+00:00", "symbol": "ETH-USD"}, {"trade_id": 666221006, "side": "buy", "size": "0.66408275", "price": "2971.93000000", "time": "2025-07-13T12:36:59.027091Z", "fetched_at": "2025-07-13T12:39:32.645091+00:00", "symbol": "ETH-USD"}, {"trade_id": 666221005, "side": "buy", "size": "0.00050452", "price": "2971.95000000", "time": "2025-07-13T12:36:59.027091Z", "fetched_at": "2025-07-13T12:39:32.645091+00:00", "symbol": "ETH-USD"}, {"trade_id": 666221004, "side": "buy", "size": "0.31103323", "price": "2971.97000000", "time": "2025-07-13T12:36:59.027091Z", "fetched_at": "2025-07-13T12:39:32.645091+00:00", "symbol": "ETH-USD"}, {"trade_id": 666221003, "side": "buy", "size": "0.30856425", "price": "2972.02000000", "time": "2025-07-13T12:36:59.027091Z", "fetched_at": "2025-07-13T12:39:32.645091+00:00", "symbol": "ETH-USD"}, {"trade_id": 666221002, "side": "buy", "size": "0.35466821", "price": "2972.03000000", "time": "2025-07-13T12:36:59.027091Z", "fetched_at": "2025-07-13T12:39:32.645091+00:00", "symbol": "ETH-USD"}, {"trade_id": 666221001, "side": "buy", "size": "0.80000000", "price": "2972.06000000", "time": "2025-07-13T12:36:59.027091Z", "fetched_at": "2025-07-13T12:39:32.645091+00:00", "symbol": "ETH-USD"}, {"trade_id": 666221000, "side": "buy", "size": "0.15000000", "price": "2972.07000000", "time": "2025-07-13T12:36:59.027091Z", "fetched_at": "2025-07-13T12:39:32.645091+00:00", "symbol": "ETH-USD"}, {"trade_id": 666220999, "side": "buy", "size": "0.00363690", "price": "2972.15000000", "time": "2025-07-13T12:36:59.027091Z", "fetched_at": "2025-07-13T12:39:32.645091+00:00", "symbol": "ETH-USD"}, {"trade_id": 666220998, "side": "buy", "size": "0.00365766", "price": "2972.55000000", "time": "2025-07-13T12:36:58.964108Z", "fetched_at": "2025-07-13T12:39:32.645091+00:00", "symbol": "ETH-USD"}, {"trade_id": 666220997, "side": "buy", "size": "1.72479751", "price": "2972.55000000", "time": "2025-07-13T12:36:58.960643Z", "fetched_at": "2025-07-13T12:39:32.645091+00:00", "symbol": "ETH-USD"}, {"trade_id": 666220996, "side": "buy", "size": "0.00365249", "price": "2972.57000000", "time": "2025-07-13T12:36:58.960643Z", "fetched_at": "2025-07-13T12:39:32.645091+00:00", "symbol": "ETH-USD"}, {"trade_id": 666220995, "side": "buy", "size": "0.05597604", "price": "2972.57000000", "time": "2025-07-13T12:36:58.960260Z", "fetched_at": "2025-07-13T12:39:32.645091+00:00", "symbol": "ETH-USD"}, {"trade_id": 666220994, "side": "buy", "size": "0.07630770", "price": "2972.57000000", "time": "2025-07-13T12:36:58.960260Z", "fetched_at": "2025-07-13T12:39:32.645091+00:00", "symbol": "ETH-USD"}, {"trade_id": 666220993, "side": "buy", "size": "0.00363626", "price": "2972.67000000", "time": "2025-07-13T12:36:58.960260Z", "fetched_at": "2025-07-13T12:39:32.645091+00:00", "symbol": "ETH-USD"}, {"trade_id": 666220992, "side": "buy", "size": "0.00363602", "price": "2972.87000000", "time": "2025-07-13T12:36:58.863308Z", "fetched_at": "2025-07-13T12:39:32.645091+00:00", "symbol": "ETH-USD"}, {"trade_id": 666220991, "side": "buy", "size": "0.00363602", "price": "2972.87000000", "time": "2025-07-13T12:36:58.851924Z", "fetched_at": "2025-07-13T12:39:32.645091+00:00", "symbol": "ETH-USD"}