[{"trade_id": 666277827, "side": "buy", "size": "0.00285831", "price": "2996.89000000", "time": "2025-07-13T15:10:46.570237Z", "fetched_at": "2025-07-13T15:10:49.619852+00:00", "symbol": "ETH-USD"}, {"trade_id": 666277826, "side": "buy", "size": "0.00285831", "price": "2996.89000000", "time": "2025-07-13T15:10:46.555344Z", "fetched_at": "2025-07-13T15:10:49.619852+00:00", "symbol": "ETH-USD"}, {"trade_id": 666277825, "side": "buy", "size": "0.00285831", "price": "2996.89000000", "time": "2025-07-13T15:10:46.542411Z", "fetched_at": "2025-07-13T15:10:49.619852+00:00", "symbol": "ETH-USD"}, {"trade_id": 666277824, "side": "buy", "size": "0.00285831", "price": "2996.89000000", "time": "2025-07-13T15:10:46.527977Z", "fetched_at": "2025-07-13T15:10:49.619852+00:00", "symbol": "ETH-USD"}, {"trade_id": 666277823, "side": "buy", "size": "0.00285831", "price": "2996.89000000", "time": "2025-07-13T15:10:46.517489Z", "fetched_at": "2025-07-13T15:10:49.619852+00:00", "symbol": "ETH-USD"}, {"trade_id": 666277822, "side": "buy", "size": "0.00285831", "price": "2996.89000000", "time": "2025-07-13T15:10:46.504381Z", "fetched_at": "2025-07-13T15:10:49.619852+00:00", "symbol": "ETH-USD"}, {"trade_id": 666277821, "side": "buy", "size": "0.00285831", "price": "2996.89000000", "time": "2025-07-13T15:10:46.489563Z", "fetched_at": "2025-07-13T15:10:49.619852+00:00", "symbol": "ETH-USD"}, {"trade_id": 666277820, "side": "sell", "size": "0.03190000", "price": "2996.90000000", "time": "2025-07-13T15:10:46.445601Z", "fetched_at": "2025-07-13T15:10:49.619852+00:00", "symbol": "ETH-USD"}, {"trade_id": 666277819, "side": "buy", "size": "0.10533000", "price": "2996.89000000", "time": "2025-07-13T15:10:46.376364Z", "fetched_at": "2025-07-13T15:10:49.619852+00:00", "symbol": "ETH-USD"}, {"trade_id": 666277818, "side": "buy", "size": "0.00285816", "price": "2997.05000000", "time": "2025-07-13T15:10:46.326524Z", "fetched_at": "2025-07-13T15:10:49.619852+00:00", "symbol": "ETH-USD"}, {"trade_id": 666277817, "side": "buy", "size": "0.03626566", "price": "2997.05000000", "time": "2025-07-13T15:10:46.195392Z", "fetched_at": "2025-07-13T15:10:49.619852+00:00", "symbol": "ETH-USD"}, {"trade_id": 666277816, "side": "buy", "size": "0.00001000", "price": "2997.05000000", "time": "2025-07-13T15:10:46.195392Z", "fetched_at": "2025-07-13T15:10:49.619852+00:00", "symbol": "ETH-USD"}, {"trade_id": 666277815, "side": "sell", "size": "0.00330380", "price": "2997.06000000", "time": "2025-07-13T15:10:46.042915Z", "fetched_at": "2025-07-13T15:10:49.619852+00:00", "symbol": "ETH-USD"}, {"trade_id": 666277814, "side": "buy", "size": "0.01519387", "price": "2997.26000000", "time": "2025-07-13T15:10:45.163191Z", "fetched_at": "2025-07-13T15:10:49.619852+00:00", "symbol": "ETH-USD"}, {"trade_id": 666277813, "side": "buy", "size": "0.00002001", "price": "2997.26000000", "time": "2025-07-13T15:10:45.163191Z", "fetched_at": "2025-07-13T15:10:49.619852+00:00", "symbol": "ETH-USD"}, {"trade_id": 666277812, "side": "buy", "size": "0.31762618", "price": "2997.26000000", "time": "2025-07-13T15:10:44.740349Z", "fetched_at": "2025-07-13T15:10:49.619852+00:00", "symbol": "ETH-USD"}, {"trade_id": 666277811, "side": "buy", "size": "0.00285796", "price": "2997.26000000", "time": "2025-07-13T15:10:44.740349Z", "fetched_at": "2025-07-13T15:10:49.619852+00:00", "symbol": "ETH-USD"}, {"trade_id": 666277810, "side": "buy", "size": "0.04279908", "price": "2997.26000000", "time": "2025-07-13T15:10:44.740349Z", "fetched_at": "2025-07-13T15:10:49.619852+00:00", "symbol": "ETH-USD"}, {"trade_id": 666277809, "side": "buy", "size": "0.61868640", "price": "2997.26000000", "time": "2025-07-13T15:10:44.740349Z", "fetched_at": "2025-07-13T15:10:49.619852+00:00", "symbol": "ETH-USD"}, {"trade_id": 666277808, "side": "buy", "size": "0.30333770", "price": "2997.26000000", "time": "2025-07-13T15:10:44.740349Z", "fetched_at": "2025-07-13T15:10:49.619852+00:00", "symbol": "ETH-USD"}, {"trade_id": 666277807, "side": "buy", "size": "0.01610137", "price": "2997.26000000", "time": "2025-07-13T15:10:44.740349Z", "fetched_at": "2025-07-13T15:10:49.619852+00:00", "symbol": "ETH-USD"}, {"trade_id": 666277806, "side": "buy", "size": "0.00000333", "price": "2997.26000000", "time": "2025-07-13T15:10:44.740349Z", "fetched_at": "2025-07-13T15:10:49.619852+00:00", "symbol": "ETH-USD"}, {"trade_id": 666277805, "side": "buy", "size": "0.28164418", "price": "2997.26000000", "time": "2025-07-13T15:10:44.740349Z", "fetched_at": "2025-07-13T15:10:49.619852+00:00", "symbol": "ETH-USD"}, {"trade_id": 666277804, "side": "buy", "size": "0.41334156", "price": "2997.26000000", "time": "2025-07-13T15:10:44.740349Z", "fetched_at": "2025-07-13T15:10:49.619852+00:00", "symbol": "ETH-USD"}, {"trade_id": 666277803, "side": "buy", "size": "0.10533000", "price": "2997.26000000", "time": "2025-07-13T15:10:44.740349Z", "fetched_at": "2025-07-13T15:10:49.619852+00:00", "symbol": "ETH-USD"}, {"trade_id": 666277802, "side": "buy", "size": "0.11087000", "price": "2997.26000000", "time": "2025-07-13T15:10:44.740349Z", "fetched_at": "2025-07-13T15:10:49.619852+00:00", "symbol": "ETH-USD"}, {"trade_id": 666277801, "side": "sell", "size": "0.00036329", "price": "2997.27000000", "time": "2025-07-13T15:10:43.680686Z", "fetched_at": "2025-07-13T15:10:49.619852+00:00", "symbol": "ETH-USD"}, {"trade_id": 666277800, "side": "buy", "size": "0.11087000", "price": "2997.27000000", "time": "2025-07-13T15:10:41.754957Z", "fetched_at": "2025-07-13T15:10:49.619852+00:00", "symbol": "ETH-USD"}, {"trade_id": 666277799, "side": "buy", "size": "0.10533000", "price": "2997.27000000", "time": "2025-07-13T15:10:41.754957Z", "fetched_at": "2025-07-13T15:10:49.619852+00:00", "symbol": "ETH-USD"}, {"trade_id": 666277798, "side": "buy", "size": "0.11087000", "price": "2997.25000000", "time": "2025-07-13T15:10:41.743834Z", "fetched_at": "2025-07-13T15:10:49.619852+00:00", "symbol": "ETH-USD"}, {"trade_id": 666277797, "side": "sell", "size": "0.00100000", "price": "2997.06000000", "time": "2025-07-13T15:10:41.735540Z", "fetched_at": "2025-07-13T15:10:49.619852+00:00", "symbol": "ETH-USD"}, {"trade_id": 666277796, "side": "sell", "size": "0.00178711", "price": "2996.86000000", "time": "2025-07-13T15:10:41.712549Z", "fetched_at": "2025-07-13T15:10:49.619852+00:00", "symbol": "ETH-USD"}, {"trade_id": 666277795, "side": "buy", "size": "0.15799000", "price": "2996.86000000", "time": "2025-07-13T15:10:41.677441Z", "fetched_at": "2025-07-13T15:10:49.619852+00:00", "symbol": "ETH-USD"}, {"trade_id": 666277794, "side": "buy", "size": "0.10533000", "price": "2996.84000000", "time": "2025-07-13T15:10:41.567751Z", "fetched_at": "2025-07-13T15:10:49.619852+00:00", "symbol": "ETH-USD"}, {"trade_id": 666277793, "side": "buy", "size": "0.10533000", "price": "2996.84000000", "time": "2025-07-13T15:10:41.471515Z", "fetched_at": "2025-07-13T15:10:49.619852+00:00", "symbol": "ETH-USD"}, {"trade_id": 666277792, "side": "buy", "size": "0.10533000", "price": "2996.85000000", "time": "2025-07-13T15:10:41.460392Z", "fetched_at": "2025-07-13T15:10:49.619852+00:00", "symbol": "ETH-USD"}, {"trade_id": 666277791, "side": "buy", "size": "0.10533000", "price": "2996.83000000", "time": "2025-07-13T15:10:41.446898Z", "fetched_at": "2025-07-13T15:10:49.619852+00:00", "symbol": "ETH-USD"}, {"trade_id": 666277790, "side": "buy", "size": "0.10533000", "price": "2996.84000000", "time": "2025-07-13T15:10:41.430734Z", "fetched_at": "2025-07-13T15:10:49.619852+00:00", "symbol": "ETH-USD"}, {"trade_id": 666277789, "side": "sell", "size": "0.00000330", "price": "2996.86000000", "time": "2025-07-13T15:10:41.369694Z", "fetched_at": "2025-07-13T15:10:49.619852+00:00", "symbol": "ETH-USD"}, {"trade_id": 666277788, "side": "buy", "size": "0.10533000", "price": "2996.85000000", "time": "2025-07-13T15:10:41.317064Z", "fetched_at": "2025-07-13T15:10:49.619852+00:00", "symbol": "ETH-USD"}, {"trade_id": 666277787, "side": "buy", "size": "0.10533000", "price": "2996.85000000", "time": "2025-07-13T15:10:41.216660Z", "fetched_at": "2025-07-13T15:10:49.619852+00:00", "symbol": "ETH-USD"}, {"trade_id": 666277786, "side": "buy", "size": "0.05266000", "price": "2996.86000000", "time": "2025-07-13T15:10:41.204286Z", "fetched_at": "2025-07-13T15:10:49.619852+00:00", "symbol": "ETH-USD"}, {"trade_id": 666277785, "side": "buy", "size": "0.10533000", "price": "2996.86000000", "time": "2025-07-13T15:10:41.192036Z", "fetched_at": "2025-07-13T15:10:49.619852+00:00", "symbol": "ETH-USD"}, {"trade_id": 666277784, "side": "sell", "size": "0.06251810", "price": "2996.84000000", "time": "2025-07-13T15:10:41.185017Z", "fetched_at": "2025-07-13T15:10:49.619852+00:00", "symbol": "ETH-USD"}, {"trade_id": 666277783, "side": "sell", "size": "0.00100000", "price": "2996.84000000", "time": "2025-07-13T15:10:41.185017Z", "fetched_at": "2025-07-13T15:10:49.619852+00:00", "symbol": "ETH-USD"}, {"trade_id": 666277782, "side": "sell", "size": "0.00132329", "price": "2996.83000000", "time": "2025-07-13T15:10:41.185017Z", "fetched_at": "2025-07-13T15:10:49.619852+00:00", "symbol": "ETH-USD"}, {"trade_id": 666277781, "side": "buy", "size": "0.10533000", "price": "2996.83000000", "time": "2025-07-13T15:10:41.178744Z", "fetched_at": "2025-07-13T15:10:49.619852+00:00", "symbol": "ETH-USD"}, {"trade_id": 666277780, "side": "buy", "size": "0.10533000", "price": "2996.83000000", "time": "2025-07-13T15:10:40.986160Z", "fetched_at": "2025-07-13T15:10:49.619852+00:00", "symbol": "ETH-USD"}, {"trade_id": 666277779, "side": "buy", "size": "0.10533000", "price": "2996.83000000", "time": "2025-07-13T15:10:40.939572Z", "fetched_at": "2025-07-13T15:10:49.619852+00:00", "symbol": "ETH-USD"}, {"trade_id": 666277778, "side": "buy", "size": "0.10533000", "price": "2996.82000000", "time": "2025-07-13T15:10:40.927953Z", "fetched_at": "2025-07-13T15:10:49.619852+00:00", "symbol": "ETH-USD"}, {"trade_id": 666277777, "side": "buy", "size": "0.10533000", "price": "2996.83000000", "time": "2025-07-13T15:10:40.897691Z", "fetched_at": "2025-07-13T15:10:49.619852+00:00", "symbol": "ETH-USD"}, {"trade_id": 666277776, "side": "buy", "size": "0.10533000", "price": "2996.83000000", "time": "2025-07-13T15:10:40.807890Z", "fetched_at": "2025-07-13T15:10:49.619852+00:00", "symbol": "ETH-USD"}, {"trade_id": 666277775, "side": "buy", "size": "0.15799000", "price": "2996.81000000", "time": "2025-07-13T15:10:40.795181Z", "fetched_at": "2025-07-13T15:10:49.619852+00:00", "symbol": "ETH-USD"}, {"trade_id": 666277774, "side": "sell", "size": "0.06933990", "price": "2996.66000000", "time": "2025-07-13T15:10:40.787618Z", "fetched_at": "2025-07-13T15:10:49.619852+00:00", "symbol": "ETH-USD"}, {"trade_id": 666277773, "side": "sell", "size": "0.00194282", "price": "2996.65000000", "time": "2025-07-13T15:10:40.787618Z", "fetched_at": "2025-07-13T15:10:49.619852+00:00", "symbol": "ETH-USD"}, {"trade_id": 666277772, "side": "sell", "size": "0.00031000", "price": "2996.51000000", "time": "2025-07-13T15:10:40.787618Z", "fetched_at": "2025-07-13T15:10:49.619852+00:00", "symbol": "ETH-USD"}, {"trade_id": 666277771, "side": "sell", "size": "0.00024004", "price": "2996.51000000", "time": "2025-07-13T15:10:40.787618Z", "fetched_at": "2025-07-13T15:10:49.619852+00:00", "symbol": "ETH-USD"}, {"trade_id": 666277770, "side": "sell", "size": "0.00011177", "price": "2996.51000000", "time": "2025-07-13T15:10:40.787618Z", "fetched_at": "2025-07-13T15:10:49.619852+00:00", "symbol": "ETH-USD"}, {"trade_id": 666277769, "side": "sell", "size": "0.00010335", "price": "2996.51000000", "time": "2025-07-13T15:10:40.787618Z", "fetched_at": "2025-07-13T15:10:49.619852+00:00", "symbol": "ETH-USD"}, {"trade_id": 666277768, "side": "buy", "size": "0.03239705", "price": "2996.50000000", "time": "2025-07-13T15:10:38.997345Z", "fetched_at": "2025-07-13T15:10:49.619852+00:00", "symbol": "ETH-USD"}, {"trade_id": 666277767, "side": "sell", "size": "0.52449547", "price": "2996.38000000", "time": "2025-07-13T15:10:38.316434Z", "fetched_at": "2025-07-13T15:10:49.619852+00:00", "symbol": "ETH-USD"}, {"trade_id": 666277766, "side": "buy", "size": "0.10533000", "price": "2996.30000000", "time": "2025-07-13T15:10:38.067223Z", "fetched_at": "2025-07-13T15:10:49.619852+00:00", "symbol": "ETH-USD"}, {"trade_id": 666277765, "side": "buy", "size": "0.10533000", "price": "2996.30000000", "time": "2025-07-13T15:10:38.047164Z", "fetched_at": "2025-07-13T15:10:49.619852+00:00", "symbol": "ETH-USD"}, {"trade_id": 666277764, "side": "buy", "size": "0.10533000", "price": "2996.31000000", "time": "2025-07-13T15:10:38.029943Z", "fetched_at": "2025-07-13T15:10:49.619852+00:00", "symbol": "ETH-USD"}, {"trade_id": 666277763, "side": "buy", "size": "0.00040000", "price": "2996.34000000", "time": "2025-07-13T15:10:38.018601Z", "fetched_at": "2025-07-13T15:10:49.619852+00:00", "symbol": "ETH-USD"}, {"trade_id": 666277762, "side": "buy", "size": "0.10533000", "price": "2996.34000000", "time": "2025-07-13T15:10:38.018601Z", "fetched_at": "2025-07-13T15:10:49.619852+00:00", "symbol": "ETH-USD"}, {"trade_id": 666277761, "side": "sell", "size": "0.01153851", "price": "2996.35000000", "time": "2025-07-13T15:10:37.888865Z", "fetched_at": "2025-07-13T15:10:49.619852+00:00", "symbol": "ETH-USD"}, {"trade_id": 666277760, "side": "sell", "size": "0.00236198", "price": "2996.35000000", "time": "2025-07-13T15:10:37.888865Z", "fetched_at": "2025-07-13T15:10:49.619852+00:00", "symbol": "ETH-USD"}, {"trade_id": 666277759, "side": "sell", "size": "0.00156883", "price": "2996.37000000", "time": "2025-07-13T15:10:37.338438Z", "fetched_at": "2025-07-13T15:10:49.619852+00:00", "symbol": "ETH-USD"}, {"trade_id": 666277758, "side": "buy", "size": "0.10533000", "price": "2996.36000000", "time": "2025-07-13T15:10:37.321208Z", "fetched_at": "2025-07-13T15:10:49.619852+00:00", "symbol": "ETH-USD"}, {"trade_id": 666277757, "side": "buy", "size": "0.10533000", "price": "2996.34000000", "time": "2025-07-13T15:10:37.310491Z", "fetched_at": "2025-07-13T15:10:49.619852+00:00", "symbol": "ETH-USD"}, {"trade_id": 666277756, "side": "buy", "size": "0.10533000", "price": "2996.27000000", "time": "2025-07-13T15:10:37.297283Z", "fetched_at": "2025-07-13T15:10:49.619852+00:00", "symbol": "ETH-USD"}, {"trade_id": 666277755, "side": "buy", "size": "0.10533000", "price": "2996.28000000", "time": "2025-07-13T15:10:37.284684Z", "fetched_at": "2025-07-13T15:10:49.619852+00:00", "symbol": "ETH-USD"}, {"trade_id": 666277754, "side": "buy", "size": "0.10533000", "price": "2996.29000000", "time": "2025-07-13T15:10:37.272475Z", "fetched_at": "2025-07-13T15:10:49.619852+00:00", "symbol": "ETH-USD"}, {"trade_id": 666277753, "side": "buy", "size": "0.10533000", "price": "2996.36000000", "time": "2025-07-13T15:10:36.995652Z", "fetched_at": "2025-07-13T15:10:49.619852+00:00", "symbol": "ETH-USD"}, {"trade_id": 666277752, "side": "buy", "size": "0.10533000", "price": "2996.37000000", "time": "2025-07-13T15:10:36.976590Z", "fetched_at": "2025-07-13T15:10:49.619852+00:00", "symbol": "ETH-USD"}, {"trade_id": 666277751, "side": "buy", "size": "0.10533000", "price": "2996.38000000", "time": "2025-07-13T15:10:36.962368Z", "fetched_at": "2025-07-13T15:10:49.619852+00:00", "symbol": "ETH-USD"}, {"trade_id": 666277750, "side": "buy", "size": "0.10533000", "price": "2996.39000000", "time": "2025-07-13T15:10:36.945256Z", "fetched_at": "2025-07-13T15:10:49.619852+00:00", "symbol": "ETH-USD"}, {"trade_id": 666277749, "side": "buy", "size": "0.10533000", "price": "2996.38000000", "time": "2025-07-13T15:10:36.840142Z", "fetched_at": "2025-07-13T15:10:49.619852+00:00", "symbol": "ETH-USD"}, {"trade_id": 666277748, "side": "buy", "size": "0.10533000", "price": "2996.37000000", "time": "2025-07-13T15:10:36.816529Z", "fetched_at": "2025-07-13T15:10:49.619852+00:00", "symbol": "ETH-USD"}, {"trade_id": 666277747, "side": "buy", "size": "0.10533000", "price": "2996.28000000", "time": "2025-07-13T15:10:36.626278Z", "fetched_at": "2025-07-13T15:10:49.619852+00:00", "symbol": "ETH-USD"}, {"trade_id": 666277746, "side": "buy", "size": "0.00285900", "price": "2996.17000000", "time": "2025-07-13T15:10:36.615010Z", "fetched_at": "2025-07-13T15:10:49.619852+00:00", "symbol": "ETH-USD"}, {"trade_id": 666277745, "side": "buy", "size": "0.00285889", "price": "2996.29000000", "time": "2025-07-13T15:10:36.381693Z", "fetched_at": "2025-07-13T15:10:49.619852+00:00", "symbol": "ETH-USD"}, {"trade_id": 666277744, "side": "buy", "size": "0.00285889", "price": "2996.29000000", "time": "2025-07-13T15:10:36.369335Z", "fetched_at": "2025-07-13T15:10:49.619852+00:00", "symbol": "ETH-USD"}, {"trade_id": 666277743, "side": "buy", "size": "0.00263020", "price": "2996.30000000", "time": "2025-07-13T15:10:36.356963Z", "fetched_at": "2025-07-13T15:10:49.619852+00:00", "symbol": "ETH-USD"}, {"trade_id": 666277742, "side": "buy", "size": "0.00263020", "price": "2996.30000000", "time": "2025-07-13T15:10:36.344595Z", "fetched_at": "2025-07-13T15:10:49.619852+00:00", "symbol": "ETH-USD"}, {"trade_id": 666277741, "side": "buy", "size": "0.00263020", "price": "2996.30000000", "time": "2025-07-13T15:10:36.334366Z", "fetched_at": "2025-07-13T15:10:49.619852+00:00", "symbol": "ETH-USD"}, {"trade_id": 666277740, "side": "buy", "size": "0.00263020", "price": "2996.30000000", "time": "2025-07-13T15:10:36.324195Z", "fetched_at": "2025-07-13T15:10:49.619852+00:00", "symbol": "ETH-USD"}, {"trade_id": 666277739, "side": "buy", "size": "0.00263020", "price": "2996.30000000", "time": "2025-07-13T15:10:36.310522Z", "fetched_at": "2025-07-13T15:10:49.619852+00:00", "symbol": "ETH-USD"}, {"trade_id": 666277738, "side": "buy", "size": "0.00263020", "price": "2996.30000000", "time": "2025-07-13T15:10:36.299187Z", "fetched_at": "2025-07-13T15:10:49.619852+00:00", "symbol": "ETH-USD"}, {"trade_id": 666277737, "side": "buy", "size": "0.00263020", "price": "2996.30000000", "time": "2025-07-13T15:10:36.286891Z", "fetched_at": "2025-07-13T15:10:49.619852+00:00", "symbol": "ETH-USD"}, {"trade_id": 666277736, "side": "buy", "size": "0.00263020", "price": "2996.30000000", "time": "2025-07-13T15:10:36.276223Z", "fetched_at": "2025-07-13T15:10:49.619852+00:00", "symbol": "ETH-USD"}, {"trade_id": 666277735, "side": "buy", "size": "0.43011657", "price": "2996.03000000", "time": "2025-07-13T15:10:36.252647Z", "fetched_at": "2025-07-13T15:10:49.619852+00:00", "symbol": "ETH-USD"}, {"trade_id": 666277734, "side": "buy", "size": "0.70105864", "price": "2996.04000000", "time": "2025-07-13T15:10:36.252647Z", "fetched_at": "2025-07-13T15:10:49.619852+00:00", "symbol": "ETH-USD"}, {"trade_id": 666277733, "side": "buy", "size": "1.28333353", "price": "2996.04000000", "time": "2025-07-13T15:10:36.252647Z", "fetched_at": "2025-07-13T15:10:49.619852+00:00", "symbol": "ETH-USD"}, {"trade_id": 666277732, "side": "buy", "size": "0.11852395", "price": "2996.05000000", "time": "2025-07-13T15:10:36.252647Z", "fetched_at": "2025-07-13T15:10:49.619852+00:00", "symbol": "ETH-USD"}, {"trade_id": 666277731, "side": "buy", "size": "0.00100000", "price": "2996.18000000", "time": "2025-07-13T15:10:36.252647Z", "fetched_at": "2025-07-13T15:10:49.619852+00:00", "symbol": "ETH-USD"}, {"trade_id": 666277730, "side": "buy", "size": "0.00263017", "price": "2996.33000000", "time": "2025-07-13T15:10:36.252647Z", "fetched_at": "2025-07-13T15:10:49.619852+00:00", "symbol": "ETH-USD"}, {"trade_id": 666277729, "side": "buy", "size": "0.00263017", "price": "2996.33000000", "time": "2025-07-13T15:10:36.242333Z", "fetched_at": "2025-07-13T15:10:49.619852+00:00", "symbol": "ETH-USD"}, {"trade_id": 666277728, "side": "sell", "size": "0.08100987", "price": "2996.34000000", "time": "2025-07-13T15:10:36.233584Z", "fetched_at": "2025-07-13T15:10:49.619852+00:00", "symbol": "ETH-USD"}, {"trade_id": 666277727, "side": "sell", "size": "0.00803647", "price": "2996.34000000", "time": "2025-07-13T15:10:36.040507Z", "fetched_at": "2025-07-13T15:10:49.619852+00:00", "symbol": "ETH-USD"}, {"trade_id": 666277726, "side": "sell", "size": "0.01780000", "price": "2996.19000000", "time": "2025-07-13T15:10:35.973136Z", "fetched_at": "2025-07-13T15:10:49.619852+00:00", "symbol": "ETH-USD"}, {"trade_id": 666277725, "side": "buy", "size": "0.00050032", "price": "2996.23000000", "time": "2025-07-13T15:10:35.913876Z", "fetched_at": "2025-07-13T15:10:49.619852+00:00", "symbol": "ETH-USD"}, {"trade_id": 666277724, "side": "buy", "size": "0.50000000", "price": "2996.25000000", "time": "2025-07-13T15:10:35.913876Z", "fetched_at": "2025-07-13T15:10:49.619852+00:00", "symbol": "ETH-USD"}, {"trade_id": 666277723, "side": "buy", "size": "1.40000000", "price": "2996.30000000", "time": "2025-07-13T15:10:35.913876Z", "fetched_at": "2025-07-13T15:10:49.619852+00:00", "symbol": "ETH-USD"}, {"trade_id": 666277722, "side": "buy", "size": "0.06065510", "price": "2996.31000000", "time": "2025-07-13T15:10:35.913876Z", "fetched_at": "2025-07-13T15:10:49.619852+00:00", "symbol": "ETH-USD"}, {"trade_id": 666277721, "side": "buy", "size": "0.00263017", "price": "2996.33000000", "time": "2025-07-13T15:10:35.913876Z", "fetched_at": "2025-07-13T15:10:49.619852+00:00", "symbol": "ETH-USD"}, {"trade_id": 666277720, "side": "sell", "size": "0.00990790", "price": "2996.49000000", "time": "2025-07-13T15:10:35.828242Z", "fetched_at": "2025-07-13T15:10:49.619852+00:00", "symbol": "ETH-USD"}, {"trade_id": 666277719, "side": "buy", "size": "0.00100000", "price": "2996.40000000", "time": "2025-07-13T15:10:35.818702Z", "fetched_at": "2025-07-13T15:10:49.619852+00:00", "symbol": "ETH-USD"}, {"trade_id": 666277718, "side": "buy", "size": "0.42911223", "price": "2996.48000000", "time": "2025-07-13T15:10:35.818702Z", "fetched_at": "2025-07-13T15:10:49.619852+00:00", "symbol": "ETH-USD"}, {"trade_id": 666277717, "side": "buy", "size": "0.37088777", "price": "2996.48000000", "time": "2025-07-13T15:10:35.807289Z", "fetched_at": "2025-07-13T15:10:49.619852+00:00", "symbol": "ETH-USD"}, {"trade_id": 666277716, "side": "buy", "size": "0.00262923", "price": "2996.50000000", "time": "2025-07-13T15:10:35.807289Z", "fetched_at": "2025-07-13T15:10:49.619852+00:00", "symbol": "ETH-USD"}, {"trade_id": 666277715, "side": "buy", "size": "0.00019021", "price": "2996.64000000", "time": "2025-07-13T15:10:35.794558Z", "fetched_at": "2025-07-13T15:10:49.619852+00:00", "symbol": "ETH-USD"}, {"trade_id": 666277714, "side": "buy", "size": "0.00262904", "price": "2996.71000000", "time": "2025-07-13T15:10:35.794558Z", "fetched_at": "2025-07-13T15:10:49.619852+00:00", "symbol": "ETH-USD"}, {"trade_id": 666277713, "side": "buy", "size": "0.00249000", "price": "2996.77000000", "time": "2025-07-13T15:10:35.706369Z", "fetched_at": "2025-07-13T15:10:49.619852+00:00", "symbol": "ETH-USD"}, {"trade_id": 666277712, "side": "buy", "size": "0.00000667", "price": "2996.77000000", "time": "2025-07-13T15:10:35.706369Z", "fetched_at": "2025-07-13T15:10:49.619852+00:00", "symbol": "ETH-USD"}, {"trade_id": 666277711, "side": "sell", "size": "0.03888638", "price": "2996.80000000", "time": "2025-07-13T15:10:35.583952Z", "fetched_at": "2025-07-13T15:10:49.619852+00:00", "symbol": "ETH-USD"}, {"trade_id": 666277710, "side": "sell", "size": "0.14595085", "price": "2996.80000000", "time": "2025-07-13T15:10:35.553776Z", "fetched_at": "2025-07-13T15:10:49.619852+00:00", "symbol": "ETH-USD"}, {"trade_id": 666277709, "side": "sell", "size": "0.00170999", "price": "2996.78000000", "time": "2025-07-13T15:10:35.553776Z", "fetched_at": "2025-07-13T15:10:49.619852+00:00", "symbol": "ETH-USD"}, {"trade_id": 666277708, "side": "buy", "size": "0.00055210", "price": "2996.64000000", "time": "2025-07-13T15:10:35.146337Z", "fetched_at": "2025-07-13T15:10:49.619852+00:00", "symbol": "ETH-USD"}, {"trade_id": 666277707, "side": "buy", "size": "0.00700000", "price": "2996.64000000", "time": "2025-07-13T15:10:34.844799Z", "fetched_at": "2025-07-13T15:10:49.619852+00:00", "symbol": "ETH-USD"}, {"trade_id": 666277706, "side": "buy", "size": "0.00285839", "price": "2996.81000000", "time": "2025-07-13T15:10:34.644228Z", "fetched_at": "2025-07-13T15:10:49.619852+00:00", "symbol": "ETH-USD"}, {"trade_id": 666277705, "side": "buy", "size": "0.00285841", "price": "2996.79000000", "time": "2025-07-13T15:10:34.632444Z", "fetched_at": "2025-07-13T15:10:49.619852+00:00", "symbol": "ETH-USD"}, {"trade_id": 666277704, "side": "buy", "size": "0.00038374", "price": "2996.79000000", "time": "2025-07-13T15:10:34.632444Z", "fetched_at": "2025-07-13T15:10:49.619852+00:00", "symbol": "ETH-USD"}, {"trade_id": 666277703, "side": "buy", "size": "0.00285839", "price": "2996.81000000", "time": "2025-07-13T15:10:34.620009Z", "fetched_at": "2025-07-13T15:10:49.619852+00:00", "symbol": "ETH-USD"}, {"trade_id": 666277702, "side": "buy", "size": "0.00285839", "price": "2996.81000000", "time": "2025-07-13T15:10:34.599946Z", "fetched_at": "2025-07-13T15:10:49.619852+00:00", "symbol": "ETH-USD"}, {"trade_id": 666277701, "side": "buy", "size": "0.00285839", "price": "2996.81000000", "time": "2025-07-13T15:10:34.580655Z", "fetched_at": "2025-07-13T15:10:49.619852+00:00", "symbol": "ETH-USD"}, {"trade_id": 666277700, "side": "buy", "size": "0.02146282", "price": "2996.81000000", "time": "2025-07-13T15:10:34.580655Z", "fetched_at": "2025-07-13T15:10:49.619852+00:00", "symbol": "ETH-USD"}, {"trade_id": 666277699, "side": "buy", "size": "0.00084744", "price": "2996.81000000", "time": "2025-07-13T15:10:34.580655Z", "fetched_at": "2025-07-13T15:10:49.619852+00:00", "symbol": "ETH-USD"}, {"trade_id": 666277698, "side": "buy", "size": "0.10533000", "price": "2996.81000000", "time": "2025-07-13T15:10:34.580655Z", "fetched_at": "2025-07-13T15:10:49.619852+00:00", "symbol": "ETH-USD"}, {"trade_id": 666277697, "side": "sell", "size": "0.03354808", "price": "2996.82000000", "time": "2025-07-13T15:10:34.412558Z", "fetched_at": "2025-07-13T15:10:49.619852+00:00", "symbol": "ETH-USD"}, {"trade_id": 666277696, "side": "buy", "size": "0.00333639", "price": "2996.56000000", "time": "2025-07-13T15:10:33.727791Z", "fetched_at": "2025-07-13T15:10:49.619852+00:00", "symbol": "ETH-USD"}, {"trade_id": 666277695, "side": "buy", "size": "0.01835582", "price": "2996.54000000", "time": "2025-07-13T15:10:33.725007Z", "fetched_at": "2025-07-13T15:10:49.619852+00:00", "symbol": "ETH-USD"}, {"trade_id": 666277694, "side": "buy", "size": "0.10000000", "price": "2996.54000000", "time": "2025-07-13T15:10:33.725007Z", "fetched_at": "2025-07-13T15:10:49.619852+00:00", "symbol": "ETH-USD"}, {"trade_id": 666277693, "side": "buy", "size": "0.03492771", "price": "2996.55000000", "time": "2025-07-13T15:10:33.725007Z", "fetched_at": "2025-07-13T15:10:49.619852+00:00", "symbol": "ETH-USD"}, {"trade_id": 666277692, "side": "buy", "size": "0.00479217", "price": "2996.55000000", "time": "2025-07-13T15:10:33.725007Z", "fetched_at": "2025-07-13T15:10:49.619852+00:00", "symbol": "ETH-USD"}, {"trade_id": 666277691, "side": "buy", "size": "0.00285849", "price": "2996.70000000", "time": "2025-07-13T15:10:33.725007Z", "fetched_at": "2025-07-13T15:10:49.619852+00:00", "symbol": "ETH-USD"}, {"trade_id": 666277690, "side": "sell", "size": "0.81289993", "price": "2996.81000000", "time": "2025-07-13T15:10:33.545857Z", "fetched_at": "2025-07-13T15:10:49.619852+00:00", "symbol": "ETH-USD"}, {"trade_id": 666277689, "side": "sell", "size": "0.83424187", "price": "2996.74000000", "time": "2025-07-13T15:10:33.545857Z", "fetched_at": "2025-07-13T15:10:49.619852+00:00", "symbol": "ETH-USD"}, {"trade_id": 666277688, "side": "sell", "size": "0.15000000", "price": "2996.73000000", "time": "2025-07-13T15:10:33.545857Z", "fetched_at": "2025-07-13T15:10:49.619852+00:00", "symbol": "ETH-USD"}, {"trade_id": 666277687, "side": "sell", "size": "0.00285820", "price": "2996.72000000", "time": "2025-07-13T15:10:33.545857Z", "fetched_at": "2025-07-13T15:10:49.619852+00:00", "symbol": "ETH-USD"}, {"trade_id": 666277686, "side": "buy", "size": "0.00076417", "price": "2996.70000000", "time": "2025-07-13T15:10:33.346351Z", "fetched_at": "2025-07-13T15:10:49.619852+00:00", "symbol": "ETH-USD"}, {"trade_id": 666277685, "side": "sell", "size": "0.04608216", "price": "2996.95000000", "time": "2025-07-13T15:10:33.267624Z", "fetched_at": "2025-07-13T15:10:49.619852+00:00", "symbol": "ETH-USD"}, {"trade_id": 666277684, "side": "sell", "size": "0.40000000", "price": "2996.95000000", "time": "2025-07-13T15:10:33.267624Z", "fetched_at": "2025-07-13T15:10:49.619852+00:00", "symbol": "ETH-USD"}, {"trade_id": 666277683, "side": "sell", "size": "0.20000000", "price": "2996.95000000", "time": "2025-07-13T15:10:33.267624Z", "fetched_at": "2025-07-13T15:10:49.619852+00:00", "symbol": "ETH-USD"}, {"trade_id": 666277682, "side": "sell", "size": "0.83421203", "price": "2996.84000000", "time": "2025-07-13T15:10:33.267624Z", "fetched_at": "2025-07-13T15:10:49.619852+00:00", "symbol": "ETH-USD"}, {"trade_id": 666277681, "side": "sell", "size": "0.15000000", "price": "2996.83000000", "time": "2025-07-13T15:10:33.267624Z", "fetched_at": "2025-07-13T15:10:49.619852+00:00", "symbol": "ETH-USD"}, {"trade_id": 666277680, "side": "sell", "size": "0.16684761", "price": "2996.75000000", "time": "2025-07-13T15:10:33.267624Z", "fetched_at": "2025-07-13T15:10:49.619852+00:00", "symbol": "ETH-USD"}, {"trade_id": 666277679, "side": "sell", "size": "0.00285820", "price": "2996.71000000", "time": "2025-07-13T15:10:33.267624Z", "fetched_at": "2025-07-13T15:10:49.619852+00:00", "symbol": "ETH-USD"}, {"trade_id": 666277678, "side": "buy", "size": "0.34896539", "price": "2996.61000000", "time": "2025-07-13T15:10:32.931120Z", "fetched_at": "2025-07-13T15:10:49.619852+00:00", "symbol": "ETH-USD"}, {"trade_id": 666277677, "side": "buy", "size": "0.00100000", "price": "2996.62000000", "time": "2025-07-13T15:10:32.931120Z", "fetched_at": "2025-07-13T15:10:49.619852+00:00", "symbol": "ETH-USD"}, {"trade_id": 666277676, "side": "buy", "size": "0.00285856", "price": "2996.63000000", "time": "2025-07-13T15:10:32.931120Z", "fetched_at": "2025-07-13T15:10:49.619852+00:00", "symbol": "ETH-USD"}, {"trade_id": 666277675, "side": "buy", "size": "0.00001001", "price": "2996.84000000", "time": "2025-07-13T15:10:32.613115Z", "fetched_at": "2025-07-13T15:10:49.619852+00:00", "symbol": "ETH-USD"}, {"trade_id": 666277674, "side": "buy", "size": "0.00000333", "price": "2996.84000000", "time": "2025-07-13T15:10:32.613115Z", "fetched_at": "2025-07-13T15:10:49.619852+00:00", "symbol": "ETH-USD"}, {"trade_id": 666277673, "side": "buy", "size": "0.00010344", "price": "2996.84000000", "time": "2025-07-13T15:10:32.613115Z", "fetched_at": "2025-07-13T15:10:49.619852+00:00", "symbol": "ETH-USD"}, {"trade_id": 666277672, "side": "buy", "size": "0.00100000", "price": "2996.84000000", "time": "2025-07-13T15:10:32.613115Z", "fetched_at": "2025-07-13T15:10:49.619852+00:00", "symbol": "ETH-USD"}, {"trade_id": 666277671, "side": "buy", "size": "0.00254608", "price": "2997.08000000", "time": "2025-07-13T15:10:32.560091Z", "fetched_at": "2025-07-13T15:10:49.619852+00:00", "symbol": "ETH-USD"}, {"trade_id": 666277670, "side": "buy", "size": "0.00254608", "price": "2997.08000000", "time": "2025-07-13T15:10:32.548953Z", "fetched_at": "2025-07-13T15:10:49.619852+00:00", "symbol": "ETH-USD"}, {"trade_id": 666277669, "side": "buy", "size": "0.00254617", "price": "2996.98000000", "time": "2025-07-13T15:10:32.529550Z", "fetched_at": "2025-07-13T15:10:49.619852+00:00", "symbol": "ETH-USD"}, {"trade_id": 666277668, "side": "buy", "size": "0.00261249", "price": "2997.01000000", "time": "2025-07-13T15:10:32.460119Z", "fetched_at": "2025-07-13T15:10:49.619852+00:00", "symbol": "ETH-USD"}, {"trade_id": 666277667, "side": "sell", "size": "0.00991000", "price": "2997.02000000", "time": "2025-07-13T15:10:32.312360Z", "fetched_at": "2025-07-13T15:10:49.619852+00:00", "symbol": "ETH-USD"}, {"trade_id": 666277666, "side": "buy", "size": "0.00251582", "price": "2997.04000000", "time": "2025-07-13T15:10:32.296515Z", "fetched_at": "2025-07-13T15:10:49.619852+00:00", "symbol": "ETH-USD"}, {"trade_id": 666277665, "side": "buy", "size": "0.00251582", "price": "2997.04000000", "time": "2025-07-13T15:10:32.285314Z", "fetched_at": "2025-07-13T15:10:49.619852+00:00", "symbol": "ETH-USD"}, {"trade_id": 666277664, "side": "buy", "size": "0.00251582", "price": "2997.04000000", "time": "2025-07-13T15:10:32.273266Z", "fetched_at": "2025-07-13T15:10:49.619852+00:00", "symbol": "ETH-USD"}, {"trade_id": 666277663, "side": "buy", "size": "0.00251582", "price": "2997.04000000", "time": "2025-07-13T15:10:32.260915Z", "fetched_at": "2025-07-13T15:10:49.619852+00:00", "symbol": "ETH-USD"}, {"trade_id": 666277662, "side": "buy", "size": "0.00251582", "price": "2997.04000000", "time": "2025-07-13T15:10:32.249134Z", "fetched_at": "2025-07-13T15:10:49.619852+00:00", "symbol": "ETH-USD"}, {"trade_id": 666277661, "side": "buy", "size": "0.00251582", "price": "2997.04000000", "time": "2025-07-13T15:10:32.237869Z", "fetched_at": "2025-07-13T15:10:49.619852+00:00", "symbol": "ETH-USD"}, {"trade_id": 666277660, "side": "buy", "size": "0.00251820", "price": "2997.05000000", "time": "2025-07-13T15:10:32.218667Z", "fetched_at": "2025-07-13T15:10:49.619852+00:00", "symbol": "ETH-USD"}, {"trade_id": 666277659, "side": "buy", "size": "0.00263382", "price": "2997.05000000", "time": "2025-07-13T15:10:32.205431Z", "fetched_at": "2025-07-13T15:10:49.619852+00:00", "symbol": "ETH-USD"}, {"trade_id": 666277658, "side": "buy", "size": "0.00263382", "price": "2997.05000000", "time": "2025-07-13T15:10:32.181155Z", "fetched_at": "2025-07-13T15:10:49.619852+00:00", "symbol": "ETH-USD"}, {"trade_id": 666277657, "side": "buy", "size": "0.00263382", "price": "2997.05000000", "time": "2025-07-13T15:10:32.167413Z", "fetched_at": "2025-07-13T15:10:49.619852+00:00", "symbol": "ETH-USD"}, {"trade_id": 666277656, "side": "buy", "size": "0.00263382", "price": "2997.05000000", "time": "2025-07-13T15:10:32.156107Z", "fetched_at": "2025-07-13T15:10:49.619852+00:00", "symbol": "ETH-USD"}, {"trade_id": 666277655, "side": "buy", "size": "0.00263382", "price": "2997.05000000", "time": "2025-07-13T15:10:32.140724Z", "fetched_at": "2025-07-13T15:10:49.619852+00:00", "symbol": "ETH-USD"}, {"trade_id": 666277654, "side": "buy", "size": "0.00263382", "price": "2997.05000000", "time": "2025-07-13T15:10:32.126218Z", "fetched_at": "2025-07-13T15:10:49.619852+00:00", "symbol": "ETH-USD"}, {"trade_id": 666277653, "side": "buy", "size": "0.00263382", "price": "2997.05000000", "time": "2025-07-13T15:10:32.114950Z", "fetched_at": "2025-07-13T15:10:49.619852+00:00", "symbol": "ETH-USD"}, {"trade_id": 666277652, "side": "buy", "size": "0.00263382", "price": "2997.05000000", "time": "2025-07-13T15:10:32.102484Z", "fetched_at": "2025-07-13T15:10:49.619852+00:00", "symbol": "ETH-USD"}, {"trade_id": 666277651, "side": "sell", "size": "0.03512372", "price": "2996.95000000", "time": "2025-07-13T15:10:32.080698Z", "fetched_at": "2025-07-13T15:10:49.619852+00:00", "symbol": "ETH-USD"}, {"trade_id": 666277650, "side": "buy", "size": "0.00261443", "price": "2997.05000000", "time": "2025-07-13T15:10:31.728652Z", "fetched_at": "2025-07-13T15:10:49.619852+00:00", "symbol": "ETH-USD"}, {"trade_id": 666277649, "side": "buy", "size": "0.05949850", "price": "2997.05000000", "time": "2025-07-13T15:10:31.728652Z", "fetched_at": "2025-07-13T15:10:49.619852+00:00", "symbol": "ETH-USD"}, {"trade_id": 666277648, "side": "buy", "size": "0.02152783", "price": "2997.05000000", "time": "2025-07-13T15:10:31.728652Z", "fetched_at": "2025-07-13T15:10:49.619852+00:00", "symbol": "ETH-USD"}, {"trade_id": 666277647, "side": "buy", "size": "0.10533000", "price": "2997.05000000", "time": "2025-07-13T15:10:31.728652Z", "fetched_at": "2025-07-13T15:10:49.619852+00:00", "symbol": "ETH-USD"}, {"trade_id": 666277646, "side": "buy", "size": "0.01605288", "price": "2996.97000000", "time": "2025-07-13T15:10:30.476462Z", "fetched_at": "2025-07-13T15:10:49.619852+00:00", "symbol": "ETH-USD"}, {"trade_id": 666277645, "side": "buy", "size": "0.00263291", "price": "2997.17000000", "time": "2025-07-13T15:10:30.355271Z", "fetched_at": "2025-07-13T15:10:49.619852+00:00", "symbol": "ETH-USD"}, {"trade_id": 666277644, "side": "buy", "size": "0.00263292", "price": "2997.15000000", "time": "2025-07-13T15:10:30.343296Z", "fetched_at": "2025-07-13T15:10:49.619852+00:00", "symbol": "ETH-USD"}, {"trade_id": 666277643, "side": "buy", "size": "0.05020186", "price": "2997.10000000", "time": "2025-07-13T15:10:30.332680Z", "fetched_at": "2025-07-13T15:10:49.619852+00:00", "symbol": "ETH-USD"}, {"trade_id": 666277642, "side": "buy", "size": "0.00432744", "price": "2997.15000000", "time": "2025-07-13T15:10:30.322783Z", "fetched_at": "2025-07-13T15:10:49.619852+00:00", "symbol": "ETH-USD"}, {"trade_id": 666277641, "side": "sell", "size": "0.00165162", "price": "2997.44000000", "time": "2025-07-13T15:10:29.841059Z", "fetched_at": "2025-07-13T15:10:49.619852+00:00", "symbol": "ETH-USD"}, {"trade_id": 666277640, "side": "sell", "size": "0.00000330", "price": "2997.44000000", "time": "2025-07-13T15:10:29.562060Z", "fetched_at": "2025-07-13T15:10:49.619852+00:00", "symbol": "ETH-USD"}, {"trade_id": 666277639, "side": "sell", "size": "0.01207770", "price": "2997.43000000", "time": "2025-07-13T15:10:28.877124Z", "fetched_at": "2025-07-13T15:10:49.619852+00:00", "symbol": "ETH-USD"}, {"trade_id": 666277638, "side": "sell", "size": "0.00261741", "price": "2997.42000000", "time": "2025-07-13T15:10:28.877124Z", "fetched_at": "2025-07-13T15:10:49.619852+00:00", "symbol": "ETH-USD"}, {"trade_id": 666277637, "side": "sell", "size": "0.00009569", "price": "2997.05000000", "time": "2025-07-13T15:10:28.877124Z", "fetched_at": "2025-07-13T15:10:49.619852+00:00", "symbol": "ETH-USD"}, {"trade_id": 666277636, "side": "sell", "size": "0.00053645", "price": "2997.04000000", "time": "2025-07-13T15:10:28.877124Z", "fetched_at": "2025-07-13T15:10:49.619852+00:00", "symbol": "ETH-USD"}, {"trade_id": 666277635, "side": "sell", "size": "0.00041536", "price": "2997.04000000", "time": "2025-07-13T15:10:28.877124Z", "fetched_at": "2025-07-13T15:10:49.619852+00:00", "symbol": "ETH-USD"}, {"trade_id": 666277634, "side": "sell", "size": "0.00003500", "price": "2997.02000000", "time": "2025-07-13T15:10:28.877124Z", "fetched_at": "2025-07-13T15:10:49.619852+00:00", "symbol": "ETH-USD"}, {"trade_id": 666277633, "side": "sell", "size": "0.00067055", "price": "2997.01000000", "time": "2025-07-13T15:10:28.877124Z", "fetched_at": "2025-07-13T15:10:49.619852+00:00", "symbol": "ETH-USD"}, {"trade_id": 666277632, "side": "buy", "size": "0.26351052", "price": "2997.00000000", "time": "2025-07-13T15:10:28.534652Z", "fetched_at": "2025-07-13T15:10:49.619852+00:00", "symbol": "ETH-USD"}, {"trade_id": 666277631, "side": "buy", "size": "0.32919000", "price": "2997.00000000", "time": "2025-07-13T15:10:28.534652Z", "fetched_at": "2025-07-13T15:10:49.619852+00:00", "symbol": "ETH-USD"}, {"trade_id": 666277630, "side": "buy", "size": "0.10533000", "price": "2997.00000000", "time": "2025-07-13T15:10:28.534652Z", "fetched_at": "2025-07-13T15:10:49.619852+00:00", "symbol": "ETH-USD"}, {"trade_id": 666277629, "side": "buy", "size": "0.27855292", "price": "2997.00000000", "time": "2025-07-13T15:10:28.534652Z", "fetched_at": "2025-07-13T15:10:49.619852+00:00", "symbol": "ETH-USD"}, {"trade_id": 666277628, "side": "buy", "size": "0.00285821", "price": "2997.00000000", "time": "2025-07-13T15:10:28.534652Z", "fetched_at": "2025-07-13T15:10:49.619852+00:00", "symbol": "ETH-USD"}, {"trade_id": 666277627, "side": "buy", "size": "0.07530864", "price": "2997.00000000", "time": "2025-07-13T15:10:28.534652Z", "fetched_at": "2025-07-13T15:10:49.619852+00:00", "symbol": "ETH-USD"}, {"trade_id": 666277626, "side": "buy", "size": "0.42577268", "price": "2997.00000000", "time": "2025-07-13T15:10:28.534652Z", "fetched_at": "2025-07-13T15:10:49.619852+00:00", "symbol": "ETH-USD"}, {"trade_id": 666277625, "side": "buy", "size": "0.10000000", "price": "2997.00000000", "time": "2025-07-13T15:10:28.534652Z", "fetched_at": "2025-07-13T15:10:49.619852+00:00", "symbol": "ETH-USD"}, {"trade_id": 666277624, "side": "buy", "size": "0.02023848", "price": "2996.68000000", "time": "2025-07-13T15:10:25.918890Z", "fetched_at": "2025-07-13T15:10:49.619852+00:00", "symbol": "ETH-USD"}, {"trade_id": 666277623, "side": "buy", "size": "0.07153005", "price": "2996.69000000", "time": "2025-07-13T15:10:25.918890Z", "fetched_at": "2025-07-13T15:10:49.619852+00:00", "symbol": "ETH-USD"}, {"trade_id": 666277622, "side": "buy", "size": "0.00003003", "price": "2996.72000000", "time": "2025-07-13T15:10:25.918890Z", "fetched_at": "2025-07-13T15:10:49.619852+00:00", "symbol": "ETH-USD"}, {"trade_id": 666277621, "side": "buy", "size": "0.00285824", "price": "2996.97000000", "time": "2025-07-13T15:10:25.918890Z", "fetched_at": "2025-07-13T15:10:49.619852+00:00", "symbol": "ETH-USD"}, {"trade_id": 666277620, "side": "sell", "size": "0.00330263", "price": "2996.88000000", "time": "2025-07-13T15:10:25.491477Z", "fetched_at": "2025-07-13T15:10:49.619852+00:00", "symbol": "ETH-USD"}, {"trade_id": 666277619, "side": "buy", "size": "0.00285833", "price": "2996.87000000", "time": "2025-07-13T15:10:24.935144Z", "fetched_at": "2025-07-13T15:10:49.619852+00:00", "symbol": "ETH-USD"}, {"trade_id": 666277618, "side": "buy", "size": "0.00285833", "price": "2996.87000000", "time": "2025-07-13T15:10:24.923389Z", "fetched_at": "2025-07-13T15:10:49.619852+00:00", "symbol": "ETH-USD"}, {"trade_id": 666277617, "side": "buy", "size": "0.00285833", "price": "2996.87000000", "time": "2025-07-13T15:10:24.911679Z", "fetched_at": "2025-07-13T15:10:49.619852+00:00", "symbol": "ETH-USD"}, {"trade_id": 666277616, "side": "buy", "size": "0.00285833", "price": "2996.87000000", "time": "2025-07-13T15:10:24.899388Z", "fetched_at": "2025-07-13T15:10:49.619852+00:00", "symbol": "ETH-USD"}, {"trade_id": 666277615, "side": "buy", "size": "0.00285833", "price": "2996.87000000", "time": "2025-07-13T15:10:24.887330Z", "fetched_at": "2025-07-13T15:10:49.619852+00:00", "symbol": "ETH-USD"}, {"trade_id": 666277614, "side": "buy", "size": "0.00285833", "price": "2996.87000000", "time": "2025-07-13T15:10:24.874984Z", "fetched_at": "2025-07-13T15:10:49.619852+00:00", "symbol": "ETH-USD"}, {"trade_id": 666277613, "side": "buy", "size": "0.00285833", "price": "2996.87000000", "time": "2025-07-13T15:10:24.862507Z", "fetched_at": "2025-07-13T15:10:49.619852+00:00", "symbol": "ETH-USD"}, {"trade_id": 666277612, "side": "buy", "size": "0.00285830", "price": "2996.90000000", "time": "2025-07-13T15:10:24.851259Z", "fetched_at": "2025-07-13T15:10:49.619852+00:00", "symbol": "ETH-USD"}, {"trade_id": 666277611, "side": "buy", "size": "0.00285830", "price": "2996.90000000", "time": "2025-07-13T15:10:24.835274Z", "fetched_at": "2025-07-13T15:10:49.619852+00:00", "symbol": "ETH-USD"}, {"trade_id": 666277610, "side": "buy", "size": "0.00285830", "price": "2996.90000000", "time": "2025-07-13T15:10:24.818928Z", "fetched_at": "2025-07-13T15:10:49.619852+00:00", "symbol": "ETH-USD"}, {"trade_id": 666277609, "side": "buy", "size": "0.00285830", "price": "2996.90000000", "time": "2025-07-13T15:10:24.806558Z", "fetched_at": "2025-07-13T15:10:49.619852+00:00", "symbol": "ETH-USD"}, {"trade_id": 666277608, "side": "buy", "size": "0.00250000", "price": "2996.90000000", "time": "2025-07-13T15:10:24.806558Z", "fetched_at": "2025-07-13T15:10:49.619852+00:00", "symbol": "ETH-USD"}, {"trade_id": 666277607, "side": "buy", "size": "0.00000667", "price": "2996.90000000", "time": "2025-07-13T15:10:24.806558Z", "fetched_at": "2025-07-13T15:10:49.619852+00:00", "symbol": "ETH-USD"}, {"trade_id": 666277606, "side": "buy", "size": "0.00285830", "price": "2996.90000000", "time": "2025-07-13T15:10:24.015760Z", "fetched_at": "2025-07-13T15:10:49.619852+00:00", "symbol": "ETH-USD"}, {"trade_id": 666277605, "side": "buy", "size": "0.00285830", "price": "2996.90000000", "time": "2025-07-13T15:10:23.908746Z", "fetched_at": "2025-07-13T15:10:49.619852+00:00", "symbol": "ETH-USD"}, {"trade_id": 666277604, "side": "buy", "size": "0.00285830", "price": "2996.90000000", "time": "2025-07-13T15:10:23.896700Z", "fetched_at": "2025-07-13T15:10:49.619852+00:00", "symbol": "ETH-USD"}, {"trade_id": 666277603, "side": "buy", "size": "0.00285838", "price": "2996.82000000", "time": "2025-07-13T15:10:23.885923Z", "fetched_at": "2025-07-13T15:10:49.619852+00:00", "symbol": "ETH-USD"}, {"trade_id": 666277602, "side": "buy", "size": "0.04872669", "price": "2996.92000000", "time": "2025-07-13T15:10:23.874064Z", "fetched_at": "2025-07-13T15:10:49.619852+00:00", "symbol": "ETH-USD"}, {"trade_id": 666277601, "side": "buy", "size": "0.00000667", "price": "2996.92000000", "time": "2025-07-13T15:10:23.874064Z", "fetched_at": "2025-07-13T15:10:49.619852+00:00", "symbol": "ETH-USD"}, {"trade_id": 666277600, "side": "buy", "size": "0.00285827", "price": "2996.94000000", "time": "2025-07-13T15:10:23.874064Z", "fetched_at": "2025-07-13T15:10:49.619852+00:00", "symbol": "ETH-USD"}, {"trade_id": 666277599, "side": "buy", "size": "0.00000333", "price": "2996.94000000", "time": "2025-07-13T15:10:23.863763Z", "fetched_at": "2025-07-13T15:10:49.619852+00:00", "symbol": "ETH-USD"}, {"trade_id": 666277598, "side": "buy", "size": "0.00285827", "price": "2996.94000000", "time": "2025-07-13T15:10:23.863763Z", "fetched_at": "2025-07-13T15:10:49.619852+00:00", "symbol": "ETH-USD"}, {"trade_id": 666277597, "side": "buy", "size": "0.00285821", "price": "2997.00000000", "time": "2025-07-13T15:10:23.250009Z", "fetched_at": "2025-07-13T15:10:49.619852+00:00", "symbol": "ETH-USD"}, {"trade_id": 666277596, "side": "buy", "size": "0.00285821", "price": "2997.00000000", "time": "2025-07-13T15:10:23.237398Z", "fetched_at": "2025-07-13T15:10:49.619852+00:00", "symbol": "ETH-USD"}, {"trade_id": 666277595, "side": "buy", "size": "0.00285821", "price": "2997.00000000", "time": "2025-07-13T15:10:23.227460Z", "fetched_at": "2025-07-13T15:10:49.619852+00:00", "symbol": "ETH-USD"}, {"trade_id": 666277594, "side": "buy", "size": "0.00285821", "price": "2997.00000000", "time": "2025-07-13T15:10:23.213547Z", "fetched_at": "2025-07-13T15:10:49.619852+00:00", "symbol": "ETH-USD"}, {"trade_id": 666277593, "side": "buy", "size": "0.00285821", "price": "2997.00000000", "time": "2025-07-13T15:10:23.203451Z", "fetched_at": "2025-07-13T15:10:49.619852+00:00", "symbol": "ETH-USD"}, {"trade_id": 666277592, "side": "buy", "size": "0.00285821", "price": "2997.00000000", "time": "2025-07-13T15:10:23.191514Z", "fetched_at": "2025-07-13T15:10:49.619852+00:00", "symbol": "ETH-USD"}, {"trade_id": 666277591, "side": "sell", "size": "0.00000333", "price": "2997.02000000", "time": "2025-07-13T15:10:22.801417Z", "fetched_at": "2025-07-13T15:10:49.619852+00:00", "symbol": "ETH-USD"}, {"trade_id": 666277590, "side": "sell", "size": "0.00444104", "price": "2997.03000000", "time": "2025-07-13T15:10:22.785275Z", "fetched_at": "2025-07-13T15:10:49.619852+00:00", "symbol": "ETH-USD"}, {"trade_id": 666277589, "side": "sell", "size": "0.00200616", "price": "2997.02000000", "time": "2025-07-13T15:10:22.785275Z", "fetched_at": "2025-07-13T15:10:49.619852+00:00", "symbol": "ETH-USD"}, {"trade_id": 666277588, "side": "sell", "size": "0.00010276", "price": "2997.00000000", "time": "2025-07-13T15:10:22.785275Z", "fetched_at": "2025-07-13T15:10:49.619852+00:00", "symbol": "ETH-USD"}, {"trade_id": 666277587, "side": "sell", "size": "0.00013341", "price": "2997.00000000", "time": "2025-07-13T15:10:22.783665Z", "fetched_at": "2025-07-13T15:10:49.619852+00:00", "symbol": "ETH-USD"}, {"trade_id": 666277586, "side": "sell", "size": "0.33020262", "price": "2996.93000000", "time": "2025-07-13T15:10:22.765771Z", "fetched_at": "2025-07-13T15:10:49.619852+00:00", "symbol": "ETH-USD"}, {"trade_id": 666277585, "side": "buy", "size": "0.02144708", "price": "2996.75000000", "time": "2025-07-13T15:10:22.240073Z", "fetched_at": "2025-07-13T15:10:49.619852+00:00", "symbol": "ETH-USD"}, {"trade_id": 666277584, "side": "buy", "size": "0.10000000", "price": "2996.81000000", "time": "2025-07-13T15:10:22.240073Z", "fetched_at": "2025-07-13T15:10:49.619852+00:00", "symbol": "ETH-USD"}, {"trade_id": 666277583, "side": "buy", "size": "0.44717966", "price": "2996.83000000", "time": "2025-07-13T15:10:22.240073Z", "fetched_at": "2025-07-13T15:10:49.619852+00:00", "symbol": "ETH-USD"}, {"trade_id": 666277582, "side": "buy", "size": "0.10533000", "price": "2996.92000000", "time": "2025-07-13T15:10:22.240073Z", "fetched_at": "2025-07-13T15:10:49.619852+00:00", "symbol": "ETH-USD"}, {"trade_id": 666277581, "side": "buy", "size": "0.00050000", "price": "2996.92000000", "time": "2025-07-13T15:10:22.003223Z", "fetched_at": "2025-07-13T15:10:49.619852+00:00", "symbol": "ETH-USD"}, {"trade_id": 666277580, "side": "buy", "size": "0.00202723", "price": "2996.93000000", "time": "2025-07-13T15:10:21.991519Z", "fetched_at": "2025-07-13T15:10:49.619852+00:00", "symbol": "ETH-USD"}, {"trade_id": 666277579, "side": "buy", "size": "0.35563916", "price": "2996.78000000", "time": "2025-07-13T15:10:21.977182Z", "fetched_at": "2025-07-13T15:10:49.619852+00:00", "symbol": "ETH-USD"}, {"trade_id": 666277578, "side": "buy", "size": "0.00100000", "price": "2996.84000000", "time": "2025-07-13T15:10:21.977182Z", "fetched_at": "2025-07-13T15:10:49.619852+00:00", "symbol": "ETH-USD"}, {"trade_id": 666277577, "side": "buy", "size": "0.00105183", "price": "2996.96000000", "time": "2025-07-13T15:10:21.977182Z", "fetched_at": "2025-07-13T15:10:49.619852+00:00", "symbol": "ETH-USD"}, {"trade_id": 666277576, "side": "buy", "size": "0.00100000", "price": "2996.96000000", "time": "2025-07-13T15:10:21.966579Z", "fetched_at": "2025-07-13T15:10:49.619852+00:00", "symbol": "ETH-USD"}, {"trade_id": 666277575, "side": "buy", "size": "0.00204141", "price": "2996.99000000", "time": "2025-07-13T15:10:21.944628Z", "fetched_at": "2025-07-13T15:10:49.619852+00:00", "symbol": "ETH-USD"}, {"trade_id": 666277574, "side": "buy", "size": "0.00204141", "price": "2996.99000000", "time": "2025-07-13T15:10:21.934375Z", "fetched_at": "2025-07-13T15:10:49.619852+00:00", "symbol": "ETH-USD"}, {"trade_id": 666277573, "side": "buy", "size": "0.00219646", "price": "2997.03000000", "time": "2025-07-13T15:10:21.858737Z", "fetched_at": "2025-07-13T15:10:49.619852+00:00", "symbol": "ETH-USD"}, {"trade_id": 666277572, "side": "buy", "size": "0.00219646", "price": "2997.03000000", "time": "2025-07-13T15:10:21.826810Z", "fetched_at": "2025-07-13T15:10:49.619852+00:00", "symbol": "ETH-USD"}, {"trade_id": 666277571, "side": "buy", "size": "0.00219648", "price": "2997.00000000", "time": "2025-07-13T15:10:21.808245Z", "fetched_at": "2025-07-13T15:10:49.619852+00:00", "symbol": "ETH-USD"}, {"trade_id": 666277570, "side": "buy", "size": "0.00219646", "price": "2997.03000000", "time": "2025-07-13T15:10:21.784592Z", "fetched_at": "2025-07-13T15:10:49.619852+00:00", "symbol": "ETH-USD"}, {"trade_id": 666277569, "side": "buy", "size": "0.01866180", "price": "2997.03000000", "time": "2025-07-13T15:10:21.774388Z", "fetched_at": "2025-07-13T15:10:49.619852+00:00", "symbol": "ETH-USD"}, {"trade_id": 666277568, "side": "buy", "size": "0.00219646", "price": "2997.03000000", "time": "2025-07-13T15:10:21.774388Z", "fetched_at": "2025-07-13T15:10:49.619852+00:00", "symbol": "ETH-USD"}, {"trade_id": 666277567, "side": "buy", "size": "0.02793000", "price": "2997.03000000", "time": "2025-07-13T15:10:21.774388Z", "fetched_at": "2025-07-13T15:10:49.619852+00:00", "symbol": "ETH-USD"}, {"trade_id": 666277566, "side": "buy", "size": "0.07313240", "price": "2997.03000000", "time": "2025-07-13T15:10:21.774388Z", "fetched_at": "2025-07-13T15:10:49.619852+00:00", "symbol": "ETH-USD"}, {"trade_id": 666277565, "side": "buy", "size": "0.00201486", "price": "2997.04000000", "time": "2025-07-13T15:10:20.669833Z", "fetched_at": "2025-07-13T15:10:49.619852+00:00", "symbol": "ETH-USD"}, {"trade_id": 666277564, "side": "sell", "size": "0.03097594", "price": "2997.05000000", "time": "2025-07-13T15:10:20.633789Z", "fetched_at": "2025-07-13T15:10:49.619852+00:00", "symbol": "ETH-USD"}, {"trade_id": 666277563, "side": "sell", "size": "0.00143544", "price": "2997.04000000", "time": "2025-07-13T15:10:20.633789Z", "fetched_at": "2025-07-13T15:10:49.619852+00:00", "symbol": "ETH-USD"}, {"trade_id": 666277562, "side": "sell", "size": "0.02021000", "price": "2996.89000000", "time": "2025-07-13T15:10:20.587569Z", "fetched_at": "2025-07-13T15:10:49.619852+00:00", "symbol": "ETH-USD"}, {"trade_id": 666277561, "side": "buy", "size": "0.00225865", "price": "2997.11000000", "time": "2025-07-13T15:10:20.561999Z", "fetched_at": "2025-07-13T15:10:49.619852+00:00", "symbol": "ETH-USD"}, {"trade_id": 666277560, "side": "buy", "size": "0.00226965", "price": "2997.11000000", "time": "2025-07-13T15:10:20.544640Z", "fetched_at": "2025-07-13T15:10:49.619852+00:00", "symbol": "ETH-USD"}, {"trade_id": 666277559, "side": "buy", "size": "0.43562672", "price": "2996.99000000", "time": "2025-07-13T15:10:20.533969Z", "fetched_at": "2025-07-13T15:10:49.619852+00:00", "symbol": "ETH-USD"}, {"trade_id": 666277558, "side": "buy", "size": "0.05226485", "price": "2997.00000000", "time": "2025-07-13T15:10:20.522766Z", "fetched_at": "2025-07-13T15:10:49.619852+00:00", "symbol": "ETH-USD"}, {"trade_id": 666277557, "side": "buy", "size": "0.00226973", "price": "2997.00000000", "time": "2025-07-13T15:10:20.522766Z", "fetched_at": "2025-07-13T15:10:49.619852+00:00", "symbol": "ETH-USD"}, {"trade_id": 666277556, "side": "buy", "size": "0.04527766", "price": "2997.04000000", "time": "2025-07-13T15:10:20.508218Z", "fetched_at": "2025-07-13T15:10:49.619852+00:00", "symbol": "ETH-USD"}, {"trade_id": 666277555, "side": "buy", "size": "0.00230139", "price": "2997.05000000", "time": "2025-07-13T15:10:20.508218Z", "fetched_at": "2025-07-13T15:10:49.619852+00:00", "symbol": "ETH-USD"}, {"trade_id": 666277554, "side": "buy", "size": "0.00616923", "price": "2997.13000000", "time": "2025-07-13T15:10:20.330864Z", "fetched_at": "2025-07-13T15:10:49.619852+00:00", "symbol": "ETH-USD"}, {"trade_id": 666277553, "side": "buy", "size": "0.00231794", "price": "2997.16000000", "time": "2025-07-13T15:10:20.311950Z", "fetched_at": "2025-07-13T15:10:49.619852+00:00", "symbol": "ETH-USD"}, {"trade_id": 666277552, "side": "buy", "size": "0.00231791", "price": "2997.19000000", "time": "2025-07-13T15:10:20.290002Z", "fetched_at": "2025-07-13T15:10:49.619852+00:00", "symbol": "ETH-USD"}, {"trade_id": 666277551, "side": "buy", "size": "0.00231791", "price": "2997.19000000", "time": "2025-07-13T15:10:20.277563Z", "fetched_at": "2025-07-13T15:10:49.619852+00:00", "symbol": "ETH-USD"}, {"trade_id": 666277550, "side": "buy", "size": "0.00002335", "price": "2997.22000000", "time": "2025-07-13T15:10:20.255868Z", "fetched_at": "2025-07-13T15:10:49.619852+00:00", "symbol": "ETH-USD"}, {"trade_id": 666277549, "side": "buy", "size": "0.00357331", "price": "2997.22000000", "time": "2025-07-13T15:10:20.209679Z", "fetched_at": "2025-07-13T15:10:49.619852+00:00", "symbol": "ETH-USD"}, {"trade_id": 666277548, "side": "buy", "size": "0.06678188", "price": "2997.22000000", "time": "2025-07-13T15:10:20.209679Z", "fetched_at": "2025-07-13T15:10:49.619852+00:00", "symbol": "ETH-USD"}, {"trade_id": 666277547, "side": "buy", "size": "0.00178831", "price": "2997.23000000", "time": "2025-07-13T15:10:20.184136Z", "fetched_at": "2025-07-13T15:10:49.619852+00:00", "symbol": "ETH-USD"}, {"trade_id": 666277546, "side": "buy", "size": "0.00232570", "price": "2997.33000000", "time": "2025-07-13T15:10:20.184136Z", "fetched_at": "2025-07-13T15:10:49.619852+00:00", "symbol": "ETH-USD"}, {"trade_id": 666277545, "side": "buy", "size": "0.00053739", "price": "2997.25000000", "time": "2025-07-13T15:10:20.172683Z", "fetched_at": "2025-07-13T15:10:49.619852+00:00", "symbol": "ETH-USD"}, {"trade_id": 666277544, "side": "buy", "size": "0.05313261", "price": "2997.25000000", "time": "2025-07-13T15:10:20.162538Z", "fetched_at": "2025-07-13T15:10:49.619852+00:00", "symbol": "ETH-USD"}, {"trade_id": 666277543, "side": "buy", "size": "0.00232570", "price": "2997.33000000", "time": "2025-07-13T15:10:20.162538Z", "fetched_at": "2025-07-13T15:10:49.619852+00:00", "symbol": "ETH-USD"}, {"trade_id": 666277542, "side": "buy", "size": "0.00232568", "price": "2997.36000000", "time": "2025-07-13T15:10:20.142292Z", "fetched_at": "2025-07-13T15:10:49.619852+00:00", "symbol": "ETH-USD"}, {"trade_id": 666277541, "side": "buy", "size": "0.00232063", "price": "2997.38000000", "time": "2025-07-13T15:10:20.119032Z", "fetched_at": "2025-07-13T15:10:49.619852+00:00", "symbol": "ETH-USD"}, {"trade_id": 666277540, "side": "buy", "size": "0.00232063", "price": "2997.38000000", "time": "2025-07-13T15:10:20.106958Z", "fetched_at": "2025-07-13T15:10:49.619852+00:00", "symbol": "ETH-USD"}, {"trade_id": 666277539, "side": "buy", "size": "0.00232063", "price": "2997.38000000", "time": "2025-07-13T15:10:20.095385Z", "fetched_at": "2025-07-13T15:10:49.619852+00:00", "symbol": "ETH-USD"}, {"trade_id": 666277538, "side": "buy", "size": "0.00232063", "price": "2997.38000000", "time": "2025-07-13T15:10:20.083381Z", "fetched_at": "2025-07-13T15:10:49.619852+00:00", "symbol": "ETH-USD"}, {"trade_id": 666277537, "side": "buy", "size": "0.00232063", "price": "2997.38000000", "time": "2025-07-13T15:10:20.026235Z", "fetched_at": "2025-07-13T15:10:49.619852+00:00", "symbol": "ETH-USD"}, {"trade_id": 666277536, "side": "buy", "size": "0.00232063", "price": "2997.38000000", "time": "2025-07-13T15:10:20.012110Z", "fetched_at": "2025-07-13T15:10:49.619852+00:00", "symbol": "ETH-USD"}, {"trade_id": 666277535, "side": "buy", "size": "0.00232902", "price": "2997.40000000", "time": "2025-07-13T15:10:19.626151Z", "fetched_at": "2025-07-13T15:10:49.619852+00:00", "symbol": "ETH-USD"}, {"trade_id": 666277534, "side": "buy", "size": "0.00232902", "price": "2997.40000000", "time": "2025-07-13T15:10:19.614401Z", "fetched_at": "2025-07-13T15:10:49.619852+00:00", "symbol": "ETH-USD"}, {"trade_id": 666277533, "side": "buy", "size": "0.00232902", "price": "2997.40000000", "time": "2025-07-13T15:10:19.605804Z", "fetched_at": "2025-07-13T15:10:49.619852+00:00", "symbol": "ETH-USD"}, {"trade_id": 666277532, "side": "buy", "size": "0.00232902", "price": "2997.40000000", "time": "2025-07-13T15:10:19.589863Z", "fetched_at": "2025-07-13T15:10:49.619852+00:00", "symbol": "ETH-USD"}, {"trade_id": 666277531, "side": "buy", "size": "0.00257453", "price": "2997.42000000", "time": "2025-07-13T15:10:19.524252Z", "fetched_at": "2025-07-13T15:10:49.619852+00:00", "symbol": "ETH-USD"}, {"trade_id": 666277530, "side": "buy", "size": "0.00257453", "price": "2997.42000000", "time": "2025-07-13T15:10:19.514156Z", "fetched_at": "2025-07-13T15:10:49.619852+00:00", "symbol": "ETH-USD"}, {"trade_id": 666277529, "side": "sell", "size": "0.06464461", "price": "2997.44000000", "time": "2025-07-13T15:10:19.133513Z", "fetched_at": "2025-07-13T15:10:49.619852+00:00", "symbol": "ETH-USD"}, {"trade_id": 666277528, "side": "sell", "size": "0.00139039", "price": "2997.43000000", "time": "2025-07-13T15:10:19.133513Z", "fetched_at": "2025-07-13T15:10:49.619852+00:00", "symbol": "ETH-USD"}, {"trade_id": 666277527, "side": "buy", "size": "0.00205401", "price": "2997.41000000", "time": "2025-07-13T15:10:18.903283Z", "fetched_at": "2025-07-13T15:10:49.619852+00:00", "symbol": "ETH-USD"}, {"trade_id": 666277526, "side": "sell", "size": "0.00128221", "price": "2997.27000000", "time": "2025-07-13T15:10:18.898665Z", "fetched_at": "2025-07-13T15:10:49.619852+00:00", "symbol": "ETH-USD"}, {"trade_id": 666277525, "side": "buy", "size": "0.00277484", "price": "2997.39000000", "time": "2025-07-13T15:10:17.784894Z", "fetched_at": "2025-07-13T15:10:49.619852+00:00", "symbol": "ETH-USD"}, {"trade_id": 666277524, "side": "buy", "size": "0.02257289", "price": "2997.40000000", "time": "2025-07-13T15:10:17.737996Z", "fetched_at": "2025-07-13T15:10:49.619852+00:00", "symbol": "ETH-USD"}, {"trade_id": 666277523, "side": "buy", "size": "0.01562362", "price": "2997.40000000", "time": "2025-07-13T15:10:17.737996Z", "fetched_at": "2025-07-13T15:10:49.619852+00:00", "symbol": "ETH-USD"}, {"trade_id": 666277522, "side": "buy", "size": "0.05997000", "price": "2997.41000000", "time": "2025-07-13T15:10:17.737996Z", "fetched_at": "2025-07-13T15:10:49.619852+00:00", "symbol": "ETH-USD"}, {"trade_id": 666277521, "side": "sell", "size": "0.00000330", "price": "2997.46000000", "time": "2025-07-13T15:10:17.005789Z", "fetched_at": "2025-07-13T15:10:49.619852+00:00", "symbol": "ETH-USD"}, {"trade_id": 666277520, "side": "buy", "size": "0.00459881", "price": "2997.41000000", "time": "2025-07-13T15:10:15.913094Z", "fetched_at": "2025-07-13T15:10:49.619852+00:00", "symbol": "ETH-USD"}, {"trade_id": 666277519, "side": "sell", "size": "0.00100000", "price": "2997.94000000", "time": "2025-07-13T15:10:15.911647Z", "fetched_at": "2025-07-13T15:10:49.619852+00:00", "symbol": "ETH-USD"}, {"trade_id": 666277518, "side": "sell", "size": "0.24269000", "price": "2997.80000000", "time": "2025-07-13T15:10:15.911647Z", "fetched_at": "2025-07-13T15:10:49.619852+00:00", "symbol": "ETH-USD"}, {"trade_id": 666277517, "side": "sell", "size": "0.16679915", "price": "2997.62000000", "time": "2025-07-13T15:10:15.911647Z", "fetched_at": "2025-07-13T15:10:49.619852+00:00", "symbol": "ETH-USD"}, {"trade_id": 666277516, "side": "sell", "size": "0.00111394", "price": "2997.42000000", "time": "2025-07-13T15:10:15.911647Z", "fetched_at": "2025-07-13T15:10:49.619852+00:00", "symbol": "ETH-USD"}, {"trade_id": 666277515, "side": "sell", "size": "0.40128807", "price": "2997.83000000", "time": "2025-07-13T15:10:15.887297Z", "fetched_at": "2025-07-13T15:10:49.619852+00:00", "symbol": "ETH-USD"}, {"trade_id": 666277514, "side": "sell", "size": "0.40000000", "price": "2997.81000000", "time": "2025-07-13T15:10:15.887297Z", "fetched_at": "2025-07-13T15:10:49.619852+00:00", "symbol": "ETH-USD"}, {"trade_id": 666277513, "side": "sell", "size": "0.20000000", "price": "2997.81000000", "time": "2025-07-13T15:10:15.887297Z", "fetched_at": "2025-07-13T15:10:49.619852+00:00", "symbol": "ETH-USD"}, {"trade_id": 666277512, "side": "sell", "size": "0.80000000", "price": "2997.81000000", "time": "2025-07-13T15:10:15.887297Z", "fetched_at": "2025-07-13T15:10:49.619852+00:00", "symbol": "ETH-USD"}, {"trade_id": 666277511, "side": "sell", "size": "0.40000000", "price": "2997.81000000", "time": "2025-07-13T15:10:15.887297Z", "fetched_at": "2025-07-13T15:10:49.619852+00:00", "symbol": "ETH-USD"}, {"trade_id": 666277510, "side": "sell", "size": "0.20000000", "price": "2997.81000000", "time": "2025-07-13T15:10:15.887297Z", "fetched_at": "2025-07-13T15:10:49.619852+00:00", "symbol": "ETH-USD"}, {"trade_id": 666277509, "side": "sell", "size": "0.83396714", "price": "2997.72000000", "time": "2025-07-13T15:10:15.887297Z", "fetched_at": "2025-07-13T15:10:49.619852+00:00", "symbol": "ETH-USD"}, {"trade_id": 666277508, "side": "sell", "size": "0.15000000", "price": "2997.71000000", "time": "2025-07-13T15:10:15.887297Z", "fetched_at": "2025-07-13T15:10:49.619852+00:00", "symbol": "ETH-USD"}, {"trade_id": 666277507, "side": "sell", "size": "0.30000000", "price": "2997.70000000", "time": "2025-07-13T15:10:15.887297Z", "fetched_at": "2025-07-13T15:10:49.619852+00:00", "symbol": "ETH-USD"}, {"trade_id": 666277506, "side": "sell", "size": "0.16680321", "price": "2997.55000000", "time": "2025-07-13T15:10:15.887297Z", "fetched_at": "2025-07-13T15:10:49.619852+00:00", "symbol": "ETH-USD"}, {"trade_id": 666277505, "side": "sell", "size": "0.00111394", "price": "2997.41000000", "time": "2025-07-13T15:10:15.887297Z", "fetched_at": "2025-07-13T15:10:49.619852+00:00", "symbol": "ETH-USD"}, {"trade_id": 666277504, "side": "sell", "size": "0.00002340", "price": "2997.41000000", "time": "2025-07-13T15:10:15.887297Z", "fetched_at": "2025-07-13T15:10:49.619852+00:00", "symbol": "ETH-USD"}, {"trade_id": 666277503, "side": "sell", "size": "0.00536014", "price": "2997.61000000", "time": "2025-07-13T15:10:13.978782Z", "fetched_at": "2025-07-13T15:10:49.619852+00:00", "symbol": "ETH-USD"}, {"trade_id": 666277502, "side": "sell", "size": "0.00111892", "price": "2997.51000000", "time": "2025-07-13T15:10:13.978782Z", "fetched_at": "2025-07-13T15:10:49.619852+00:00", "symbol": "ETH-USD"}, {"trade_id": 666277501, "side": "buy", "size": "0.00499015", "price": "2997.46000000", "time": "2025-07-13T15:10:13.557274Z", "fetched_at": "2025-07-13T15:10:49.619852+00:00", "symbol": "ETH-USD"}, {"trade_id": 666277500, "side": "buy", "size": "0.00042362", "price": "2997.40000000", "time": "2025-07-13T15:10:12.915181Z", "fetched_at": "2025-07-13T15:10:49.619852+00:00", "symbol": "ETH-USD"}, {"trade_id": 666277499, "side": "buy", "size": "0.00000667", "price": "2997.40000000", "time": "2025-07-13T15:10:12.915181Z", "fetched_at": "2025-07-13T15:10:49.619852+00:00", "symbol": "ETH-USD"}, {"trade_id": 666277498, "side": "sell", "size": "0.04743721", "price": "2997.60000000", "time": "2025-07-13T15:10:12.700242Z", "fetched_at": "2025-07-13T15:10:49.619852+00:00", "symbol": "ETH-USD"}, {"trade_id": 666277497, "side": "sell", "size": "0.00008236", "price": "2997.56000000", "time": "2025-07-13T15:10:12.700242Z", "fetched_at": "2025-07-13T15:10:49.619852+00:00", "symbol": "ETH-USD"}, {"trade_id": 666277496, "side": "sell", "size": "0.00005587", "price": "2997.56000000", "time": "2025-07-13T15:10:12.700242Z", "fetched_at": "2025-07-13T15:10:49.619852+00:00", "symbol": "ETH-USD"}, {"trade_id": 666277495, "side": "sell", "size": "0.00104293", "price": "2997.41000000", "time": "2025-07-13T15:10:12.700242Z", "fetched_at": "2025-07-13T15:10:49.619852+00:00", "symbol": "ETH-USD"}, {"trade_id": 666277494, "side": "sell", "size": "0.00000334", "price": "2997.56000000", "time": "2025-07-13T15:10:12.596949Z", "fetched_at": "2025-07-13T15:10:49.619852+00:00", "symbol": "ETH-USD"}, {"trade_id": 666277493, "side": "sell", "size": "0.06063124", "price": "2997.60000000", "time": "2025-07-13T15:10:12.438105Z", "fetched_at": "2025-07-13T15:10:49.619852+00:00", "symbol": "ETH-USD"}, {"trade_id": 666277492, "side": "sell", "size": "0.16680395", "price": "2997.54000000", "time": "2025-07-13T15:10:12.438105Z", "fetched_at": "2025-07-13T15:10:49.619852+00:00", "symbol": "ETH-USD"}, {"trade_id": 666277491, "side": "sell", "size": "0.00075796", "price": "2997.41000000", "time": "2025-07-13T15:10:12.438105Z", "fetched_at": "2025-07-13T15:10:49.619852+00:00", "symbol": "ETH-USD"}, {"trade_id": 666277490, "side": "sell", "size": "0.00024002", "price": "2997.41000000", "time": "2025-07-13T15:10:12.438105Z", "fetched_at": "2025-07-13T15:10:49.619852+00:00", "symbol": "ETH-USD"}, {"trade_id": 666277489, "side": "sell", "size": "0.00031001", "price": "2997.41000000", "time": "2025-07-13T15:10:12.438105Z", "fetched_at": "2025-07-13T15:10:49.619852+00:00", "symbol": "ETH-USD"}, {"trade_id": 666277488, "side": "sell", "size": "0.00001608", "price": "2997.41000000", "time": "2025-07-13T15:10:12.438105Z", "fetched_at": "2025-07-13T15:10:49.619852+00:00", "symbol": "ETH-USD"}, {"trade_id": 666277487, "side": "sell", "size": "0.04775565", "price": "2997.54000000", "time": "2025-07-13T15:10:12.055628Z", "fetched_at": "2025-07-13T15:10:49.619852+00:00", "symbol": "ETH-USD"}, {"trade_id": 666277486, "side": "sell", "size": "0.00080391", "price": "2997.41000000", "time": "2025-07-13T15:10:12.055628Z", "fetched_at": "2025-07-13T15:10:49.619852+00:00", "symbol": "ETH-USD"}, {"trade_id": 666277485, "side": "sell", "size": "0.00005589", "price": "2997.41000000", "time": "2025-07-13T15:10:12.055628Z", "fetched_at": "2025-07-13T15:10:49.619852+00:00", "symbol": "ETH-USD"}, {"trade_id": 666277484, "side": "sell", "size": "0.00858583", "price": "2997.54000000", "time": "2025-07-13T15:10:11.332605Z", "fetched_at": "2025-07-13T15:10:49.619852+00:00", "symbol": "ETH-USD"}, {"trade_id": 666277483, "side": "sell", "size": "0.00101324", "price": "2997.53000000", "time": "2025-07-13T15:10:11.332605Z", "fetched_at": "2025-07-13T15:10:49.619852+00:00", "symbol": "ETH-USD"}, {"trade_id": 666277482, "side": "sell", "size": "0.00024004", "price": "2997.41000000", "time": "2025-07-13T15:10:11.332605Z", "fetched_at": "2025-07-13T15:10:49.619852+00:00", "symbol": "ETH-USD"}, {"trade_id": 666277481, "side": "sell", "size": "0.00031003", "price": "2997.41000000", "time": "2025-07-13T15:10:11.332605Z", "fetched_at": "2025-07-13T15:10:49.619852+00:00", "symbol": "ETH-USD"}, {"trade_id": 666277480, "side": "sell", "size": "0.00009206", "price": "2997.41000000", "time": "2025-07-13T15:10:11.332605Z", "fetched_at": "2025-07-13T15:10:49.619852+00:00", "symbol": "ETH-USD"}, {"trade_id": 666277479, "side": "sell", "size": "0.00596590", "price": "2997.41000000", "time": "2025-07-13T15:10:11.332605Z", "fetched_at": "2025-07-13T15:10:49.619852+00:00", "symbol": "ETH-USD"}, {"trade_id": 666277478, "side": "buy", "size": "0.00080559", "price": "2997.40000000", "time": "2025-07-13T15:10:10.999936Z", "fetched_at": "2025-07-13T15:10:49.619852+00:00", "symbol": "ETH-USD"}, {"trade_id": 666277477, "side": "buy", "size": "0.00620506", "price": "2997.55000000", "time": "2025-07-13T15:10:10.105632Z", "fetched_at": "2025-07-13T15:10:49.619852+00:00", "symbol": "ETH-USD"}, {"trade_id": 666277476, "side": "buy", "size": "0.00242821", "price": "2997.56000000", "time": "2025-07-13T15:10:10.105632Z", "fetched_at": "2025-07-13T15:10:49.619852+00:00", "symbol": "ETH-USD"}, {"trade_id": 666277475, "side": "buy", "size": "0.00242821", "price": "2997.56000000", "time": "2025-07-13T15:10:10.095632Z", "fetched_at": "2025-07-13T15:10:49.619852+00:00", "symbol": "ETH-USD"}, {"trade_id": 666277474, "side": "buy", "size": "0.03386393", "price": "2997.88000000", "time": "2025-07-13T15:10:09.983237Z", "fetched_at": "2025-07-13T15:10:49.619852+00:00", "symbol": "ETH-USD"}, {"trade_id": 666277473, "side": "buy", "size": "0.60000000", "price": "2997.87000000", "time": "2025-07-13T15:10:09.954635Z", "fetched_at": "2025-07-13T15:10:49.619852+00:00", "symbol": "ETH-USD"}, {"trade_id": 666277472, "side": "buy", "size": "0.00243671", "price": "2997.88000000", "time": "2025-07-13T15:10:09.954635Z", "fetched_at": "2025-07-13T15:10:49.619852+00:00", "symbol": "ETH-USD"}, {"trade_id": 666277471, "side": "buy", "size": "0.60000000", "price": "2997.93000000", "time": "2025-07-13T15:10:09.944302Z", "fetched_at": "2025-07-13T15:10:49.619852+00:00", "symbol": "ETH-USD"}, {"trade_id": 666277470, "side": "buy", "size": "0.30850034", "price": "2998.07000000", "time": "2025-07-13T15:10:09.944302Z", "fetched_at": "2025-07-13T15:10:49.619852+00:00", "symbol": "ETH-USD"}, {"trade_id": 666277469, "side": "buy", "size": "0.60000000", "price": "2998.07000000", "time": "2025-07-13T15:10:09.944302Z", "fetched_at": "2025-07-13T15:10:49.619852+00:00", "symbol": "ETH-USD"}, {"trade_id": 666277468, "side": "buy", "size": "0.00243654", "price": "2998.15000000", "time": "2025-07-13T15:10:09.944302Z", "fetched_at": "2025-07-13T15:10:49.619852+00:00", "symbol": "ETH-USD"}, {"trade_id": 666277467, "side": "buy", "size": "0.00144424", "price": "2998.10000000", "time": "2025-07-13T15:10:09.934370Z", "fetched_at": "2025-07-13T15:10:49.619852+00:00", "symbol": "ETH-USD"}, {"trade_id": 666277466, "side": "buy", "size": "0.06026700", "price": "2998.14000000", "time": "2025-07-13T15:10:09.934370Z", "fetched_at": "2025-07-13T15:10:49.619852+00:00", "symbol": "ETH-USD"}, {"trade_id": 666277465, "side": "buy", "size": "0.00243654", "price": "2998.15000000", "time": "2025-07-13T15:10:09.934370Z", "fetched_at": "2025-07-13T15:10:49.619852+00:00", "symbol": "ETH-USD"}, {"trade_id": 666277464, "side": "sell", "size": "0.00010335", "price": "2997.83000000", "time": "2025-07-13T15:10:09.664636Z", "fetched_at": "2025-07-13T15:10:49.619852+00:00", "symbol": "ETH-USD"}, {"trade_id": 666277463, "side": "buy", "size": "0.10533000", "price": "2998.29000000", "time": "2025-07-13T15:10:09.527834Z", "fetched_at": "2025-07-13T15:10:49.619852+00:00", "symbol": "ETH-USD"}, {"trade_id": 666277462, "side": "buy", "size": "0.11087000", "price": "2998.35000000", "time": "2025-07-13T15:10:09.516773Z", "fetched_at": "2025-07-13T15:10:49.619852+00:00", "symbol": "ETH-USD"}, {"trade_id": 666277461, "side": "buy", "size": "0.04712000", "price": "2998.05000000", "time": "2025-07-13T15:10:09.489684Z", "fetched_at": "2025-07-13T15:10:49.619852+00:00", "symbol": "ETH-USD"}, {"trade_id": 666277460, "side": "buy", "size": "0.16630000", "price": "2998.11000000", "time": "2025-07-13T15:10:09.489684Z", "fetched_at": "2025-07-13T15:10:49.619852+00:00", "symbol": "ETH-USD"}, {"trade_id": 666277459, "side": "buy", "size": "0.11087000", "price": "2998.27000000", "time": "2025-07-13T15:10:09.489684Z", "fetched_at": "2025-07-13T15:10:49.619852+00:00", "symbol": "ETH-USD"}, {"trade_id": 666277458, "side": "sell", "size": "3.48543386", "price": "2998.36000000", "time": "2025-07-13T15:10:09.484787Z", "fetched_at": "2025-07-13T15:10:49.619852+00:00", "symbol": "ETH-USD"}, {"trade_id": 666277457, "side": "sell", "size": "0.31204904", "price": "2998.28000000", "time": "2025-07-13T15:10:09.484787Z", "fetched_at": "2025-07-13T15:10:49.619852+00:00", "symbol": "ETH-USD"}, {"trade_id": 666277456, "side": "sell", "size": "0.30723702", "price": "2998.28000000", "time": "2025-07-13T15:10:09.484787Z", "fetched_at": "2025-07-13T15:10:49.619852+00:00", "symbol": "ETH-USD"}, {"trade_id": 666277455, "side": "sell", "size": "0.13918385", "price": "2998.12000000", "time": "2025-07-13T15:10:09.484787Z", "fetched_at": "2025-07-13T15:10:49.619852+00:00", "symbol": "ETH-USD"}, {"trade_id": 666277454, "side": "sell", "size": "2.30328618", "price": "2998.10000000", "time": "2025-07-13T15:10:09.484787Z", "fetched_at": "2025-07-13T15:10:49.619852+00:00", "symbol": "ETH-USD"}, {"trade_id": 666277453, "side": "sell", "size": "2.70075875", "price": "2998.10000000", "time": "2025-07-13T15:10:09.482990Z", "fetched_at": "2025-07-13T15:10:49.619852+00:00", "symbol": "ETH-USD"}, {"trade_id": 666277452, "side": "sell", "size": "0.45900000", "price": "2998.06000000", "time": "2025-07-13T15:10:09.482500Z", "fetched_at": "2025-07-13T15:10:49.619852+00:00", "symbol": "ETH-USD"}, {"trade_id": 666277451, "side": "sell", "size": "0.29786006", "price": "2998.05000000", "time": "2025-07-13T15:10:09.482500Z", "fetched_at": "2025-07-13T15:10:49.619852+00:00", "symbol": "ETH-USD"}, {"trade_id": 666277450, "side": "sell", "size": "0.83395404", "price": "2997.77000000", "time": "2025-07-13T15:10:09.481241Z", "fetched_at": "2025-07-13T15:10:49.619852+00:00", "symbol": "ETH-USD"}, {"trade_id": 666277449, "side": "sell", "size": "0.00011177", "price": "2997.76000000", "time": "2025-07-13T15:10:09.481241Z", "fetched_at": "2025-07-13T15:10:49.619852+00:00", "symbol": "ETH-USD"}, {"trade_id": 666277448, "side": "sell", "size": "0.00031005", "price": "2997.76000000", "time": "2025-07-13T15:10:09.481241Z", "fetched_at": "2025-07-13T15:10:49.619852+00:00", "symbol": "ETH-USD"}, {"trade_id": 666277447, "side": "sell", "size": "0.01680497", "price": "2997.75000000", "time": "2025-07-13T15:10:09.481241Z", "fetched_at": "2025-07-13T15:10:49.619852+00:00", "symbol": "ETH-USD"}, {"trade_id": 666277446, "side": "sell", "size": "0.35677667", "price": "2997.74000000", "time": "2025-07-13T15:10:09.481241Z", "fetched_at": "2025-07-13T15:10:49.619852+00:00", "symbol": "ETH-USD"}, {"trade_id": 666277445, "side": "sell", "size": "0.40000000", "price": "2997.70000000", "time": "2025-07-13T15:10:09.481241Z", "fetched_at": "2025-07-13T15:10:49.619852+00:00", "symbol": "ETH-USD"}, {"trade_id": 666277444, "side": "sell", "size": "0.20000000", "price": "2997.70000000", "time": "2025-07-13T15:10:09.481241Z", "fetched_at": "2025-07-13T15:10:49.619852+00:00", "symbol": "ETH-USD"}, {"trade_id": 666277443, "side": "sell", "size": "0.80000000", "price": "2997.70000000", "time": "2025-07-13T15:10:09.481241Z", "fetched_at": "2025-07-13T15:10:49.619852+00:00", "symbol": "ETH-USD"}, {"trade_id": 666277442, "side": "sell", "size": "0.83397827", "price": "2997.68000000", "time": "2025-07-13T15:10:09.481241Z", "fetched_at": "2025-07-13T15:10:49.619852+00:00", "symbol": "ETH-USD"}, {"trade_id": 666277441, "side": "sell", "size": "0.45900000", "price": "2997.65000000", "time": "2025-07-13T15:10:09.481241Z", "fetched_at": "2025-07-13T15:10:49.619852+00:00", "symbol": "ETH-USD"}, {"trade_id": 666277440, "side": "sell", "size": "0.20000000", "price": "2997.57000000", "time": "2025-07-13T15:10:09.481241Z", "fetched_at": "2025-07-13T15:10:49.619852+00:00", "symbol": "ETH-USD"}, {"trade_id": 666277439, "side": "sell", "size": "0.40000000", "price": "2997.57000000", "time": "2025-07-13T15:10:09.481241Z", "fetched_at": "2025-07-13T15:10:49.619852+00:00", "symbol": "ETH-USD"}, {"trade_id": 666277438, "side": "sell", "size": "0.15000000", "price": "2997.56000000", "time": "2025-07-13T15:10:09.481241Z", "fetched_at": "2025-07-13T15:10:49.619852+00:00", "symbol": "ETH-USD"}, {"trade_id": 666277437, "side": "sell", "size": "0.52496495", "price": "2997.55000000", "time": "2025-07-13T15:10:09.481241Z", "fetched_at": "2025-07-13T15:10:49.619852+00:00", "symbol": "ETH-USD"}, {"trade_id": 666277436, "side": "sell", "size": "0.00103399", "price": "2997.54000000", "time": "2025-07-13T15:10:09.481241Z", "fetched_at": "2025-07-13T15:10:49.619852+00:00", "symbol": "ETH-USD"}, {"trade_id": 666277435, "side": "buy", "size": "0.03293082", "price": "2997.01000000", "time": "2025-07-13T15:10:08.971357Z", "fetched_at": "2025-07-13T15:10:49.619852+00:00", "symbol": "ETH-USD"}, {"trade_id": 666277434, "side": "buy", "size": "0.36914663", "price": "2997.04000000", "time": "2025-07-13T15:10:08.971357Z", "fetched_at": "2025-07-13T15:10:49.619852+00:00", "symbol": "ETH-USD"}, {"trade_id": 666277433, "side": "buy", "size": "0.02141527", "price": "2997.05000000", "time": "2025-07-13T15:10:08.971357Z", "fetched_at": "2025-07-13T15:10:49.619852+00:00", "symbol": "ETH-USD"}, {"trade_id": 666277432, "side": "buy", "size": "0.00100000", "price": "2997.06000000", "time": "2025-07-13T15:10:08.971357Z", "fetched_at": "2025-07-13T15:10:49.619852+00:00", "symbol": "ETH-USD"}, {"trade_id": 666277431, "side": "buy", "size": "0.00100000", "price": "2997.28000000", "time": "2025-07-13T15:10:08.971357Z", "fetched_at": "2025-07-13T15:10:49.619852+00:00", "symbol": "ETH-USD"}, {"trade_id": 666277430, "side": "buy", "size": "0.00245107", "price": "2997.32000000", "time": "2025-07-13T15:10:08.971357Z", "fetched_at": "2025-07-13T15:10:49.619852+00:00", "symbol": "ETH-USD"}, {"trade_id": 666277429, "side": "buy", "size": "0.00100000", "price": "2997.50000000", "time": "2025-07-13T15:10:08.971357Z", "fetched_at": "2025-07-13T15:10:49.619852+00:00", "symbol": "ETH-USD"}, {"trade_id": 666277428, "side": "buy", "size": "0.00100000", "price": "2997.72000000", "time": "2025-07-13T15:10:08.959579Z", "fetched_at": "2025-07-13T15:10:49.619852+00:00", "symbol": "ETH-USD"}, {"trade_id": 666277427, "side": "buy", "size": "0.20000573", "price": "2997.75000000", "time": "2025-07-13T15:10:08.950586Z", "fetched_at": "2025-07-13T15:10:49.619852+00:00", "symbol": "ETH-USD"}, {"trade_id": 666277426, "side": "buy", "size": "0.40977903", "price": "2997.75000000", "time": "2025-07-13T15:10:08.950586Z", "fetched_at": "2025-07-13T15:10:49.619852+00:00", "symbol": "ETH-USD"}, {"trade_id": 666277425, "side": "buy", "size": "0.00100000", "price": "2997.94000000", "time": "2025-07-13T15:10:08.578604Z", "fetched_at": "2025-07-13T15:10:49.619852+00:00", "symbol": "ETH-USD"}, {"trade_id": 666277424, "side": "buy", "size": "0.01605403", "price": "2998.00000000", "time": "2025-07-13T15:10:08.207289Z", "fetched_at": "2025-07-13T15:10:49.619852+00:00", "symbol": "ETH-USD"}, {"trade_id": 666277423, "side": "buy", "size": "0.00110000", "price": "2998.00000000", "time": "2025-07-13T15:10:08.207289Z", "fetched_at": "2025-07-13T15:10:49.619852+00:00", "symbol": "ETH-USD"}, {"trade_id": 666277422, "side": "buy", "size": "0.00143762", "price": "2998.00000000", "time": "2025-07-13T15:10:08.207289Z", "fetched_at": "2025-07-13T15:10:49.619852+00:00", "symbol": "ETH-USD"}, {"trade_id": 666277421, "side": "buy", "size": "0.00125083", "price": "2998.00000000", "time": "2025-07-13T15:10:08.207289Z", "fetched_at": "2025-07-13T15:10:49.619852+00:00", "symbol": "ETH-USD"}, {"trade_id": 666277420, "side": "buy", "size": "0.01604402", "price": "2998.00000000", "time": "2025-07-13T15:10:08.207289Z", "fetched_at": "2025-07-13T15:10:49.619852+00:00", "symbol": "ETH-USD"}, {"trade_id": 666277419, "side": "buy", "size": "0.04278852", "price": "2998.00000000", "time": "2025-07-13T15:10:08.207289Z", "fetched_at": "2025-07-13T15:10:49.619852+00:00", "symbol": "ETH-USD"}, {"trade_id": 666277418, "side": "buy", "size": "0.00196130", "price": "2998.00000000", "time": "2025-07-13T15:10:08.207289Z", "fetched_at": "2025-07-13T15:10:49.619852+00:00", "symbol": "ETH-USD"}, {"trade_id": 666277417, "side": "buy", "size": "0.00196130", "price": "2998.00000000", "time": "2025-07-13T15:10:08.207289Z", "fetched_at": "2025-07-13T15:10:49.619852+00:00", "symbol": "ETH-USD"}, {"trade_id": 666277416, "side": "buy", "size": "0.00368245", "price": "2998.00000000", "time": "2025-07-13T15:10:08.207289Z", "fetched_at": "2025-07-13T15:10:49.619852+00:00", "symbol": "ETH-USD"}, {"trade_id": 666277415, "side": "buy", "size": "0.00440564", "price": "2998.00000000", "time": "2025-07-13T15:10:08.207289Z", "fetched_at": "2025-07-13T15:10:49.619852+00:00", "symbol": "ETH-USD"}, {"trade_id": 666277414, "side": "sell", "size": "0.39034555", "price": "2998.09000000", "time": "2025-07-13T15:10:08.024181Z", "fetched_at": "2025-07-13T15:10:49.619852+00:00", "symbol": "ETH-USD"}, {"trade_id": 666277413, "side": "sell", "size": "0.40000000", "price": "2998.06000000", "time": "2025-07-13T15:10:08.024181Z", "fetched_at": "2025-07-13T15:10:49.619852+00:00", "symbol": "ETH-USD"}, {"trade_id": 666277412, "side": "sell", "size": "0.20000000", "price": "2998.06000000", "time": "2025-07-13T15:10:08.024181Z", "fetched_at": "2025-07-13T15:10:49.619852+00:00", "symbol": "ETH-USD"}, {"trade_id": 666277411, "side": "sell", "size": "0.40000000", "price": "2998.06000000", "time": "2025-07-13T15:10:08.024181Z", "fetched_at": "2025-07-13T15:10:49.619852+00:00", "symbol": "ETH-USD"}, {"trade_id": 666277410, "side": "sell", "size": "0.20000000", "price": "2998.06000000", "time": "2025-07-13T15:10:08.024181Z", "fetched_at": "2025-07-13T15:10:49.619852+00:00", "symbol": "ETH-USD"}, {"trade_id": 666277409, "side": "sell", "size": "0.30000000", "price": "2998.05000000", "time": "2025-07-13T15:10:08.024181Z", "fetched_at": "2025-07-13T15:10:49.619852+00:00", "symbol": "ETH-USD"}, {"trade_id": 666277408, "side": "sell", "size": "0.30000000", "price": "2998.04000000", "time": "2025-07-13T15:10:08.024181Z", "fetched_at": "2025-07-13T15:10:49.619852+00:00", "symbol": "ETH-USD"}, {"trade_id": 666277407, "side": "sell", "size": "0.16677673", "price": "2998.02000000", "time": "2025-07-13T15:10:08.024181Z", "fetched_at": "2025-07-13T15:10:49.619852+00:00", "symbol": "ETH-USD"}, {"trade_id": 666277406, "side": "sell", "size": "0.24269000", "price": "2998.01000000", "time": "2025-07-13T15:10:08.024181Z", "fetched_at": "2025-07-13T15:10:49.619852+00:00", "symbol": "ETH-USD"}, {"trade_id": 666277405, "side": "sell", "size": "0.58260000", "price": "2998.01000000", "time": "2025-07-13T15:10:08.024181Z", "fetched_at": "2025-07-13T15:10:49.619852+00:00", "symbol": "ETH-USD"}, {"trade_id": 666277404, "side": "sell", "size": "0.45900000", "price": "2998.01000000", "time": "2025-07-13T15:10:08.024181Z", "fetched_at": "2025-07-13T15:10:49.619852+00:00", "symbol": "ETH-USD"}, {"trade_id": 666277403, "side": "sell", "size": "0.40871228", "price": "2998.01000000", "time": "2025-07-13T15:10:08.024181Z", "fetched_at": "2025-07-13T15:10:49.619852+00:00", "symbol": "ETH-USD"}, {"trade_id": 666277402, "side": "buy", "size": "0.82239528", "price": "2998.00000000", "time": "2025-07-13T15:10:07.946976Z", "fetched_at": "2025-07-13T15:10:49.619852+00:00", "symbol": "ETH-USD"}, {"trade_id": 666277401, "side": "buy", "size": "0.07371000", "price": "2998.00000000", "time": "2025-07-13T15:10:07.917745Z", "fetched_at": "2025-07-13T15:10:49.619852+00:00", "symbol": "ETH-USD"}, {"trade_id": 666277400, "side": "buy", "size": "8.04536054", "price": "2998.00000000", "time": "2025-07-13T15:10:07.907036Z", "fetched_at": "2025-07-13T15:10:49.619852+00:00", "symbol": "ETH-USD"}, {"trade_id": 666277399, "side": "buy", "size": "3.56717665", "price": "2998.00000000", "time": "2025-07-13T15:10:07.895056Z", "fetched_at": "2025-07-13T15:10:49.619852+00:00", "symbol": "ETH-USD"}, {"trade_id": 666277398, "side": "buy", "size": "0.11278930", "price": "2998.00000000", "time": "2025-07-13T15:10:07.884468Z", "fetched_at": "2025-07-13T15:10:49.619852+00:00", "symbol": "ETH-USD"}, {"trade_id": 666277397, "side": "buy", "size": "3.48737836", "price": "2998.00000000", "time": "2025-07-13T15:10:07.884320Z", "fetched_at": "2025-07-13T15:10:49.619852+00:00", "symbol": "ETH-USD"}, {"trade_id": 666277396, "side": "buy", "size": "0.29041557", "price": "2998.00000000", "time": "2025-07-13T15:10:07.880906Z", "fetched_at": "2025-07-13T15:10:49.619852+00:00", "symbol": "ETH-USD"}, {"trade_id": 666277395, "side": "buy", "size": "0.00809058", "price": "2998.00000000", "time": "2025-07-13T15:10:07.756925Z", "fetched_at": "2025-07-13T15:10:49.619852+00:00", "symbol": "ETH-USD"}, {"trade_id": 666277394, "side": "buy", "size": "7.96075483", "price": "2998.00000000", "time": "2025-07-13T15:10:07.694414Z", "fetched_at": "2025-07-13T15:10:49.619852+00:00", "symbol": "ETH-USD"}, {"trade_id": 666277393, "side": "buy", "size": "0.36989514", "price": "2998.00000000", "time": "2025-07-13T15:10:07.682897Z", "fetched_at": "2025-07-13T15:10:49.619852+00:00", "symbol": "ETH-USD"}, {"trade_id": 666277392, "side": "buy", "size": "1.54036173", "price": "2998.00000000", "time": "2025-07-13T15:10:07.607446Z", "fetched_at": "2025-07-13T15:10:49.619852+00:00", "symbol": "ETH-USD"}, {"trade_id": 666277391, "side": "buy", "size": "0.39296761", "price": "2998.00000000", "time": "2025-07-13T15:10:07.595438Z", "fetched_at": "2025-07-13T15:10:49.619852+00:00", "symbol": "ETH-USD"}, {"trade_id": 666277390, "side": "buy", "size": "2.72979508", "price": "2998.00000000", "time": "2025-07-13T15:10:07.542190Z", "fetched_at": "2025-07-13T15:10:49.619852+00:00", "symbol": "ETH-USD"}, {"trade_id": 666277389, "side": "buy", "size": "1.64744281", "price": "2998.00000000", "time": "2025-07-13T15:10:07.146726Z", "fetched_at": "2025-07-13T15:10:49.619852+00:00", "symbol": "ETH-USD"}, {"trade_id": 666277388, "side": "buy", "size": "2.33118327", "price": "2998.00000000", "time": "2025-07-13T15:10:07.136875Z", "fetched_at": "2025-07-13T15:10:49.619852+00:00", "symbol": "ETH-USD"}, {"trade_id": 666277387, "side": "buy", "size": "0.00871000", "price": "2998.01000000", "time": "2025-07-13T15:10:07.136875Z", "fetched_at": "2025-07-13T15:10:49.619852+00:00", "symbol": "ETH-USD"}, {"trade_id": 666277386, "side": "buy", "size": "0.00248632", "price": "2998.06000000", "time": "2025-07-13T15:10:06.796754Z", "fetched_at": "2025-07-13T15:10:49.619852+00:00", "symbol": "ETH-USD"}, {"trade_id": 666277385, "side": "buy", "size": "0.00253100", "price": "2998.06000000", "time": "2025-07-13T15:10:06.796754Z", "fetched_at": "2025-07-13T15:10:49.619852+00:00", "symbol": "ETH-USD"}, {"trade_id": 666277384, "side": "buy", "size": "0.04288954", "price": "2998.40000000", "time": "2025-07-13T15:10:06.624584Z", "fetched_at": "2025-07-13T15:10:49.619852+00:00", "symbol": "ETH-USD"}, {"trade_id": 666277383, "side": "buy", "size": "0.00031350", "price": "2998.40000000", "time": "2025-07-13T15:10:06.624584Z", "fetched_at": "2025-07-13T15:10:49.619852+00:00", "symbol": "ETH-USD"}, {"trade_id": 666277382, "side": "sell", "size": "0.40000000", "price": "2998.42000000", "time": "2025-07-13T15:10:05.598995Z", "fetched_at": "2025-07-13T15:10:49.619852+00:00", "symbol": "ETH-USD"}, {"trade_id": 666277381, "side": "sell", "size": "0.20000000", "price": "2998.42000000", "time": "2025-07-13T15:10:05.598995Z", "fetched_at": "2025-07-13T15:10:49.619852+00:00", "symbol": "ETH-USD"}, {"trade_id": 666277380, "side": "sell", "size": "0.30000000", "price": "2998.30000000", "time": "2025-07-13T15:10:05.591141Z", "fetched_at": "2025-07-13T15:10:49.619852+00:00", "symbol": "ETH-USD"}, {"trade_id": 666277379, "side": "sell", "size": "0.30000000", "price": "2998.20000000", "time": "2025-07-13T15:10:05.590996Z", "fetched_at": "2025-07-13T15:10:49.619852+00:00", "symbol": "ETH-USD"}, {"trade_id": 666277378, "side": "buy", "size": "0.11319101", "price": "2998.05000000", "time": "2025-07-13T15:10:05.163932Z", "fetched_at": "2025-07-13T15:10:49.619852+00:00", "symbol": "ETH-USD"}, {"trade_id": 666277377, "side": "buy", "size": "0.39179924", "price": "2998.06000000", "time": "2025-07-13T15:10:05.163932Z", "fetched_at": "2025-07-13T15:10:49.619852+00:00", "symbol": "ETH-USD"}, {"trade_id": 666277376, "side": "buy", "size": "0.00250147", "price": "2998.07000000", "time": "2025-07-13T15:10:05.163932Z", "fetched_at": "2025-07-13T15:10:49.619852+00:00", "symbol": "ETH-USD"}, {"trade_id": 666277375, "side": "buy", "size": "0.00062705", "price": "2998.16000000", "time": "2025-07-13T15:10:05.163932Z", "fetched_at": "2025-07-13T15:10:49.619852+00:00", "symbol": "ETH-USD"}, {"trade_id": 666277374, "side": "buy", "size": "0.43412402", "price": "2998.19000000", "time": "2025-07-13T15:10:05.163932Z", "fetched_at": "2025-07-13T15:10:49.619852+00:00", "symbol": "ETH-USD"}, {"trade_id": 666277373, "side": "buy", "size": "0.58260000", "price": "2998.19000000", "time": "2025-07-13T15:10:05.163932Z", "fetched_at": "2025-07-13T15:10:49.619852+00:00", "symbol": "ETH-USD"}, {"trade_id": 666277372, "side": "buy", "size": "0.10533000", "price": "2998.19000000", "time": "2025-07-13T15:10:05.163932Z", "fetched_at": "2025-07-13T15:10:49.619852+00:00", "symbol": "ETH-USD"}, {"trade_id": 666277371, "side": "buy", "size": "0.15000000", "price": "2998.19000000", "time": "2025-07-13T15:10:05.163932Z", "fetched_at": "2025-07-13T15:10:49.619852+00:00", "symbol": "ETH-USD"}, {"trade_id": 666277370, "side": "buy", "size": "0.11087000", "price": "2998.19000000", "time": "2025-07-13T15:10:05.163932Z", "fetched_at": "2025-07-13T15:10:49.619852+00:00", "symbol": "ETH-USD"}, {"trade_id": 666277369, "side": "buy", "size": "0.10000000", "price": "2998.19000000", "time": "2025-07-13T15:10:05.163932Z", "fetched_at": "2025-07-13T15:10:49.619852+00:00", "symbol": "ETH-USD"}, {"trade_id": 666277368, "side": "sell", "size": "0.02266705", "price": "2998.14000000", "time": "2025-07-13T15:10:04.321349Z", "fetched_at": "2025-07-13T15:10:49.619852+00:00", "symbol": "ETH-USD"}, {"trade_id": 666277367, "side": "buy", "size": "1.66087174", "price": "2998.00000000", "time": "2025-07-13T15:10:03.670622Z", "fetched_at": "2025-07-13T15:10:49.619852+00:00", "symbol": "ETH-USD"}, {"trade_id": 666277366, "side": "buy", "size": "1.82888886", "price": "2998.00000000", "time": "2025-07-13T15:10:03.620321Z", "fetched_at": "2025-07-13T15:10:49.619852+00:00", "symbol": "ETH-USD"}, {"trade_id": 666277365, "side": "buy", "size": "0.38570374", "price": "2998.00000000", "time": "2025-07-13T15:10:03.542729Z", "fetched_at": "2025-07-13T15:10:49.619852+00:00", "symbol": "ETH-USD"}, {"trade_id": 666277364, "side": "buy", "size": "2.66301752", "price": "2998.00000000", "time": "2025-07-13T15:10:03.519775Z", "fetched_at": "2025-07-13T15:10:49.619852+00:00", "symbol": "ETH-USD"}, {"trade_id": 666277363, "side": "buy", "size": "0.03219000", "price": "2998.01000000", "time": "2025-07-13T15:10:03.519775Z", "fetched_at": "2025-07-13T15:10:49.619852+00:00", "symbol": "ETH-USD"}, {"trade_id": 666277362, "side": "sell", "size": "0.01510000", "price": "2998.03000000", "time": "2025-07-13T15:10:03.388378Z", "fetched_at": "2025-07-13T15:10:49.619852+00:00", "symbol": "ETH-USD"}, {"trade_id": 666277361, "side": "buy", "size": "0.00251272", "price": "2998.02000000", "time": "2025-07-13T15:10:03.307478Z", "fetched_at": "2025-07-13T15:10:49.619852+00:00", "symbol": "ETH-USD"}, {"trade_id": 666277360, "side": "buy", "size": "0.00251272", "price": "2998.02000000", "time": "2025-07-13T15:10:03.296124Z", "fetched_at": "2025-07-13T15:10:49.619852+00:00", "symbol": "ETH-USD"}, {"trade_id": 666277359, "side": "buy", "size": "0.00251272", "price": "2998.02000000", "time": "2025-07-13T15:10:03.285950Z", "fetched_at": "2025-07-13T15:10:49.619852+00:00", "symbol": "ETH-USD"}, {"trade_id": 666277358, "side": "buy", "size": "0.15000000", "price": "2998.01000000", "time": "2025-07-13T15:10:03.048182Z", "fetched_at": "2025-07-13T15:10:49.619852+00:00", "symbol": "ETH-USD"}, {"trade_id": 666277357, "side": "buy", "size": "0.11087000", "price": "2998.06000000", "time": "2025-07-13T15:10:02.965674Z", "fetched_at": "2025-07-13T15:10:49.619852+00:00", "symbol": "ETH-USD"}, {"trade_id": 666277356, "side": "buy", "size": "0.50938504", "price": "2998.00000000", "time": "2025-07-13T15:10:02.921171Z", "fetched_at": "2025-07-13T15:10:49.619852+00:00", "symbol": "ETH-USD"}, {"trade_id": 666277355, "side": "sell", "size": "0.02470219", "price": "2998.46000000", "time": "2025-07-13T15:10:02.917707Z", "fetched_at": "2025-07-13T15:10:49.619852+00:00", "symbol": "ETH-USD"}, {"trade_id": 666277354, "side": "sell", "size": "0.20000000", "price": "2998.46000000", "time": "2025-07-13T15:10:02.917707Z", "fetched_at": "2025-07-13T15:10:49.619852+00:00", "symbol": "ETH-USD"}, {"trade_id": 666277353, "side": "sell", "size": "0.46402477", "price": "2998.37000000", "time": "2025-07-13T15:10:02.917707Z", "fetched_at": "2025-07-13T15:10:49.619852+00:00", "symbol": "ETH-USD"}, {"trade_id": 666277352, "side": "sell", "size": "0.83378635", "price": "2998.37000000", "time": "2025-07-13T15:10:02.917707Z", "fetched_at": "2025-07-13T15:10:49.619852+00:00", "symbol": "ETH-USD"}, {"trade_id": 666277351, "side": "sell", "size": "0.00030999", "price": "2998.36000000", "time": "2025-07-13T15:10:02.917707Z", "fetched_at": "2025-07-13T15:10:49.619852+00:00", "symbol": "ETH-USD"}, {"trade_id": 666277350, "side": "sell", "size": "0.83379191", "price": "2998.35000000", "time": "2025-07-13T15:10:02.917707Z", "fetched_at": "2025-07-13T15:10:49.619852+00:00", "symbol": "ETH-USD"}, {"trade_id": 666277349, "side": "sell", "size": "0.45900000", "price": "2998.34000000", "time": "2025-07-13T15:10:02.917707Z", "fetched_at": "2025-07-13T15:10:49.619852+00:00", "symbol": "ETH-USD"}, {"trade_id": 666277348, "side": "sell", "size": "0.40000000", "price": "2998.30000000", "time": "2025-07-13T15:10:02.917707Z", "fetched_at": "2025-07-13T15:10:49.619852+00:00", "symbol": "ETH-USD"}, {"trade_id": 666277347, "side": "sell", "size": "0.20000000", "price": "2998.30000000", "time": "2025-07-13T15:10:02.917707Z", "fetched_at": "2025-07-13T15:10:49.619852+00:00", "symbol": "ETH-USD"}, {"trade_id": 666277346, "side": "sell", "size": "0.80000000", "price": "2998.30000000", "time": "2025-07-13T15:10:02.917707Z", "fetched_at": "2025-07-13T15:10:49.619852+00:00", "symbol": "ETH-USD"}, {"trade_id": 666277345, "side": "sell", "size": "0.30000000", "price": "2998.30000000", "time": "2025-07-13T15:10:02.917707Z", "fetched_at": "2025-07-13T15:10:49.619852+00:00", "symbol": "ETH-USD"}, {"trade_id": 666277344, "side": "sell", "size": "0.23500277", "price": "2998.29000000", "time": "2025-07-13T15:10:02.917707Z", "fetched_at": "2025-07-13T15:10:49.619852+00:00", "symbol": "ETH-USD"}, {"trade_id": 666277343, "side": "sell", "size": "0.24938202", "price": "2998.20000000", "time": "2025-07-13T15:10:02.917707Z", "fetched_at": "2025-07-13T15:10:49.619852+00:00", "symbol": "ETH-USD"}, {"trade_id": 666277342, "side": "sell", "size": "0.05061798", "price": "2998.20000000", "time": "2025-07-13T15:10:02.917175Z", "fetched_at": "2025-07-13T15:10:49.619852+00:00", "symbol": "ETH-USD"}, {"trade_id": 666277341, "side": "sell", "size": "0.00024002", "price": "2998.10000000", "time": "2025-07-13T15:10:02.917175Z", "fetched_at": "2025-07-13T15:10:49.619852+00:00", "symbol": "ETH-USD"}, {"trade_id": 666277340, "side": "sell", "size": "0.00067012", "price": "2998.05000000", "time": "2025-07-13T15:10:02.917175Z", "fetched_at": "2025-07-13T15:10:49.619852+00:00", "symbol": "ETH-USD"}, {"trade_id": 666277339, "side": "sell", "size": "0.16677673", "price": "2998.02000000", "time": "2025-07-13T15:10:02.917175Z", "fetched_at": "2025-07-13T15:10:49.619852+00:00", "symbol": "ETH-USD"}, {"trade_id": 666277338, "side": "buy", "size": "0.42161337", "price": "2998.00000000", "time": "2025-07-13T15:10:02.891166Z", "fetched_at": "2025-07-13T15:10:49.619852+00:00", "symbol": "ETH-USD"}, {"trade_id": 666277337, "side": "buy", "size": "1.13707358", "price": "2998.00000000", "time": "2025-07-13T15:10:02.831026Z", "fetched_at": "2025-07-13T15:10:49.619852+00:00", "symbol": "ETH-USD"}, {"trade_id": 666277336, "side": "buy", "size": "0.00249832", "price": "2998.01000000", "time": "2025-07-13T15:10:02.831026Z", "fetched_at": "2025-07-13T15:10:49.619852+00:00", "symbol": "ETH-USD"}, {"trade_id": 666277335, "side": "buy", "size": "0.01639754", "price": "2998.01000000", "time": "2025-07-13T15:10:02.831026Z", "fetched_at": "2025-07-13T15:10:49.619852+00:00", "symbol": "ETH-USD"}, {"trade_id": 666277334, "side": "buy", "size": "0.10077017", "price": "2998.01000000", "time": "2025-07-13T15:10:02.831026Z", "fetched_at": "2025-07-13T15:10:49.619852+00:00", "symbol": "ETH-USD"}, {"trade_id": 666277333, "side": "buy", "size": "1.16105880", "price": "2998.01000000", "time": "2025-07-13T15:10:02.831026Z", "fetched_at": "2025-07-13T15:10:49.619852+00:00", "symbol": "ETH-USD"}, {"trade_id": 666277332, "side": "buy", "size": "2.42249799", "price": "2998.01000000", "time": "2025-07-13T15:10:01.656511Z", "fetched_at": "2025-07-13T15:10:49.619852+00:00", "symbol": "ETH-USD"}, {"trade_id": 666277331, "side": "buy", "size": "0.12063829", "price": "2998.01000000", "time": "2025-07-13T15:10:01.645974Z", "fetched_at": "2025-07-13T15:10:49.619852+00:00", "symbol": "ETH-USD"}, {"trade_id": 666277330, "side": "buy", "size": "0.04364508", "price": "2998.01000000", "time": "2025-07-13T15:10:01.635213Z", "fetched_at": "2025-07-13T15:10:49.619852+00:00", "symbol": "ETH-USD"}, {"trade_id": 666277329, "side": "buy", "size": "0.15000000", "price": "2998.03000000", "time": "2025-07-13T15:10:01.635213Z", "fetched_at": "2025-07-13T15:10:49.619852+00:00", "symbol": "ETH-USD"}, {"trade_id": 666277328, "side": "buy", "size": "0.00187006", "price": "2998.03000000", "time": "2025-07-13T15:10:01.635213Z", "fetched_at": "2025-07-13T15:10:49.619852+00:00", "symbol": "ETH-USD"}, {"trade_id": 666277327, "side": "buy", "size": "0.16930612", "price": "2998.01000000", "time": "2025-07-13T15:10:01.623061Z", "fetched_at": "2025-07-13T15:10:49.619852+00:00", "symbol": "ETH-USD"}, {"trade_id": 666277326, "side": "buy", "size": "0.29578285", "price": "2998.01000000", "time": "2025-07-13T15:10:01.612863Z", "fetched_at": "2025-07-13T15:10:49.619852+00:00", "symbol": "ETH-USD"}, {"trade_id": 666277325, "side": "buy", "size": "0.00187006", "price": "2998.02000000", "time": "2025-07-13T15:10:01.612863Z", "fetched_at": "2025-07-13T15:10:49.619852+00:00", "symbol": "ETH-USD"}, {"trade_id": 666277324, "side": "buy", "size": "0.17779210", "price": "2998.01000000", "time": "2025-07-13T15:10:01.600690Z", "fetched_at": "2025-07-13T15:10:49.619852+00:00", "symbol": "ETH-USD"}