[{"trade_id": 666215580, "side": "sell", "size": "0.00002359", "price": "2965.17000000", "time": "2025-07-13T12:10:49.410314Z", "fetched_at": "2025-07-13T12:10:52.202156+00:00", "symbol": "ETH-USD"}, {"trade_id": 666215579, "side": "sell", "size": "0.17203487", "price": "2965.17000000", "time": "2025-07-13T12:10:46.576101Z", "fetched_at": "2025-07-13T12:10:52.202156+00:00", "symbol": "ETH-USD"}, {"trade_id": 666215578, "side": "sell", "size": "0.00325486", "price": "2965.17000000", "time": "2025-07-13T12:10:46.152247Z", "fetched_at": "2025-07-13T12:10:52.202156+00:00", "symbol": "ETH-USD"}, {"trade_id": 666215577, "side": "buy", "size": "0.02373225", "price": "2965.16000000", "time": "2025-07-13T12:10:43.646776Z", "fetched_at": "2025-07-13T12:10:52.202156+00:00", "symbol": "ETH-USD"}, {"trade_id": 666215576, "side": "buy", "size": "0.07743932", "price": "2965.16000000", "time": "2025-07-13T12:10:43.646776Z", "fetched_at": "2025-07-13T12:10:52.202156+00:00", "symbol": "ETH-USD"}, {"trade_id": 666215575, "side": "buy", "size": "0.00100000", "price": "2965.16000000", "time": "2025-07-13T12:10:43.646776Z", "fetched_at": "2025-07-13T12:10:52.202156+00:00", "symbol": "ETH-USD"}, {"trade_id": 666215574, "side": "sell", "size": "0.00333821", "price": "2965.17000000", "time": "2025-07-13T12:10:43.570426Z", "fetched_at": "2025-07-13T12:10:52.202156+00:00", "symbol": "ETH-USD"}, {"trade_id": 666215573, "side": "sell", "size": "0.00319800", "price": "2965.17000000", "time": "2025-07-13T12:10:41.733711Z", "fetched_at": "2025-07-13T12:10:52.202156+00:00", "symbol": "ETH-USD"}, {"trade_id": 666215572, "side": "sell", "size": "0.00166912", "price": "2965.17000000", "time": "2025-07-13T12:10:40.398553Z", "fetched_at": "2025-07-13T12:10:52.202156+00:00", "symbol": "ETH-USD"}, {"trade_id": 666215571, "side": "sell", "size": "0.00002359", "price": "2965.17000000", "time": "2025-07-13T12:10:40.048018Z", "fetched_at": "2025-07-13T12:10:52.202156+00:00", "symbol": "ETH-USD"}, {"trade_id": 666215570, "side": "buy", "size": "0.05213417", "price": "2965.26000000", "time": "2025-07-13T12:10:38.391181Z", "fetched_at": "2025-07-13T12:10:52.202156+00:00", "symbol": "ETH-USD"}, {"trade_id": 666215569, "side": "buy", "size": "0.00664983", "price": "2965.26000000", "time": "2025-07-13T12:10:38.391181Z", "fetched_at": "2025-07-13T12:10:52.202156+00:00", "symbol": "ETH-USD"}, {"trade_id": 666215568, "side": "buy", "size": "0.20003113", "price": "2965.29000000", "time": "2025-07-13T12:10:38.391181Z", "fetched_at": "2025-07-13T12:10:52.202156+00:00", "symbol": "ETH-USD"}, {"trade_id": 666215567, "side": "buy", "size": "0.12321015", "price": "2965.33000000", "time": "2025-07-13T12:10:38.364751Z", "fetched_at": "2025-07-13T12:10:52.202156+00:00", "symbol": "ETH-USD"}, {"trade_id": 666215566, "side": "buy", "size": "0.19916494", "price": "2965.35000000", "time": "2025-07-13T12:10:38.364751Z", "fetched_at": "2025-07-13T12:10:52.202156+00:00", "symbol": "ETH-USD"}, {"trade_id": 666215565, "side": "buy", "size": "0.00000337", "price": "2965.59000000", "time": "2025-07-13T12:10:38.364751Z", "fetched_at": "2025-07-13T12:10:52.202156+00:00", "symbol": "ETH-USD"}, {"trade_id": 666215564, "side": "buy", "size": "0.01622274", "price": "2965.59000000", "time": "2025-07-13T12:10:38.364751Z", "fetched_at": "2025-07-13T12:10:52.202156+00:00", "symbol": "ETH-USD"}, {"trade_id": 666215563, "side": "buy", "size": "0.00000337", "price": "2965.59000000", "time": "2025-07-13T12:10:38.364751Z", "fetched_at": "2025-07-13T12:10:52.202156+00:00", "symbol": "ETH-USD"}, {"trade_id": 666215562, "side": "buy", "size": "0.00000674", "price": "2965.59000000", "time": "2025-07-13T12:10:38.364751Z", "fetched_at": "2025-07-13T12:10:52.202156+00:00", "symbol": "ETH-USD"}, {"trade_id": 666215561, "side": "buy", "size": "0.03244885", "price": "2965.59000000", "time": "2025-07-13T12:10:38.364751Z", "fetched_at": "2025-07-13T12:10:52.202156+00:00", "symbol": "ETH-USD"}, {"trade_id": 666215560, "side": "buy", "size": "0.00001348", "price": "2965.59000000", "time": "2025-07-13T12:10:38.364751Z", "fetched_at": "2025-07-13T12:10:52.202156+00:00", "symbol": "ETH-USD"}, {"trade_id": 666215559, "side": "sell", "size": "0.07839762", "price": "2965.60000000", "time": "2025-07-13T12:10:32.591822Z", "fetched_at": "2025-07-13T12:10:52.202156+00:00", "symbol": "ETH-USD"}, {"trade_id": 666215558, "side": "sell", "size": "0.05021402", "price": "2965.58000000", "time": "2025-07-13T12:10:32.591822Z", "fetched_at": "2025-07-13T12:10:52.202156+00:00", "symbol": "ETH-USD"}, {"trade_id": 666215557, "side": "sell", "size": "0.00050075", "price": "2965.55000000", "time": "2025-07-13T12:10:32.591822Z", "fetched_at": "2025-07-13T12:10:52.202156+00:00", "symbol": "ETH-USD"}, {"trade_id": 666215556, "side": "buy", "size": "0.21160549", "price": "2965.33000000", "time": "2025-07-13T12:10:32.082449Z", "fetched_at": "2025-07-13T12:10:52.202156+00:00", "symbol": "ETH-USD"}, {"trade_id": 666215555, "side": "buy", "size": "0.16516843", "price": "2965.33000000", "time": "2025-07-13T12:10:32.082449Z", "fetched_at": "2025-07-13T12:10:52.202156+00:00", "symbol": "ETH-USD"}, {"trade_id": 666215554, "side": "buy", "size": "0.00086615", "price": "2965.33000000", "time": "2025-07-13T12:10:32.082449Z", "fetched_at": "2025-07-13T12:10:52.202156+00:00", "symbol": "ETH-USD"}, {"trade_id": 666215553, "side": "buy", "size": "0.65624332", "price": "2965.34000000", "time": "2025-07-13T12:10:32.082449Z", "fetched_at": "2025-07-13T12:10:52.202156+00:00", "symbol": "ETH-USD"}, {"trade_id": 666215552, "side": "buy", "size": "0.15000000", "price": "2965.35000000", "time": "2025-07-13T12:10:32.082449Z", "fetched_at": "2025-07-13T12:10:52.202156+00:00", "symbol": "ETH-USD"}, {"trade_id": 666215551, "side": "buy", "size": "0.10000000", "price": "2965.35000000", "time": "2025-07-13T12:10:32.082449Z", "fetched_at": "2025-07-13T12:10:52.202156+00:00", "symbol": "ETH-USD"}, {"trade_id": 666215550, "side": "buy", "size": "0.00337228", "price": "2965.36000000", "time": "2025-07-13T12:10:32.082449Z", "fetched_at": "2025-07-13T12:10:52.202156+00:00", "symbol": "ETH-USD"}, {"trade_id": 666215549, "side": "buy", "size": "0.01803363", "price": "2965.57000000", "time": "2025-07-13T12:10:32.082449Z", "fetched_at": "2025-07-13T12:10:52.202156+00:00", "symbol": "ETH-USD"}, {"trade_id": 666215548, "side": "buy", "size": "0.00541211", "price": "2965.57000000", "time": "2025-07-13T12:10:32.082449Z", "fetched_at": "2025-07-13T12:10:52.202156+00:00", "symbol": "ETH-USD"}, {"trade_id": 666215547, "side": "buy", "size": "0.03244232", "price": "2965.57000000", "time": "2025-07-13T12:10:32.082449Z", "fetched_at": "2025-07-13T12:10:52.202156+00:00", "symbol": "ETH-USD"}, {"trade_id": 666215546, "side": "buy", "size": "0.08367364", "price": "2965.57000000", "time": "2025-07-13T12:10:30.550077Z", "fetched_at": "2025-07-13T12:10:52.202156+00:00", "symbol": "ETH-USD"}, {"trade_id": 666215545, "side": "buy", "size": "0.10000000", "price": "2965.51000000", "time": "2025-07-13T12:10:29.020068Z", "fetched_at": "2025-07-13T12:10:52.202156+00:00", "symbol": "ETH-USD"}, {"trade_id": 666215544, "side": "buy", "size": "0.09469712", "price": "2965.56000000", "time": "2025-07-13T12:10:29.020068Z", "fetched_at": "2025-07-13T12:10:52.202156+00:00", "symbol": "ETH-USD"}, {"trade_id": 666215543, "side": "buy", "size": "0.02163503", "price": "2965.56000000", "time": "2025-07-13T12:10:29.020068Z", "fetched_at": "2025-07-13T12:10:52.202156+00:00", "symbol": "ETH-USD"}, {"trade_id": 666215542, "side": "buy", "size": "1.03211000", "price": "2965.57000000", "time": "2025-07-13T12:10:29.020068Z", "fetched_at": "2025-07-13T12:10:52.202156+00:00", "symbol": "ETH-USD"}, {"trade_id": 666215541, "side": "buy", "size": "0.01083199", "price": "2965.57000000", "time": "2025-07-13T12:10:29.020068Z", "fetched_at": "2025-07-13T12:10:52.202156+00:00", "symbol": "ETH-USD"}, {"trade_id": 666215540, "side": "buy", "size": "0.45900000", "price": "2965.57000000", "time": "2025-07-13T12:10:29.020068Z", "fetched_at": "2025-07-13T12:10:52.202156+00:00", "symbol": "ETH-USD"}, {"trade_id": 666215539, "side": "buy", "size": "0.15000000", "price": "2965.57000000", "time": "2025-07-13T12:10:29.020068Z", "fetched_at": "2025-07-13T12:10:52.202156+00:00", "symbol": "ETH-USD"}, {"trade_id": 666215538, "side": "sell", "size": "0.01101655", "price": "2965.58000000", "time": "2025-07-13T12:10:27.265993Z", "fetched_at": "2025-07-13T12:10:52.202156+00:00", "symbol": "ETH-USD"}, {"trade_id": 666215537, "side": "sell", "size": "0.24928122", "price": "2965.58000000", "time": "2025-07-13T12:10:23.635345Z", "fetched_at": "2025-07-13T12:10:52.202156+00:00", "symbol": "ETH-USD"}, {"trade_id": 666215536, "side": "sell", "size": "0.19256241", "price": "2965.58000000", "time": "2025-07-13T12:10:23.635216Z", "fetched_at": "2025-07-13T12:10:52.202156+00:00", "symbol": "ETH-USD"}, {"trade_id": 666215535, "side": "sell", "size": "0.06676629", "price": "2965.58000000", "time": "2025-07-13T12:10:23.214455Z", "fetched_at": "2025-07-13T12:10:52.202156+00:00", "symbol": "ETH-USD"}, {"trade_id": 666215534, "side": "sell", "size": "0.01094211", "price": "2965.58000000", "time": "2025-07-13T12:10:22.963730Z", "fetched_at": "2025-07-13T12:10:52.202156+00:00", "symbol": "ETH-USD"}, {"trade_id": 666215533, "side": "sell", "size": "0.00235789", "price": "2965.57000000", "time": "2025-07-13T12:10:22.963730Z", "fetched_at": "2025-07-13T12:10:52.202156+00:00", "symbol": "ETH-USD"}, {"trade_id": 666215532, "side": "buy", "size": "0.13283226", "price": "2965.33000000", "time": "2025-07-13T12:10:21.731240Z", "fetched_at": "2025-07-13T12:10:52.202156+00:00", "symbol": "ETH-USD"}, {"trade_id": 666215531, "side": "buy", "size": "0.39491428", "price": "2965.33000000", "time": "2025-07-13T12:10:21.731240Z", "fetched_at": "2025-07-13T12:10:52.202156+00:00", "symbol": "ETH-USD"}, {"trade_id": 666215530, "side": "buy", "size": "0.00035994", "price": "2965.33000000", "time": "2025-07-13T12:10:21.731240Z", "fetched_at": "2025-07-13T12:10:52.202156+00:00", "symbol": "ETH-USD"}, {"trade_id": 666215529, "side": "buy", "size": "0.10504727", "price": "2965.33000000", "time": "2025-07-13T12:10:21.731240Z", "fetched_at": "2025-07-13T12:10:52.202156+00:00", "symbol": "ETH-USD"}, {"trade_id": 666215528, "side": "buy", "size": "0.50043062", "price": "2965.34000000", "time": "2025-07-13T12:10:21.731240Z", "fetched_at": "2025-07-13T12:10:52.202156+00:00", "symbol": "ETH-USD"}, {"trade_id": 666215527, "side": "buy", "size": "0.06995464", "price": "2965.35000000", "time": "2025-07-13T12:10:21.731240Z", "fetched_at": "2025-07-13T12:10:52.202156+00:00", "symbol": "ETH-USD"}, {"trade_id": 666215526, "side": "buy", "size": "0.07802773", "price": "2965.35000000", "time": "2025-07-13T12:10:21.731240Z", "fetched_at": "2025-07-13T12:10:52.202156+00:00", "symbol": "ETH-USD"}, {"trade_id": 666215525, "side": "buy", "size": "0.00337214", "price": "2965.48000000", "time": "2025-07-13T12:10:21.731240Z", "fetched_at": "2025-07-13T12:10:52.202156+00:00", "symbol": "ETH-USD"}, {"trade_id": 666215524, "side": "buy", "size": "0.00090370", "price": "2965.48000000", "time": "2025-07-13T12:10:21.731240Z", "fetched_at": "2025-07-13T12:10:52.202156+00:00", "symbol": "ETH-USD"}, {"trade_id": 666215523, "side": "buy", "size": "0.16531000", "price": "2965.48000000", "time": "2025-07-13T12:10:21.731240Z", "fetched_at": "2025-07-13T12:10:52.202156+00:00", "symbol": "ETH-USD"}, {"trade_id": 666215522, "side": "buy", "size": "0.03709224", "price": "2965.46000000", "time": "2025-07-13T12:10:20.586347Z", "fetched_at": "2025-07-13T12:10:52.202156+00:00", "symbol": "ETH-USD"}, {"trade_id": 666215521, "side": "sell", "size": "0.26616081", "price": "2965.48000000", "time": "2025-07-13T12:10:18.800121Z", "fetched_at": "2025-07-13T12:10:52.202156+00:00", "symbol": "ETH-USD"}, {"trade_id": 666215520, "side": "sell", "size": "0.15000000", "price": "2965.47000000", "time": "2025-07-13T12:10:18.800121Z", "fetched_at": "2025-07-13T12:10:52.202156+00:00", "symbol": "ETH-USD"}, {"trade_id": 666215519, "side": "sell", "size": "0.00115477", "price": "2965.47000000", "time": "2025-07-13T12:10:18.800121Z", "fetched_at": "2025-07-13T12:10:52.202156+00:00", "symbol": "ETH-USD"}, {"trade_id": 666215518, "side": "buy", "size": "0.00350667", "price": "2965.54000000", "time": "2025-07-13T12:10:15.477648Z", "fetched_at": "2025-07-13T12:10:52.202156+00:00", "symbol": "ETH-USD"}, {"trade_id": 666215517, "side": "buy", "size": "0.00784535", "price": "2965.35000000", "time": "2025-07-13T12:10:13.694588Z", "fetched_at": "2025-07-13T12:10:52.202156+00:00", "symbol": "ETH-USD"}, {"trade_id": 666215516, "side": "buy", "size": "0.00613034", "price": "2965.35000000", "time": "2025-07-13T12:10:13.481925Z", "fetched_at": "2025-07-13T12:10:52.202156+00:00", "symbol": "ETH-USD"}, {"trade_id": 666215515, "side": "buy", "size": "0.05959419", "price": "2965.35000000", "time": "2025-07-13T12:10:10.278159Z", "fetched_at": "2025-07-13T12:10:52.202156+00:00", "symbol": "ETH-USD"}, {"trade_id": 666215514, "side": "buy", "size": "0.24747863", "price": "2965.36000000", "time": "2025-07-13T12:10:10.278159Z", "fetched_at": "2025-07-13T12:10:52.202156+00:00", "symbol": "ETH-USD"}, {"trade_id": 666215513, "side": "buy", "size": "0.00223054", "price": "2965.57000000", "time": "2025-07-13T12:10:10.278159Z", "fetched_at": "2025-07-13T12:10:52.202156+00:00", "symbol": "ETH-USD"}, {"trade_id": 666215512, "side": "buy", "size": "0.02792203", "price": "2965.57000000", "time": "2025-07-13T12:10:10.278159Z", "fetched_at": "2025-07-13T12:10:52.202156+00:00", "symbol": "ETH-USD"}, {"trade_id": 666215511, "side": "sell", "size": "0.05117006", "price": "2965.58000000", "time": "2025-07-13T12:10:09.450950Z", "fetched_at": "2025-07-13T12:10:52.202156+00:00", "symbol": "ETH-USD"}, {"trade_id": 666215510, "side": "sell", "size": "0.65229311", "price": "2965.58000000", "time": "2025-07-13T12:10:08.560208Z", "fetched_at": "2025-07-13T12:10:52.202156+00:00", "symbol": "ETH-USD"}, {"trade_id": 666215509, "side": "sell", "size": "0.34770689", "price": "2965.58000000", "time": "2025-07-13T12:10:08.560208Z", "fetched_at": "2025-07-13T12:10:52.202156+00:00", "symbol": "ETH-USD"}, {"trade_id": 666215508, "side": "buy", "size": "0.00032635", "price": "2965.57000000", "time": "2025-07-13T12:10:08.556264Z", "fetched_at": "2025-07-13T12:10:52.202156+00:00", "symbol": "ETH-USD"}, {"trade_id": 666215507, "side": "sell", "size": "0.03460000", "price": "2965.58000000", "time": "2025-07-13T12:10:08.428400Z", "fetched_at": "2025-07-13T12:10:52.202156+00:00", "symbol": "ETH-USD"}, {"trade_id": 666215506, "side": "sell", "size": "0.01769311", "price": "2965.58000000", "time": "2025-07-13T12:10:07.101439Z", "fetched_at": "2025-07-13T12:10:52.202156+00:00", "symbol": "ETH-USD"}, {"trade_id": 666215505, "side": "sell", "size": "0.02500000", "price": "2965.58000000", "time": "2025-07-13T12:10:03.862056Z", "fetched_at": "2025-07-13T12:10:52.202156+00:00", "symbol": "ETH-USD"}, {"trade_id": 666215504, "side": "buy", "size": "0.01577688", "price": "2965.57000000", "time": "2025-07-13T12:10:02.513979Z", "fetched_at": "2025-07-13T12:10:52.202156+00:00", "symbol": "ETH-USD"}, {"trade_id": 666215503, "side": "buy", "size": "0.01744015", "price": "2965.57000000", "time": "2025-07-13T12:10:02.513979Z", "fetched_at": "2025-07-13T12:10:52.202156+00:00", "symbol": "ETH-USD"}, {"trade_id": 666215502, "side": "buy", "size": "0.00230309", "price": "2965.57000000", "time": "2025-07-13T12:10:02.513979Z", "fetched_at": "2025-07-13T12:10:52.202156+00:00", "symbol": "ETH-USD"}, {"trade_id": 666215501, "side": "buy", "size": "0.00366202", "price": "2965.57000000", "time": "2025-07-13T12:10:02.513979Z", "fetched_at": "2025-07-13T12:10:52.202156+00:00", "symbol": "ETH-USD"}, {"trade_id": 666215500, "side": "buy", "size": "0.00457922", "price": "2965.57000000", "time": "2025-07-13T12:10:02.513979Z", "fetched_at": "2025-07-13T12:10:52.202156+00:00", "symbol": "ETH-USD"}, {"trade_id": 666215499, "side": "buy", "size": "0.00732068", "price": "2965.57000000", "time": "2025-07-13T12:10:02.513979Z", "fetched_at": "2025-07-13T12:10:52.202156+00:00", "symbol": "ETH-USD"}, {"trade_id": 666215498, "side": "sell", "size": "0.00866071", "price": "2965.58000000", "time": "2025-07-13T12:10:01.479872Z", "fetched_at": "2025-07-13T12:10:52.202156+00:00", "symbol": "ETH-USD"}, {"trade_id": 666215497, "side": "sell", "size": "0.14140000", "price": "2965.44000000", "time": "2025-07-13T12:09:57.309897Z", "fetched_at": "2025-07-13T12:10:52.202156+00:00", "symbol": "ETH-USD"}, {"trade_id": 666215496, "side": "buy", "size": "0.08706138", "price": "2965.34000000", "time": "2025-07-13T12:09:57.292488Z", "fetched_at": "2025-07-13T12:10:52.202156+00:00", "symbol": "ETH-USD"}, {"trade_id": 666215495, "side": "buy", "size": "0.00277323", "price": "2965.43000000", "time": "2025-07-13T12:09:57.292488Z", "fetched_at": "2025-07-13T12:10:52.202156+00:00", "symbol": "ETH-USD"}, {"trade_id": 666215494, "side": "buy", "size": "0.17940855", "price": "2965.05000000", "time": "2025-07-13T12:09:56.916202Z", "fetched_at": "2025-07-13T12:10:52.202156+00:00", "symbol": "ETH-USD"}, {"trade_id": 666215493, "side": "buy", "size": "0.49999401", "price": "2965.05000000", "time": "2025-07-13T12:09:56.916202Z", "fetched_at": "2025-07-13T12:10:52.202156+00:00", "symbol": "ETH-USD"}, {"trade_id": 666215492, "side": "buy", "size": "0.00035261", "price": "2965.05000000", "time": "2025-07-13T12:09:56.916202Z", "fetched_at": "2025-07-13T12:10:52.202156+00:00", "symbol": "ETH-USD"}, {"trade_id": 666215491, "side": "buy", "size": "0.88488140", "price": "2965.07000000", "time": "2025-07-13T12:09:56.916202Z", "fetched_at": "2025-07-13T12:10:52.202156+00:00", "symbol": "ETH-USD"}, {"trade_id": 666215490, "side": "buy", "size": "0.36644263", "price": "2965.10000000", "time": "2025-07-13T12:09:56.916202Z", "fetched_at": "2025-07-13T12:10:52.202156+00:00", "symbol": "ETH-USD"}, {"trade_id": 666215489, "side": "buy", "size": "0.00050573", "price": "2965.11000000", "time": "2025-07-13T12:09:56.916202Z", "fetched_at": "2025-07-13T12:10:52.202156+00:00", "symbol": "ETH-USD"}, {"trade_id": 666215488, "side": "buy", "size": "0.35525000", "price": "2965.13000000", "time": "2025-07-13T12:09:56.916202Z", "fetched_at": "2025-07-13T12:10:52.202156+00:00", "symbol": "ETH-USD"}, {"trade_id": 666215487, "side": "buy", "size": "0.45900000", "price": "2965.13000000", "time": "2025-07-13T12:09:56.916202Z", "fetched_at": "2025-07-13T12:10:52.202156+00:00", "symbol": "ETH-USD"}, {"trade_id": 666215486, "side": "buy", "size": "1.68575787", "price": "2965.14000000", "time": "2025-07-13T12:09:56.916202Z", "fetched_at": "2025-07-13T12:10:52.202156+00:00", "symbol": "ETH-USD"}, {"trade_id": 666215485, "side": "buy", "size": "0.30950735", "price": "2965.15000000", "time": "2025-07-13T12:09:56.916202Z", "fetched_at": "2025-07-13T12:10:52.202156+00:00", "symbol": "ETH-USD"}, {"trade_id": 666215484, "side": "buy", "size": "0.00100000", "price": "2965.16000000", "time": "2025-07-13T12:09:56.916202Z", "fetched_at": "2025-07-13T12:10:52.202156+00:00", "symbol": "ETH-USD"}, {"trade_id": 666215483, "side": "buy", "size": "0.96356154", "price": "2965.19000000", "time": "2025-07-13T12:09:56.916202Z", "fetched_at": "2025-07-13T12:10:52.202156+00:00", "symbol": "ETH-USD"}, {"trade_id": 666215482, "side": "buy", "size": "2.15247145", "price": "2965.19000000", "time": "2025-07-13T12:09:56.916202Z", "fetched_at": "2025-07-13T12:10:52.202156+00:00", "symbol": "ETH-USD"}, {"trade_id": 666215481, "side": "buy", "size": "0.14766853", "price": "2965.20000000", "time": "2025-07-13T12:09:56.916202Z", "fetched_at": "2025-07-13T12:10:52.202156+00:00", "symbol": "ETH-USD"}, {"trade_id": 666215480, "side": "buy", "size": "0.31277310", "price": "2965.26000000", "time": "2025-07-13T12:09:56.916202Z", "fetched_at": "2025-07-13T12:10:52.202156+00:00", "symbol": "ETH-USD"}, {"trade_id": 666215479, "side": "buy", "size": "1.21092438", "price": "2965.26000000", "time": "2025-07-13T12:09:56.916202Z", "fetched_at": "2025-07-13T12:10:52.202156+00:00", "symbol": "ETH-USD"}, {"trade_id": 666215478, "side": "buy", "size": "0.00034714", "price": "2965.27000000", "time": "2025-07-13T12:09:56.916202Z", "fetched_at": "2025-07-13T12:10:52.202156+00:00", "symbol": "ETH-USD"}, {"trade_id": 666215477, "side": "buy", "size": "0.72676291", "price": "2965.30000000", "time": "2025-07-13T12:09:56.916202Z", "fetched_at": "2025-07-13T12:10:52.202156+00:00", "symbol": "ETH-USD"}, {"trade_id": 666215476, "side": "buy", "size": "0.39906920", "price": "2965.37000000", "time": "2025-07-13T12:09:56.916202Z", "fetched_at": "2025-07-13T12:10:52.202156+00:00", "symbol": "ETH-USD"}, {"trade_id": 666215475, "side": "buy", "size": "0.73764150", "price": "2965.37000000", "time": "2025-07-13T12:09:56.916202Z", "fetched_at": "2025-07-13T12:10:52.202156+00:00", "symbol": "ETH-USD"}, {"trade_id": 666215474, "side": "buy", "size": "0.16224282", "price": "2965.37000000", "time": "2025-07-13T12:09:56.916202Z", "fetched_at": "2025-07-13T12:10:52.202156+00:00", "symbol": "ETH-USD"}, {"trade_id": 666215473, "side": "buy", "size": "0.00100000", "price": "2965.38000000", "time": "2025-07-13T12:09:56.916202Z", "fetched_at": "2025-07-13T12:10:52.202156+00:00", "symbol": "ETH-USD"}, {"trade_id": 666215472, "side": "buy", "size": "0.66632585", "price": "2965.39000000", "time": "2025-07-13T12:09:56.916202Z", "fetched_at": "2025-07-13T12:10:52.202156+00:00", "symbol": "ETH-USD"}, {"trade_id": 666215471, "side": "buy", "size": "0.45900000", "price": "2965.43000000", "time": "2025-07-13T12:09:56.916202Z", "fetched_at": "2025-07-13T12:10:52.202156+00:00", "symbol": "ETH-USD"}, {"trade_id": 666215470, "side": "buy", "size": "0.19999906", "price": "2965.43000000", "time": "2025-07-13T12:09:56.916202Z", "fetched_at": "2025-07-13T12:10:52.202156+00:00", "symbol": "ETH-USD"}, {"trade_id": 666215469, "side": "buy", "size": "0.51996952", "price": "2965.44000000", "time": "2025-07-13T12:09:56.916202Z", "fetched_at": "2025-07-13T12:10:52.202156+00:00", "symbol": "ETH-USD"}, {"trade_id": 666215468, "side": "buy", "size": "0.93795337", "price": "2965.44000000", "time": "2025-07-13T12:09:56.916202Z", "fetched_at": "2025-07-13T12:10:52.202156+00:00", "symbol": "ETH-USD"}, {"trade_id": 666215467, "side": "buy", "size": "0.10000000", "price": "2965.45000000", "time": "2025-07-13T12:09:56.916202Z", "fetched_at": "2025-07-13T12:10:52.202156+00:00", "symbol": "ETH-USD"}, {"trade_id": 666215466, "side": "buy", "size": "0.10000000", "price": "2965.46000000", "time": "2025-07-13T12:09:56.916202Z", "fetched_at": "2025-07-13T12:10:52.202156+00:00", "symbol": "ETH-USD"}, {"trade_id": 666215465, "side": "buy", "size": "0.49995303", "price": "2965.49000000", "time": "2025-07-13T12:09:56.916202Z", "fetched_at": "2025-07-13T12:10:52.202156+00:00", "symbol": "ETH-USD"}, {"trade_id": 666215464, "side": "buy", "size": "0.02891576", "price": "2965.51000000", "time": "2025-07-13T12:09:56.916202Z", "fetched_at": "2025-07-13T12:10:52.202156+00:00", "symbol": "ETH-USD"}, {"trade_id": 666215463, "side": "buy", "size": "0.01089525", "price": "2965.51000000", "time": "2025-07-13T12:09:56.916202Z", "fetched_at": "2025-07-13T12:10:52.202156+00:00", "symbol": "ETH-USD"}, {"trade_id": 666215462, "side": "buy", "size": "0.01482375", "price": "2965.51000000", "time": "2025-07-13T12:09:56.916202Z", "fetched_at": "2025-07-13T12:10:52.202156+00:00", "symbol": "ETH-USD"}, {"trade_id": 666215461, "side": "buy", "size": "0.04489278", "price": "2965.51000000", "time": "2025-07-13T12:09:56.916202Z", "fetched_at": "2025-07-13T12:10:52.202156+00:00", "symbol": "ETH-USD"}, {"trade_id": 666215460, "side": "buy", "size": "0.20019146", "price": "2965.56000000", "time": "2025-07-13T12:09:56.916202Z", "fetched_at": "2025-07-13T12:10:52.202156+00:00", "symbol": "ETH-USD"}, {"trade_id": 666215459, "side": "buy", "size": "0.49997651", "price": "2965.56000000", "time": "2025-07-13T12:09:56.916202Z", "fetched_at": "2025-07-13T12:10:52.202156+00:00", "symbol": "ETH-USD"}, {"trade_id": 666215458, "side": "buy", "size": "0.19999443", "price": "2965.56000000", "time": "2025-07-13T12:09:56.916202Z", "fetched_at": "2025-07-13T12:10:52.202156+00:00", "symbol": "ETH-USD"}, {"trade_id": 666215457, "side": "buy", "size": "0.19903692", "price": "2965.56000000", "time": "2025-07-13T12:09:56.916202Z", "fetched_at": "2025-07-13T12:10:52.202156+00:00", "symbol": "ETH-USD"}, {"trade_id": 666215456, "side": "buy", "size": "0.71923612", "price": "2965.57000000", "time": "2025-07-13T12:09:56.916202Z", "fetched_at": "2025-07-13T12:10:52.202156+00:00", "symbol": "ETH-USD"}, {"trade_id": 666215455, "side": "buy", "size": "0.00329157", "price": "2965.58000000", "time": "2025-07-13T12:09:56.916202Z", "fetched_at": "2025-07-13T12:10:52.202156+00:00", "symbol": "ETH-USD"}, {"trade_id": 666215454, "side": "buy", "size": "0.00100000", "price": "2965.60000000", "time": "2025-07-13T12:09:56.916202Z", "fetched_at": "2025-07-13T12:10:52.202156+00:00", "symbol": "ETH-USD"}, {"trade_id": 666215453, "side": "buy", "size": "0.09472026", "price": "2965.68000000", "time": "2025-07-13T12:09:56.916202Z", "fetched_at": "2025-07-13T12:10:52.202156+00:00", "symbol": "ETH-USD"}, {"trade_id": 666215452, "side": "buy", "size": "0.07349073", "price": "2965.68000000", "time": "2025-07-13T12:09:56.916202Z", "fetched_at": "2025-07-13T12:10:52.202156+00:00", "symbol": "ETH-USD"}, {"trade_id": 666215451, "side": "buy", "size": "0.01673309", "price": "2965.68000000", "time": "2025-07-13T12:09:56.916202Z", "fetched_at": "2025-07-13T12:10:52.202156+00:00", "symbol": "ETH-USD"}, {"trade_id": 666215450, "side": "buy", "size": "0.00334000", "price": "2965.73000000", "time": "2025-07-13T12:09:56.916202Z", "fetched_at": "2025-07-13T12:10:52.202156+00:00", "symbol": "ETH-USD"}, {"trade_id": 666215449, "side": "buy", "size": "0.00087285", "price": "2965.73000000", "time": "2025-07-13T12:09:56.916202Z", "fetched_at": "2025-07-13T12:10:52.202156+00:00", "symbol": "ETH-USD"}, {"trade_id": 666215448, "side": "buy", "size": "0.00187625", "price": "2965.73000000", "time": "2025-07-13T12:09:55.569986Z", "fetched_at": "2025-07-13T12:10:52.202156+00:00", "symbol": "ETH-USD"}, {"trade_id": 666215447, "side": "sell", "size": "0.09830100", "price": "2965.74000000", "time": "2025-07-13T12:09:53.968431Z", "fetched_at": "2025-07-13T12:10:52.202156+00:00", "symbol": "ETH-USD"}, {"trade_id": 666215446, "side": "sell", "size": "0.03337694", "price": "2965.74000000", "time": "2025-07-13T12:09:46.628982Z", "fetched_at": "2025-07-13T12:10:52.202156+00:00", "symbol": "ETH-USD"}, {"trade_id": 666215445, "side": "sell", "size": "0.01168226", "price": "2965.74000000", "time": "2025-07-13T12:09:45.100065Z", "fetched_at": "2025-07-13T12:10:52.202156+00:00", "symbol": "ETH-USD"}, {"trade_id": 666215444, "side": "buy", "size": "0.03353676", "price": "2965.73000000", "time": "2025-07-13T12:09:43.745208Z", "fetched_at": "2025-07-13T12:10:52.202156+00:00", "symbol": "ETH-USD"}, {"trade_id": 666215443, "side": "buy", "size": "0.16371343", "price": "2965.73000000", "time": "2025-07-13T12:09:43.745208Z", "fetched_at": "2025-07-13T12:10:52.202156+00:00", "symbol": "ETH-USD"}, {"trade_id": 666215442, "side": "buy", "size": "0.07004243", "price": "2965.73000000", "time": "2025-07-13T12:09:43.745208Z", "fetched_at": "2025-07-13T12:10:52.202156+00:00", "symbol": "ETH-USD"}, {"trade_id": 666215441, "side": "buy", "size": "0.00274910", "price": "2965.74000000", "time": "2025-07-13T12:09:43.745208Z", "fetched_at": "2025-07-13T12:10:52.202156+00:00", "symbol": "ETH-USD"}, {"trade_id": 666215440, "side": "buy", "size": "0.49999867", "price": "2965.86000000", "time": "2025-07-13T12:09:43.738270Z", "fetched_at": "2025-07-13T12:10:52.202156+00:00", "symbol": "ETH-USD"}, {"trade_id": 666215439, "side": "buy", "size": "0.16863689", "price": "2965.86000000", "time": "2025-07-13T12:09:43.738270Z", "fetched_at": "2025-07-13T12:10:52.202156+00:00", "symbol": "ETH-USD"}, {"trade_id": 666215438, "side": "buy", "size": "0.03680000", "price": "2965.87000000", "time": "2025-07-13T12:09:43.738270Z", "fetched_at": "2025-07-13T12:10:52.202156+00:00", "symbol": "ETH-USD"}, {"trade_id": 666215437, "side": "buy", "size": "0.00053937", "price": "2965.87000000", "time": "2025-07-13T12:09:43.738270Z", "fetched_at": "2025-07-13T12:10:52.202156+00:00", "symbol": "ETH-USD"}, {"trade_id": 666215436, "side": "sell", "size": "0.00550000", "price": "2965.88000000", "time": "2025-07-13T12:09:43.570874Z", "fetched_at": "2025-07-13T12:10:52.202156+00:00", "symbol": "ETH-USD"}, {"trade_id": 666215435, "side": "buy", "size": "0.00160000", "price": "2966.10000000", "time": "2025-07-13T12:09:42.360937Z", "fetched_at": "2025-07-13T12:10:52.202156+00:00", "symbol": "ETH-USD"}, {"trade_id": 666215434, "side": "buy", "size": "0.14280000", "price": "2966.10000000", "time": "2025-07-13T12:09:42.360937Z", "fetched_at": "2025-07-13T12:10:52.202156+00:00", "symbol": "ETH-USD"}, {"trade_id": 666215433, "side": "sell", "size": "0.01755199", "price": "2966.11000000", "time": "2025-07-13T12:09:41.777366Z", "fetched_at": "2025-07-13T12:10:52.202156+00:00", "symbol": "ETH-USD"}, {"trade_id": 666215432, "side": "sell", "size": "0.00834423", "price": "2966.11000000", "time": "2025-07-13T12:09:41.769132Z", "fetched_at": "2025-07-13T12:10:52.202156+00:00", "symbol": "ETH-USD"}, {"trade_id": 666215431, "side": "sell", "size": "0.00395933", "price": "2966.11000000", "time": "2025-07-13T12:09:40.713632Z", "fetched_at": "2025-07-13T12:10:52.202156+00:00", "symbol": "ETH-USD"}, {"trade_id": 666215430, "side": "sell", "size": "0.03227181", "price": "2966.11000000", "time": "2025-07-13T12:09:40.546468Z", "fetched_at": "2025-07-13T12:10:52.202156+00:00", "symbol": "ETH-USD"}, {"trade_id": 666215429, "side": "sell", "size": "0.00031001", "price": "2966.11000000", "time": "2025-07-13T12:09:40.546468Z", "fetched_at": "2025-07-13T12:10:52.202156+00:00", "symbol": "ETH-USD"}, {"trade_id": 666215428, "side": "sell", "size": "0.00018220", "price": "2966.11000000", "time": "2025-07-13T12:09:40.546468Z", "fetched_at": "2025-07-13T12:10:52.202156+00:00", "symbol": "ETH-USD"}, {"trade_id": 666215427, "side": "sell", "size": "0.00002449", "price": "2966.11000000", "time": "2025-07-13T12:09:40.422702Z", "fetched_at": "2025-07-13T12:10:52.202156+00:00", "symbol": "ETH-USD"}, {"trade_id": 666215426, "side": "sell", "size": "0.00024004", "price": "2966.11000000", "time": "2025-07-13T12:09:40.422702Z", "fetched_at": "2025-07-13T12:10:52.202156+00:00", "symbol": "ETH-USD"}, {"trade_id": 666215425, "side": "sell", "size": "0.00005589", "price": "2966.11000000", "time": "2025-07-13T12:09:40.422702Z", "fetched_at": "2025-07-13T12:10:52.202156+00:00", "symbol": "ETH-USD"}, {"trade_id": 666215424, "side": "sell", "size": "0.36755015", "price": "2966.12000000", "time": "2025-07-13T12:09:39.702190Z", "fetched_at": "2025-07-13T12:10:52.202156+00:00", "symbol": "ETH-USD"}, {"trade_id": 666215423, "side": "sell", "size": "0.00123997", "price": "2966.12000000", "time": "2025-07-13T12:09:39.702190Z", "fetched_at": "2025-07-13T12:10:52.202156+00:00", "symbol": "ETH-USD"}, {"trade_id": 666215422, "side": "sell", "size": "0.00031004", "price": "2966.12000000", "time": "2025-07-13T12:09:39.702190Z", "fetched_at": "2025-07-13T12:10:52.202156+00:00", "symbol": "ETH-USD"}, {"trade_id": 666215421, "side": "sell", "size": "0.00096013", "price": "2966.12000000", "time": "2025-07-13T12:09:39.702190Z", "fetched_at": "2025-07-13T12:10:52.202156+00:00", "symbol": "ETH-USD"}, {"trade_id": 666215420, "side": "sell", "size": "0.00016767", "price": "2966.12000000", "time": "2025-07-13T12:09:39.702190Z", "fetched_at": "2025-07-13T12:10:52.202156+00:00", "symbol": "ETH-USD"}, {"trade_id": 666215419, "side": "sell", "size": "0.19850106", "price": "2966.12000000", "time": "2025-07-13T12:09:39.702190Z", "fetched_at": "2025-07-13T12:10:52.202156+00:00", "symbol": "ETH-USD"}, {"trade_id": 666215418, "side": "sell", "size": "0.00298383", "price": "2966.11000000", "time": "2025-07-13T12:09:39.702190Z", "fetched_at": "2025-07-13T12:10:52.202156+00:00", "symbol": "ETH-USD"}, {"trade_id": 666215417, "side": "sell", "size": "0.39037224", "price": "2966.11000000", "time": "2025-07-13T12:09:39.702190Z", "fetched_at": "2025-07-13T12:10:52.202156+00:00", "symbol": "ETH-USD"}, {"trade_id": 666215416, "side": "sell", "size": "0.03791636", "price": "2966.11000000", "time": "2025-07-13T12:09:39.702190Z", "fetched_at": "2025-07-13T12:10:52.202156+00:00", "symbol": "ETH-USD"}, {"trade_id": 666215415, "side": "sell", "size": "0.00349708", "price": "2966.11000000", "time": "2025-07-13T12:09:39.569053Z", "fetched_at": "2025-07-13T12:10:52.202156+00:00", "symbol": "ETH-USD"}, {"trade_id": 666215414, "side": "sell", "size": "0.00305250", "price": "2966.11000000", "time": "2025-07-13T12:09:39.569053Z", "fetched_at": "2025-07-13T12:10:52.202156+00:00", "symbol": "ETH-USD"}, {"trade_id": 666215413, "side": "sell", "size": "0.00145862", "price": "2966.12000000", "time": "2025-07-13T12:09:37.570256Z", "fetched_at": "2025-07-13T12:10:52.202156+00:00", "symbol": "ETH-USD"}, {"trade_id": 666215412, "side": "sell", "size": "0.00018541", "price": "2966.11000000", "time": "2025-07-13T12:09:35.659049Z", "fetched_at": "2025-07-13T12:10:52.202156+00:00", "symbol": "ETH-USD"}, {"trade_id": 666215411, "side": "sell", "size": "0.00315229", "price": "2966.11000000", "time": "2025-07-13T12:09:35.659049Z", "fetched_at": "2025-07-13T12:10:52.202156+00:00", "symbol": "ETH-USD"}, {"trade_id": 666215410, "side": "sell", "size": "0.01141786", "price": "2966.11000000", "time": "2025-07-13T12:09:35.087411Z", "fetched_at": "2025-07-13T12:10:52.202156+00:00", "symbol": "ETH-USD"}, {"trade_id": 666215409, "side": "sell", "size": "0.15000000", "price": "2966.10000000", "time": "2025-07-13T12:09:35.087411Z", "fetched_at": "2025-07-13T12:10:52.202156+00:00", "symbol": "ETH-USD"}, {"trade_id": 666215408, "side": "sell", "size": "0.00240058", "price": "2966.09000000", "time": "2025-07-13T12:09:35.087411Z", "fetched_at": "2025-07-13T12:10:52.202156+00:00", "symbol": "ETH-USD"}, {"trade_id": 666215407, "side": "buy", "size": "0.00100000", "price": "2965.87000000", "time": "2025-07-13T12:09:34.589347Z", "fetched_at": "2025-07-13T12:10:52.202156+00:00", "symbol": "ETH-USD"}, {"trade_id": 666215406, "side": "buy", "size": "0.29598000", "price": "2966.11000000", "time": "2025-07-13T12:09:33.697186Z", "fetched_at": "2025-07-13T12:10:52.202156+00:00", "symbol": "ETH-USD"}, {"trade_id": 666215405, "side": "sell", "size": "1.01686737", "price": "2966.05000000", "time": "2025-07-13T12:09:30.907289Z", "fetched_at": "2025-07-13T12:10:52.202156+00:00", "symbol": "ETH-USD"}, {"trade_id": 666215404, "side": "sell", "size": "0.02768227", "price": "2966.04000000", "time": "2025-07-13T12:09:30.789934Z", "fetched_at": "2025-07-13T12:10:52.202156+00:00", "symbol": "ETH-USD"}, {"trade_id": 666215403, "side": "sell", "size": "0.00318975", "price": "2966.03000000", "time": "2025-07-13T12:09:30.789934Z", "fetched_at": "2025-07-13T12:10:52.202156+00:00", "symbol": "ETH-USD"}, {"trade_id": 666215402, "side": "sell", "size": "0.00010335", "price": "2966.03000000", "time": "2025-07-13T12:09:30.789934Z", "fetched_at": "2025-07-13T12:10:52.202156+00:00", "symbol": "ETH-USD"}, {"trade_id": 666215401, "side": "sell", "size": "0.00036849", "price": "2966.03000000", "time": "2025-07-13T12:09:30.789934Z", "fetched_at": "2025-07-13T12:10:52.202156+00:00", "symbol": "ETH-USD"}, {"trade_id": 666215400, "side": "sell", "size": "0.00046811", "price": "2966.03000000", "time": "2025-07-13T12:09:30.789934Z", "fetched_at": "2025-07-13T12:10:52.202156+00:00", "symbol": "ETH-USD"}, {"trade_id": 666215399, "side": "sell", "size": "0.00016765", "price": "2966.03000000", "time": "2025-07-13T12:09:30.789934Z", "fetched_at": "2025-07-13T12:10:52.202156+00:00", "symbol": "ETH-USD"}, {"trade_id": 666215398, "side": "buy", "size": "0.03802694", "price": "2965.81000000", "time": "2025-07-13T12:09:23.763704Z", "fetched_at": "2025-07-13T12:10:52.202156+00:00", "symbol": "ETH-USD"}, {"trade_id": 666215397, "side": "buy", "size": "0.06921310", "price": "2965.83000000", "time": "2025-07-13T12:09:23.763704Z", "fetched_at": "2025-07-13T12:10:52.202156+00:00", "symbol": "ETH-USD"}, {"trade_id": 666215396, "side": "buy", "size": "0.00337173", "price": "2965.84000000", "time": "2025-07-13T12:09:23.763704Z", "fetched_at": "2025-07-13T12:10:52.202156+00:00", "symbol": "ETH-USD"}, {"trade_id": 666215395, "side": "buy", "size": "0.00085626", "price": "2966.00000000", "time": "2025-07-13T12:09:23.763704Z", "fetched_at": "2025-07-13T12:10:52.202156+00:00", "symbol": "ETH-USD"}, {"trade_id": 666215394, "side": "buy", "size": "0.29640070", "price": "2965.93000000", "time": "2025-07-13T12:09:19.976076Z", "fetched_at": "2025-07-13T12:10:52.202156+00:00", "symbol": "ETH-USD"}, {"trade_id": 666215393, "side": "buy", "size": "0.00337162", "price": "2965.94000000", "time": "2025-07-13T12:09:19.976076Z", "fetched_at": "2025-07-13T12:10:52.202156+00:00", "symbol": "ETH-USD"}, {"trade_id": 666215392, "side": "buy", "size": "0.16531000", "price": "2965.97000000", "time": "2025-07-13T12:09:19.976076Z", "fetched_at": "2025-07-13T12:10:52.202156+00:00", "symbol": "ETH-USD"}, {"trade_id": 666215391, "side": "sell", "size": "0.00158563", "price": "2965.98000000", "time": "2025-07-13T12:09:16.213967Z", "fetched_at": "2025-07-13T12:10:52.202156+00:00", "symbol": "ETH-USD"}, {"trade_id": 666215390, "side": "sell", "size": "0.04435752", "price": "2966.04000000", "time": "2025-07-13T12:09:14.686005Z", "fetched_at": "2025-07-13T12:10:52.202156+00:00", "symbol": "ETH-USD"}, {"trade_id": 666215389, "side": "sell", "size": "0.15000000", "price": "2966.03000000", "time": "2025-07-13T12:09:14.686005Z", "fetched_at": "2025-07-13T12:10:52.202156+00:00", "symbol": "ETH-USD"}, {"trade_id": 666215388, "side": "sell", "size": "0.00216021", "price": "2966.03000000", "time": "2025-07-13T12:09:14.686005Z", "fetched_at": "2025-07-13T12:10:52.202156+00:00", "symbol": "ETH-USD"}, {"trade_id": 666215387, "side": "sell", "size": "0.00215785", "price": "2966.04000000", "time": "2025-07-13T12:09:14.308217Z", "fetched_at": "2025-07-13T12:10:52.202156+00:00", "symbol": "ETH-USD"}, {"trade_id": 666215386, "side": "sell", "size": "0.00100000", "price": "2966.04000000", "time": "2025-07-13T12:09:14.308217Z", "fetched_at": "2025-07-13T12:10:52.202156+00:00", "symbol": "ETH-USD"}, {"trade_id": 666215385, "side": "sell", "size": "0.00219228", "price": "2966.03000000", "time": "2025-07-13T12:09:14.308217Z", "fetched_at": "2025-07-13T12:10:52.202156+00:00", "symbol": "ETH-USD"}, {"trade_id": 666215384, "side": "sell", "size": "0.00100000", "price": "2965.82000000", "time": "2025-07-13T12:09:14.308217Z", "fetched_at": "2025-07-13T12:10:52.202156+00:00", "symbol": "ETH-USD"}, {"trade_id": 666215383, "side": "sell", "size": "0.00015815", "price": "2965.69000000", "time": "2025-07-13T12:09:14.308217Z", "fetched_at": "2025-07-13T12:10:52.202156+00:00", "symbol": "ETH-USD"}, {"trade_id": 666215382, "side": "sell", "size": "0.00015191", "price": "2965.69000000", "time": "2025-07-13T12:09:14.308217Z", "fetched_at": "2025-07-13T12:10:52.202156+00:00", "symbol": "ETH-USD"}, {"trade_id": 666215381, "side": "sell", "size": "0.00011157", "price": "2965.69000000", "time": "2025-07-13T12:09:14.308217Z", "fetched_at": "2025-07-13T12:10:52.202156+00:00", "symbol": "ETH-USD"}, {"trade_id": 666215380, "side": "sell", "size": "0.00005589", "price": "2965.69000000", "time": "2025-07-13T12:09:14.308217Z", "fetched_at": "2025-07-13T12:10:52.202156+00:00", "symbol": "ETH-USD"}, {"trade_id": 666215379, "side": "buy", "size": "0.06411463", "price": "2965.68000000", "time": "2025-07-13T12:09:12.860425Z", "fetched_at": "2025-07-13T12:10:52.202156+00:00", "symbol": "ETH-USD"}, {"trade_id": 666215378, "side": "buy", "size": "0.00576596", "price": "2965.68000000", "time": "2025-07-13T12:09:12.860425Z", "fetched_at": "2025-07-13T12:10:52.202156+00:00", "symbol": "ETH-USD"}, {"trade_id": 666215377, "side": "buy", "size": "0.01480941", "price": "2965.68000000", "time": "2025-07-13T12:09:12.860425Z", "fetched_at": "2025-07-13T12:10:52.202156+00:00", "symbol": "ETH-USD"}, {"trade_id": 666215376, "side": "buy", "size": "0.16531000", "price": "2965.68000000", "time": "2025-07-13T12:09:12.860425Z", "fetched_at": "2025-07-13T12:10:52.202156+00:00", "symbol": "ETH-USD"}, {"trade_id": 666215375, "side": "sell", "size": "0.00062008", "price": "2965.52000000", "time": "2025-07-13T12:09:02.819163Z", "fetched_at": "2025-07-13T12:10:52.202156+00:00", "symbol": "ETH-USD"}, {"trade_id": 666215374, "side": "sell", "size": "0.00048004", "price": "2965.52000000", "time": "2025-07-13T12:09:02.819163Z", "fetched_at": "2025-07-13T12:10:52.202156+00:00", "symbol": "ETH-USD"}, {"trade_id": 666215373, "side": "buy", "size": "0.30157237", "price": "2965.51000000", "time": "2025-07-13T12:09:01.573972Z", "fetched_at": "2025-07-13T12:10:52.202156+00:00", "symbol": "ETH-USD"}, {"trade_id": 666215372, "side": "buy", "size": "0.15000000", "price": "2965.51000000", "time": "2025-07-13T12:09:01.573972Z", "fetched_at": "2025-07-13T12:10:52.202156+00:00", "symbol": "ETH-USD"}, {"trade_id": 666215371, "side": "buy", "size": "0.50000000", "price": "2965.51000000", "time": "2025-07-13T12:09:01.573972Z", "fetched_at": "2025-07-13T12:10:52.202156+00:00", "symbol": "ETH-USD"}, {"trade_id": 666215370, "side": "sell", "size": "0.21745659", "price": "2965.75000000", "time": "2025-07-13T12:09:00.481770Z", "fetched_at": "2025-07-13T12:10:52.202156+00:00", "symbol": "ETH-USD"}, {"trade_id": 666215369, "side": "sell", "size": "0.00321476", "price": "2965.67000000", "time": "2025-07-13T12:09:00.481770Z", "fetched_at": "2025-07-13T12:10:52.202156+00:00", "symbol": "ETH-USD"}, {"trade_id": 666215368, "side": "sell", "size": "0.40000000", "price": "2965.74000000", "time": "2025-07-13T12:09:00.405286Z", "fetched_at": "2025-07-13T12:10:52.202156+00:00", "symbol": "ETH-USD"}, {"trade_id": 666215367, "side": "sell", "size": "0.20000000", "price": "2965.74000000", "time": "2025-07-13T12:09:00.405286Z", "fetched_at": "2025-07-13T12:10:52.202156+00:00", "symbol": "ETH-USD"}, {"trade_id": 666215366, "side": "sell", "size": "0.50847904", "price": "2965.68000000", "time": "2025-07-13T12:09:00.404810Z", "fetched_at": "2025-07-13T12:10:52.202156+00:00", "symbol": "ETH-USD"}, {"trade_id": 666215365, "side": "sell", "size": "0.29152096", "price": "2965.68000000", "time": "2025-07-13T12:09:00.403925Z", "fetched_at": "2025-07-13T12:10:52.202156+00:00", "symbol": "ETH-USD"}, {"trade_id": 666215364, "side": "sell", "size": "0.20000000", "price": "2965.68000000", "time": "2025-07-13T12:09:00.403925Z", "fetched_at": "2025-07-13T12:10:52.202156+00:00", "symbol": "ETH-USD"}, {"trade_id": 666215363, "side": "sell", "size": "0.05485477", "price": "2965.68000000", "time": "2025-07-13T12:09:00.403925Z", "fetched_at": "2025-07-13T12:10:52.202156+00:00", "symbol": "ETH-USD"}, {"trade_id": 666215362, "side": "sell", "size": "0.34514523", "price": "2965.68000000", "time": "2025-07-13T12:09:00.403373Z", "fetched_at": "2025-07-13T12:10:52.202156+00:00", "symbol": "ETH-USD"}, {"trade_id": 666215361, "side": "sell", "size": "0.00000001", "price": "2965.65000000", "time": "2025-07-13T12:09:00.403373Z", "fetched_at": "2025-07-13T12:10:52.202156+00:00", "symbol": "ETH-USD"}, {"trade_id": 666215360, "side": "sell", "size": "0.16862637", "price": "2965.65000000", "time": "2025-07-13T12:09:00.401692Z", "fetched_at": "2025-07-13T12:10:52.202156+00:00", "symbol": "ETH-USD"}, {"trade_id": 666215359, "side": "sell", "size": "0.00321476", "price": "2965.64000000", "time": "2025-07-13T12:09:00.401692Z", "fetched_at": "2025-07-13T12:10:52.202156+00:00", "symbol": "ETH-USD"}, {"trade_id": 666215358, "side": "sell", "size": "0.00100000", "price": "2965.60000000", "time": "2025-07-13T12:09:00.401692Z", "fetched_at": "2025-07-13T12:10:52.202156+00:00", "symbol": "ETH-USD"}, {"trade_id": 666215357, "side": "sell", "size": "0.00004855", "price": "2965.38000000", "time": "2025-07-13T12:09:00.401692Z", "fetched_at": "2025-07-13T12:10:52.202156+00:00", "symbol": "ETH-USD"}, {"trade_id": 666215356, "side": "sell", "size": "0.04154417", "price": "2965.38000000", "time": "2025-07-13T12:09:00.124988Z", "fetched_at": "2025-07-13T12:10:52.202156+00:00", "symbol": "ETH-USD"}, {"trade_id": 666215355, "side": "sell", "size": "0.00301466", "price": "2965.26000000", "time": "2025-07-13T12:09:00.124988Z", "fetched_at": "2025-07-13T12:10:52.202156+00:00", "symbol": "ETH-USD"}, {"trade_id": 666215354, "side": "sell", "size": "0.00005588", "price": "2965.26000000", "time": "2025-07-13T12:09:00.124988Z", "fetched_at": "2025-07-13T12:10:52.202156+00:00", "symbol": "ETH-USD"}, {"trade_id": 666215353, "side": "sell", "size": "0.00010334", "price": "2965.26000000", "time": "2025-07-13T12:09:00.124988Z", "fetched_at": "2025-07-13T12:10:52.202156+00:00", "symbol": "ETH-USD"}, {"trade_id": 666215352, "side": "sell", "size": "0.00031004", "price": "2965.26000000", "time": "2025-07-13T12:09:00.124988Z", "fetched_at": "2025-07-13T12:10:52.202156+00:00", "symbol": "ETH-USD"}, {"trade_id": 666215351, "side": "sell", "size": "0.00004201", "price": "2965.26000000", "time": "2025-07-13T12:09:00.124988Z", "fetched_at": "2025-07-13T12:10:52.202156+00:00", "symbol": "ETH-USD"}, {"trade_id": 666215350, "side": "sell", "size": "0.00019800", "price": "2965.26000000", "time": "2025-07-13T12:08:59.770225Z", "fetched_at": "2025-07-13T12:10:52.202156+00:00", "symbol": "ETH-USD"}, {"trade_id": 666215349, "side": "sell", "size": "0.00005589", "price": "2965.26000000", "time": "2025-07-13T12:08:59.770225Z", "fetched_at": "2025-07-13T12:10:52.202156+00:00", "symbol": "ETH-USD"}, {"trade_id": 666215348, "side": "sell", "size": "0.00010335", "price": "2965.26000000", "time": "2025-07-13T12:08:59.770225Z", "fetched_at": "2025-07-13T12:10:52.202156+00:00", "symbol": "ETH-USD"}, {"trade_id": 666215347, "side": "buy", "size": "0.00910533", "price": "2965.25000000", "time": "2025-07-13T12:08:54.636756Z", "fetched_at": "2025-07-13T12:10:52.202156+00:00", "symbol": "ETH-USD"}, {"trade_id": 666215346, "side": "sell", "size": "0.08015934", "price": "2965.39000000", "time": "2025-07-13T12:08:52.727688Z", "fetched_at": "2025-07-13T12:10:52.202156+00:00", "symbol": "ETH-USD"}, {"trade_id": 666215345, "side": "sell", "size": "0.00330355", "price": "2965.25000000", "time": "2025-07-13T12:08:52.727688Z", "fetched_at": "2025-07-13T12:10:52.202156+00:00", "symbol": "ETH-USD"}, {"trade_id": 666215344, "side": "sell", "size": "0.01226838", "price": "2965.32000000", "time": "2025-07-13T12:08:52.468637Z", "fetched_at": "2025-07-13T12:10:52.202156+00:00", "symbol": "ETH-USD"}, {"trade_id": 666215343, "side": "sell", "size": "0.00024002", "price": "2965.28000000", "time": "2025-07-13T12:08:52.468637Z", "fetched_at": "2025-07-13T12:10:52.202156+00:00", "symbol": "ETH-USD"}, {"trade_id": 666215342, "side": "sell", "size": "0.00031006", "price": "2965.28000000", "time": "2025-07-13T12:08:52.468637Z", "fetched_at": "2025-07-13T12:10:52.202156+00:00", "symbol": "ETH-USD"}, {"trade_id": 666215341, "side": "sell", "size": "0.00005590", "price": "2965.28000000", "time": "2025-07-13T12:08:52.468637Z", "fetched_at": "2025-07-13T12:10:52.202156+00:00", "symbol": "ETH-USD"}, {"trade_id": 666215340, "side": "sell", "size": "0.00337254", "price": "2965.19000000", "time": "2025-07-13T12:08:52.468637Z", "fetched_at": "2025-07-13T12:10:52.202156+00:00", "symbol": "ETH-USD"}, {"trade_id": 666215339, "side": "sell", "size": "0.00013872", "price": "2965.19000000", "time": "2025-07-13T12:08:52.468637Z", "fetched_at": "2025-07-13T12:10:52.202156+00:00", "symbol": "ETH-USD"}, {"trade_id": 666215338, "side": "buy", "size": "0.00654995", "price": "2965.18000000", "time": "2025-07-13T12:08:47.869072Z", "fetched_at": "2025-07-13T12:10:52.202156+00:00", "symbol": "ETH-USD"}, {"trade_id": 666215337, "side": "sell", "size": "0.00330561", "price": "2965.38000000", "time": "2025-07-13T12:08:44.723948Z", "fetched_at": "2025-07-13T12:10:52.202156+00:00", "symbol": "ETH-USD"}, {"trade_id": 666215336, "side": "sell", "size": "0.00337241", "price": "2965.25000000", "time": "2025-07-13T12:08:44.723948Z", "fetched_at": "2025-07-13T12:10:52.202156+00:00", "symbol": "ETH-USD"}, {"trade_id": 666215335, "side": "sell", "size": "0.00033387", "price": "2965.25000000", "time": "2025-07-13T12:08:42.573407Z", "fetched_at": "2025-07-13T12:10:52.202156+00:00", "symbol": "ETH-USD"}, {"trade_id": 666215334, "side": "sell", "size": "0.00066771", "price": "2965.30000000", "time": "2025-07-13T12:08:42.263216Z", "fetched_at": "2025-07-13T12:10:52.202156+00:00", "symbol": "ETH-USD"}, {"trade_id": 666215333, "side": "sell", "size": "0.00158581", "price": "2965.39000000", "time": "2025-07-13T12:08:41.906317Z", "fetched_at": "2025-07-13T12:10:52.202156+00:00", "symbol": "ETH-USD"}, {"trade_id": 666215332, "side": "sell", "size": "0.00263091", "price": "2965.39000000", "time": "2025-07-13T12:08:41.212169Z", "fetched_at": "2025-07-13T12:10:52.202156+00:00", "symbol": "ETH-USD"}, {"trade_id": 666215331, "side": "sell", "size": "0.00337229", "price": "2965.38000000", "time": "2025-07-13T12:08:41.212169Z", "fetched_at": "2025-07-13T12:10:52.202156+00:00", "symbol": "ETH-USD"}, {"trade_id": 666215330, "side": "sell", "size": "0.00006796", "price": "2965.38000000", "time": "2025-07-13T12:08:41.212169Z", "fetched_at": "2025-07-13T12:10:52.202156+00:00", "symbol": "ETH-USD"}, {"trade_id": 666215329, "side": "sell", "size": "0.00024002", "price": "2965.38000000", "time": "2025-07-13T12:08:41.212169Z", "fetched_at": "2025-07-13T12:10:52.202156+00:00", "symbol": "ETH-USD"}, {"trade_id": 666215328, "side": "sell", "size": "0.00030999", "price": "2965.38000000", "time": "2025-07-13T12:08:41.212169Z", "fetched_at": "2025-07-13T12:10:52.202156+00:00", "symbol": "ETH-USD"}, {"trade_id": 666215327, "side": "sell", "size": "0.00005588", "price": "2965.38000000", "time": "2025-07-13T12:08:41.212169Z", "fetched_at": "2025-07-13T12:10:52.202156+00:00", "symbol": "ETH-USD"}, {"trade_id": 666215326, "side": "sell", "size": "0.00048089", "price": "2965.38000000", "time": "2025-07-13T12:08:41.068572Z", "fetched_at": "2025-07-13T12:10:52.202156+00:00", "symbol": "ETH-USD"}, {"trade_id": 666215325, "side": "sell", "size": "0.00010335", "price": "2965.38000000", "time": "2025-07-13T12:08:41.068572Z", "fetched_at": "2025-07-13T12:10:52.202156+00:00", "symbol": "ETH-USD"}, {"trade_id": 666215324, "side": "buy", "size": "0.00757083", "price": "2965.37000000", "time": "2025-07-13T12:08:40.390872Z", "fetched_at": "2025-07-13T12:10:52.202156+00:00", "symbol": "ETH-USD"}, {"trade_id": 666215323, "side": "sell", "size": "0.02933142", "price": "2965.38000000", "time": "2025-07-13T12:08:38.606365Z", "fetched_at": "2025-07-13T12:10:52.202156+00:00", "symbol": "ETH-USD"}, {"trade_id": 666215322, "side": "sell", "size": "0.00333622", "price": "2965.27000000", "time": "2025-07-13T12:08:38.606365Z", "fetched_at": "2025-07-13T12:10:52.202156+00:00", "symbol": "ETH-USD"}, {"trade_id": 666215321, "side": "sell", "size": "0.00010335", "price": "2965.27000000", "time": "2025-07-13T12:08:38.606365Z", "fetched_at": "2025-07-13T12:10:52.202156+00:00", "symbol": "ETH-USD"}, {"trade_id": 666215320, "side": "sell", "size": "0.00895264", "price": "2965.38000000", "time": "2025-07-13T12:08:37.242896Z", "fetched_at": "2025-07-13T12:10:52.202156+00:00", "symbol": "ETH-USD"}, {"trade_id": 666215319, "side": "sell", "size": "0.00026824", "price": "2965.27000000", "time": "2025-07-13T12:08:37.242896Z", "fetched_at": "2025-07-13T12:10:52.202156+00:00", "symbol": "ETH-USD"}, {"trade_id": 666215318, "side": "sell", "size": "0.00033848", "price": "2965.27000000", "time": "2025-07-13T12:08:37.242896Z", "fetched_at": "2025-07-13T12:10:52.202156+00:00", "symbol": "ETH-USD"}, {"trade_id": 666215317, "side": "sell", "size": "0.00005596", "price": "2965.27000000", "time": "2025-07-13T12:08:37.242896Z", "fetched_at": "2025-07-13T12:10:52.202156+00:00", "symbol": "ETH-USD"}, {"trade_id": 666215316, "side": "sell", "size": "0.00337240", "price": "2965.27000000", "time": "2025-07-13T12:08:37.242896Z", "fetched_at": "2025-07-13T12:10:52.202156+00:00", "symbol": "ETH-USD"}, {"trade_id": 666215315, "side": "sell", "size": "0.00011948", "price": "2965.27000000", "time": "2025-07-13T12:08:37.242896Z", "fetched_at": "2025-07-13T12:10:52.202156+00:00", "symbol": "ETH-USD"}, {"trade_id": 666215314, "side": "buy", "size": "0.05000000", "price": "2965.26000000", "time": "2025-07-13T12:08:36.760206Z", "fetched_at": "2025-07-13T12:10:52.202156+00:00", "symbol": "ETH-USD"}, {"trade_id": 666215313, "side": "buy", "size": "0.00000674", "price": "2965.24000000", "time": "2025-07-13T12:08:32.086861Z", "fetched_at": "2025-07-13T12:10:52.202156+00:00", "symbol": "ETH-USD"}, {"trade_id": 666215312, "side": "sell", "size": "0.04631732", "price": "2965.41000000", "time": "2025-07-13T12:08:30.589307Z", "fetched_at": "2025-07-13T12:10:52.202156+00:00", "symbol": "ETH-USD"}, {"trade_id": 666215311, "side": "sell", "size": "0.00284148", "price": "2965.27000000", "time": "2025-07-13T12:08:30.589307Z", "fetched_at": "2025-07-13T12:10:52.202156+00:00", "symbol": "ETH-USD"}, {"trade_id": 666215310, "side": "sell", "size": "0.02959108", "price": "2965.41000000", "time": "2025-07-13T12:08:30.431124Z", "fetched_at": "2025-07-13T12:10:52.202156+00:00", "symbol": "ETH-USD"}, {"trade_id": 666215309, "side": "sell", "size": "0.00284148", "price": "2965.27000000", "time": "2025-07-13T12:08:30.431124Z", "fetched_at": "2025-07-13T12:10:52.202156+00:00", "symbol": "ETH-USD"}, {"trade_id": 666215308, "side": "sell", "size": "0.00049025", "price": "2965.27000000", "time": "2025-07-13T12:08:30.431124Z", "fetched_at": "2025-07-13T12:10:52.202156+00:00", "symbol": "ETH-USD"}, {"trade_id": 666215307, "side": "sell", "size": "0.00008836", "price": "2965.27000000", "time": "2025-07-13T12:08:30.431124Z", "fetched_at": "2025-07-13T12:10:52.202156+00:00", "symbol": "ETH-USD"}, {"trade_id": 666215306, "side": "sell", "size": "0.00037957", "price": "2965.27000000", "time": "2025-07-13T12:08:30.431124Z", "fetched_at": "2025-07-13T12:10:52.202156+00:00", "symbol": "ETH-USD"}, {"trade_id": 666215305, "side": "sell", "size": "0.01225496", "price": "2965.38000000", "time": "2025-07-13T12:08:29.904986Z", "fetched_at": "2025-07-13T12:10:52.202156+00:00", "symbol": "ETH-USD"}, {"trade_id": 666215304, "side": "sell", "size": "0.00002334", "price": "2965.38000000", "time": "2025-07-13T12:08:29.904986Z", "fetched_at": "2025-07-13T12:10:52.202156+00:00", "symbol": "ETH-USD"}, {"trade_id": 666215303, "side": "sell", "size": "0.00010126", "price": "2965.38000000", "time": "2025-07-13T12:08:29.904986Z", "fetched_at": "2025-07-13T12:10:52.202156+00:00", "symbol": "ETH-USD"}, {"trade_id": 666215302, "side": "sell", "size": "0.00007231", "price": "2965.38000000", "time": "2025-07-13T12:08:29.904986Z", "fetched_at": "2025-07-13T12:10:52.202156+00:00", "symbol": "ETH-USD"}, {"trade_id": 666215301, "side": "sell", "size": "0.00008720", "price": "2965.38000000", "time": "2025-07-13T12:08:29.904986Z", "fetched_at": "2025-07-13T12:10:52.202156+00:00", "symbol": "ETH-USD"}, {"trade_id": 666215300, "side": "sell", "size": "0.00100000", "price": "2965.38000000", "time": "2025-07-13T12:08:29.904986Z", "fetched_at": "2025-07-13T12:10:52.202156+00:00", "symbol": "ETH-USD"}, {"trade_id": 666215299, "side": "sell", "size": "0.00315356", "price": "2965.19000000", "time": "2025-07-13T12:08:29.904986Z", "fetched_at": "2025-07-13T12:10:52.202156+00:00", "symbol": "ETH-USD"}, {"trade_id": 666215298, "side": "buy", "size": "0.00020059", "price": "2965.17000000", "time": "2025-07-13T12:08:29.714545Z", "fetched_at": "2025-07-13T12:10:52.202156+00:00", "symbol": "ETH-USD"}, {"trade_id": 666215297, "side": "buy", "size": "0.00337248", "price": "2965.18000000", "time": "2025-07-13T12:08:29.714545Z", "fetched_at": "2025-07-13T12:10:52.202156+00:00", "symbol": "ETH-USD"}, {"trade_id": 666215296, "side": "buy", "size": "0.00100579", "price": "2965.18000000", "time": "2025-07-13T12:08:29.714545Z", "fetched_at": "2025-07-13T12:10:52.202156+00:00", "symbol": "ETH-USD"}, {"trade_id": 666215295, "side": "sell", "size": "0.00791923", "price": "2965.37000000", "time": "2025-07-13T12:08:21.996884Z", "fetched_at": "2025-07-13T12:10:52.202156+00:00", "symbol": "ETH-USD"}, {"trade_id": 666215294, "side": "sell", "size": "0.00124002", "price": "2965.34000000", "time": "2025-07-13T12:08:21.996884Z", "fetched_at": "2025-07-13T12:10:52.202156+00:00", "symbol": "ETH-USD"}, {"trade_id": 666215293, "side": "sell", "size": "0.00041336", "price": "2965.34000000", "time": "2025-07-13T12:08:21.996884Z", "fetched_at": "2025-07-13T12:10:52.202156+00:00", "symbol": "ETH-USD"}, {"trade_id": 666215292, "side": "sell", "size": "0.00096009", "price": "2965.34000000", "time": "2025-07-13T12:08:21.996884Z", "fetched_at": "2025-07-13T12:10:52.202156+00:00", "symbol": "ETH-USD"}, {"trade_id": 666215291, "side": "sell", "size": "0.00022358", "price": "2965.34000000", "time": "2025-07-13T12:08:21.996884Z", "fetched_at": "2025-07-13T12:10:52.202156+00:00", "symbol": "ETH-USD"}, {"trade_id": 666215290, "side": "sell", "size": "0.00294936", "price": "2965.34000000", "time": "2025-07-13T12:08:21.996884Z", "fetched_at": "2025-07-13T12:10:52.202156+00:00", "symbol": "ETH-USD"}, {"trade_id": 666215289, "side": "sell", "size": "0.00298941", "price": "2965.34000000", "time": "2025-07-13T12:08:21.996884Z", "fetched_at": "2025-07-13T12:10:52.202156+00:00", "symbol": "ETH-USD"}, {"trade_id": 666215288, "side": "buy", "size": "0.08000000", "price": "2965.33000000", "time": "2025-07-13T12:08:21.027596Z", "fetched_at": "2025-07-13T12:10:52.202156+00:00", "symbol": "ETH-USD"}, {"trade_id": 666215287, "side": "sell", "size": "0.20000000", "price": "2965.24000000", "time": "2025-07-13T12:08:20.356739Z", "fetched_at": "2025-07-13T12:10:52.202156+00:00", "symbol": "ETH-USD"}, {"trade_id": 666215286, "side": "sell", "size": "0.40000000", "price": "2965.24000000", "time": "2025-07-13T12:08:20.356739Z", "fetched_at": "2025-07-13T12:10:52.202156+00:00", "symbol": "ETH-USD"}, {"trade_id": 666215285, "side": "sell", "size": "0.00331082", "price": "2965.23000000", "time": "2025-07-13T12:08:20.356739Z", "fetched_at": "2025-07-13T12:10:52.202156+00:00", "symbol": "ETH-USD"}, {"trade_id": 666215284, "side": "sell", "size": "0.00024005", "price": "2965.23000000", "time": "2025-07-13T12:08:20.356739Z", "fetched_at": "2025-07-13T12:10:52.202156+00:00", "symbol": "ETH-USD"}, {"trade_id": 666215283, "side": "sell", "size": "0.00005589", "price": "2965.23000000", "time": "2025-07-13T12:08:20.356739Z", "fetched_at": "2025-07-13T12:10:52.202156+00:00", "symbol": "ETH-USD"}, {"trade_id": 666215282, "side": "sell", "size": "0.00010335", "price": "2965.23000000", "time": "2025-07-13T12:08:20.356739Z", "fetched_at": "2025-07-13T12:10:52.202156+00:00", "symbol": "ETH-USD"}, {"trade_id": 666215281, "side": "sell", "size": "0.00031000", "price": "2965.23000000", "time": "2025-07-13T12:08:20.356739Z", "fetched_at": "2025-07-13T12:10:52.202156+00:00", "symbol": "ETH-USD"}, {"trade_id": 666215280, "side": "sell", "size": "0.20363328", "price": "2965.00000000", "time": "2025-07-13T12:08:17.722197Z", "fetched_at": "2025-07-13T12:10:52.202156+00:00", "symbol": "ETH-USD"}, {"trade_id": 666215279, "side": "sell", "size": "0.30000000", "price": "2964.90000000", "time": "2025-07-13T12:08:17.722197Z", "fetched_at": "2025-07-13T12:10:52.202156+00:00", "symbol": "ETH-USD"}, {"trade_id": 666215278, "side": "sell", "size": "0.00089993", "price": "2964.89000000", "time": "2025-07-13T12:08:17.722197Z", "fetched_at": "2025-07-13T12:10:52.202156+00:00", "symbol": "ETH-USD"}, {"trade_id": 666215277, "side": "sell", "size": "0.00345814", "price": "2964.85000000", "time": "2025-07-13T12:08:17.722197Z", "fetched_at": "2025-07-13T12:10:52.202156+00:00", "symbol": "ETH-USD"}, {"trade_id": 666215276, "side": "buy", "size": "0.01865140", "price": "2964.71000000", "time": "2025-07-13T12:08:13.348532Z", "fetched_at": "2025-07-13T12:10:52.202156+00:00", "symbol": "ETH-USD"}, {"trade_id": 666215275, "side": "buy", "size": "0.01622418", "price": "2964.71000000", "time": "2025-07-13T12:08:13.348532Z", "fetched_at": "2025-07-13T12:10:52.202156+00:00", "symbol": "ETH-USD"}, {"trade_id": 666215274, "side": "buy", "size": "0.00100000", "price": "2964.72000000", "time": "2025-07-13T12:08:13.348532Z", "fetched_at": "2025-07-13T12:10:52.202156+00:00", "symbol": "ETH-USD"}, {"trade_id": 666215273, "side": "buy", "size": "0.00001349", "price": "2964.74000000", "time": "2025-07-13T12:08:13.348532Z", "fetched_at": "2025-07-13T12:10:52.202156+00:00", "symbol": "ETH-USD"}, {"trade_id": 666215272, "side": "buy", "size": "0.00310988", "price": "2964.74000000", "time": "2025-07-13T12:08:13.348532Z", "fetched_at": "2025-07-13T12:10:52.202156+00:00", "symbol": "ETH-USD"}, {"trade_id": 666215271, "side": "buy", "size": "0.00155488", "price": "2964.84000000", "time": "2025-07-13T12:08:13.348532Z", "fetched_at": "2025-07-13T12:10:52.202156+00:00", "symbol": "ETH-USD"}, {"trade_id": 666215270, "side": "buy", "size": "0.00163583", "price": "2964.84000000", "time": "2025-07-13T12:08:13.348532Z", "fetched_at": "2025-07-13T12:10:52.202156+00:00", "symbol": "ETH-USD"}, {"trade_id": 666215269, "side": "buy", "size": "0.00081622", "price": "2964.88000000", "time": "2025-07-13T12:08:12.403340Z", "fetched_at": "2025-07-13T12:10:52.202156+00:00", "symbol": "ETH-USD"}, {"trade_id": 666215268, "side": "buy", "size": "0.00077912", "price": "2964.88000000", "time": "2025-07-13T12:08:12.403340Z", "fetched_at": "2025-07-13T12:10:52.202156+00:00", "symbol": "ETH-USD"}, {"trade_id": 666215267, "side": "buy", "size": "0.49998075", "price": "2964.89000000", "time": "2025-07-13T12:08:12.403340Z", "fetched_at": "2025-07-13T12:10:52.202156+00:00", "symbol": "ETH-USD"}, {"trade_id": 666215266, "side": "buy", "size": "0.00034038", "price": "2964.89000000", "time": "2025-07-13T12:08:12.403340Z", "fetched_at": "2025-07-13T12:10:52.202156+00:00", "symbol": "ETH-USD"}, {"trade_id": 666215265, "side": "buy", "size": "0.49985356", "price": "2964.89000000", "time": "2025-07-13T12:08:12.403340Z", "fetched_at": "2025-07-13T12:10:52.202156+00:00", "symbol": "ETH-USD"}, {"trade_id": 666215264, "side": "buy", "size": "0.19874789", "price": "2964.89000000", "time": "2025-07-13T12:08:12.403340Z", "fetched_at": "2025-07-13T12:10:52.202156+00:00", "symbol": "ETH-USD"}, {"trade_id": 666215263, "side": "buy", "size": "0.04445021", "price": "2964.89000000", "time": "2025-07-13T12:08:12.403340Z", "fetched_at": "2025-07-13T12:10:52.202156+00:00", "symbol": "ETH-USD"}, {"trade_id": 666215262, "side": "buy", "size": "0.01730586", "price": "2964.89000000", "time": "2025-07-13T12:08:12.403340Z", "fetched_at": "2025-07-13T12:10:52.202156+00:00", "symbol": "ETH-USD"}, {"trade_id": 666215261, "side": "buy", "size": "0.00001349", "price": "2964.89000000", "time": "2025-07-13T12:08:12.403340Z", "fetched_at": "2025-07-13T12:10:52.202156+00:00", "symbol": "ETH-USD"}, {"trade_id": 666215260, "side": "buy", "size": "0.00324126", "price": "2964.89000000", "time": "2025-07-13T12:08:12.403340Z", "fetched_at": "2025-07-13T12:10:52.202156+00:00", "symbol": "ETH-USD"}, {"trade_id": 666215259, "side": "buy", "size": "0.00000337", "price": "2964.89000000", "time": "2025-07-13T12:08:12.403340Z", "fetched_at": "2025-07-13T12:10:52.202156+00:00", "symbol": "ETH-USD"}, {"trade_id": 666215258, "side": "buy", "size": "0.00000674", "price": "2964.89000000", "time": "2025-07-13T12:08:12.403340Z", "fetched_at": "2025-07-13T12:10:52.202156+00:00", "symbol": "ETH-USD"}, {"trade_id": 666215257, "side": "buy", "size": "0.00001349", "price": "2964.89000000", "time": "2025-07-13T12:08:12.403340Z", "fetched_at": "2025-07-13T12:10:52.202156+00:00", "symbol": "ETH-USD"}, {"trade_id": 666215256, "side": "buy", "size": "0.01648290", "price": "2964.89000000", "time": "2025-07-13T12:08:12.403340Z", "fetched_at": "2025-07-13T12:10:52.202156+00:00", "symbol": "ETH-USD"}, {"trade_id": 666215255, "side": "buy", "size": "0.04353955", "price": "2964.89000000", "time": "2025-07-13T12:08:12.403340Z", "fetched_at": "2025-07-13T12:10:52.202156+00:00", "symbol": "ETH-USD"}, {"trade_id": 666215254, "side": "buy", "size": "0.00100000", "price": "2964.94000000", "time": "2025-07-13T12:08:12.403340Z", "fetched_at": "2025-07-13T12:10:52.202156+00:00", "symbol": "ETH-USD"}, {"trade_id": 666215253, "side": "buy", "size": "0.00316465", "price": "2965.11000000", "time": "2025-07-13T12:08:10.341513Z", "fetched_at": "2025-07-13T12:10:52.202156+00:00", "symbol": "ETH-USD"}, {"trade_id": 666215252, "side": "buy", "size": "0.02193535", "price": "2965.11000000", "time": "2025-07-13T12:08:10.341513Z", "fetched_at": "2025-07-13T12:10:52.202156+00:00", "symbol": "ETH-USD"}, {"trade_id": 666215251, "side": "sell", "size": "0.05342039", "price": "2965.12000000", "time": "2025-07-13T12:08:06.319681Z", "fetched_at": "2025-07-13T12:10:52.202156+00:00", "symbol": "ETH-USD"}, {"trade_id": 666215250, "side": "buy", "size": "0.07000000", "price": "2965.11000000", "time": "2025-07-13T12:08:05.973170Z", "fetched_at": "2025-07-13T12:10:52.202156+00:00", "symbol": "ETH-USD"}, {"trade_id": 666215249, "side": "sell", "size": "0.00017507", "price": "2965.12000000", "time": "2025-07-13T12:08:05.465635Z", "fetched_at": "2025-07-13T12:10:52.202156+00:00", "symbol": "ETH-USD"}, {"trade_id": 666215248, "side": "buy", "size": "0.00269791", "price": "2965.11000000", "time": "2025-07-13T12:08:03.834152Z", "fetched_at": "2025-07-13T12:10:52.202156+00:00", "symbol": "ETH-USD"}, {"trade_id": 666215247, "side": "buy", "size": "0.05536674", "price": "2965.11000000", "time": "2025-07-13T12:08:02.303438Z", "fetched_at": "2025-07-13T12:10:52.202156+00:00", "symbol": "ETH-USD"}, {"trade_id": 666215246, "side": "buy", "size": "0.00100887", "price": "2965.21000000", "time": "2025-07-13T12:08:02.303438Z", "fetched_at": "2025-07-13T12:10:52.202156+00:00", "symbol": "ETH-USD"}, {"trade_id": 666215245, "side": "sell", "size": "0.01035000", "price": "2965.22000000", "time": "2025-07-13T12:08:02.072370Z", "fetched_at": "2025-07-13T12:10:52.202156+00:00", "symbol": "ETH-USD"}, {"trade_id": 666215244, "side": "buy", "size": "0.00916488", "price": "2965.16000000", "time": "2025-07-13T12:08:01.500788Z", "fetched_at": "2025-07-13T12:10:52.202156+00:00", "symbol": "ETH-USD"}, {"trade_id": 666215243, "side": "sell", "size": "0.00435801", "price": "2965.30000000", "time": "2025-07-13T12:08:00.905424Z", "fetched_at": "2025-07-13T12:10:52.202156+00:00", "symbol": "ETH-USD"}, {"trade_id": 666215242, "side": "sell", "size": "0.00333149", "price": "2965.29000000", "time": "2025-07-13T12:08:00.905424Z", "fetched_at": "2025-07-13T12:10:52.202156+00:00", "symbol": "ETH-USD"}, {"trade_id": 666215241, "side": "sell", "size": "0.00024003", "price": "2965.14000000", "time": "2025-07-13T12:08:00.905424Z", "fetched_at": "2025-07-13T12:10:52.202156+00:00", "symbol": "ETH-USD"}, {"trade_id": 666215240, "side": "sell", "size": "0.00031006", "price": "2965.14000000", "time": "2025-07-13T12:08:00.905424Z", "fetched_at": "2025-07-13T12:10:52.202156+00:00", "symbol": "ETH-USD"}, {"trade_id": 666215239, "side": "sell", "size": "0.00005589", "price": "2965.14000000", "time": "2025-07-13T12:08:00.905424Z", "fetched_at": "2025-07-13T12:10:52.202156+00:00", "symbol": "ETH-USD"}, {"trade_id": 666215238, "side": "sell", "size": "0.00005151", "price": "2965.14000000", "time": "2025-07-13T12:08:00.905424Z", "fetched_at": "2025-07-13T12:10:52.202156+00:00", "symbol": "ETH-USD"}, {"trade_id": 666215237, "side": "sell", "size": "0.00005185", "price": "2965.14000000", "time": "2025-07-13T12:07:54.777766Z", "fetched_at": "2025-07-13T12:10:52.202156+00:00", "symbol": "ETH-USD"}, {"trade_id": 666215236, "side": "sell", "size": "0.00024001", "price": "2965.14000000", "time": "2025-07-13T12:07:54.777766Z", "fetched_at": "2025-07-13T12:10:52.202156+00:00", "symbol": "ETH-USD"}, {"trade_id": 666215235, "side": "sell", "size": "0.00031003", "price": "2965.14000000", "time": "2025-07-13T12:07:54.777766Z", "fetched_at": "2025-07-13T12:10:52.202156+00:00", "symbol": "ETH-USD"}, {"trade_id": 666215234, "side": "sell", "size": "0.00005251", "price": "2965.14000000", "time": "2025-07-13T12:07:54.777766Z", "fetched_at": "2025-07-13T12:10:52.202156+00:00", "symbol": "ETH-USD"}, {"trade_id": 666215233, "side": "sell", "size": "0.00000337", "price": "2965.14000000", "time": "2025-07-13T12:07:52.418932Z", "fetched_at": "2025-07-13T12:10:52.202156+00:00", "symbol": "ETH-USD"}, {"trade_id": 666215232, "side": "buy", "size": "0.04999736", "price": "2965.11000000", "time": "2025-07-13T12:07:52.013674Z", "fetched_at": "2025-07-13T12:10:52.202156+00:00", "symbol": "ETH-USD"}, {"trade_id": 666215231, "side": "buy", "size": "0.15000000", "price": "2965.13000000", "time": "2025-07-13T12:07:52.013674Z", "fetched_at": "2025-07-13T12:10:52.202156+00:00", "symbol": "ETH-USD"}, {"trade_id": 666215230, "side": "buy", "size": "0.43873656", "price": "2965.13000000", "time": "2025-07-13T12:07:52.013674Z", "fetched_at": "2025-07-13T12:10:52.202156+00:00", "symbol": "ETH-USD"}, {"trade_id": 666215229, "side": "buy", "size": "0.00089000", "price": "2965.13000000", "time": "2025-07-13T12:07:52.013674Z", "fetched_at": "2025-07-13T12:10:52.202156+00:00", "symbol": "ETH-USD"}, {"trade_id": 666215228, "side": "buy", "size": "0.16531000", "price": "2965.13000000", "time": "2025-07-13T12:07:52.013674Z", "fetched_at": "2025-07-13T12:10:52.202156+00:00", "symbol": "ETH-USD"}, {"trade_id": 666215227, "side": "sell", "size": "0.01628220", "price": "2965.14000000", "time": "2025-07-13T12:07:50.791466Z", "fetched_at": "2025-07-13T12:10:52.202156+00:00", "symbol": "ETH-USD"}, {"trade_id": 666215226, "side": "sell", "size": "0.00010334", "price": "2965.14000000", "time": "2025-07-13T12:07:50.791466Z", "fetched_at": "2025-07-13T12:10:52.202156+00:00", "symbol": "ETH-USD"}, {"trade_id": 666215225, "side": "sell", "size": "0.16385544", "price": "2965.16000000", "time": "2025-07-13T12:07:46.765791Z", "fetched_at": "2025-07-13T12:10:52.202156+00:00", "symbol": "ETH-USD"}, {"trade_id": 666215224, "side": "sell", "size": "0.00068449", "price": "2965.16000000", "time": "2025-07-13T12:07:46.509106Z", "fetched_at": "2025-07-13T12:10:52.202156+00:00", "symbol": "ETH-USD"}, {"trade_id": 666215223, "side": "sell", "size": "0.00035484", "price": "2965.16000000", "time": "2025-07-13T12:07:46.509106Z", "fetched_at": "2025-07-13T12:10:52.202156+00:00", "symbol": "ETH-USD"}, {"trade_id": 666215222, "side": "sell", "size": "0.00045046", "price": "2965.16000000", "time": "2025-07-13T12:07:46.509106Z", "fetched_at": "2025-07-13T12:10:52.202156+00:00", "symbol": "ETH-USD"}, {"trade_id": 666215221, "side": "sell", "size": "0.00007613", "price": "2965.16000000", "time": "2025-07-13T12:07:46.509106Z", "fetched_at": "2025-07-13T12:10:52.202156+00:00", "symbol": "ETH-USD"}, {"trade_id": 666215220, "side": "sell", "size": "0.00010334", "price": "2965.16000000", "time": "2025-07-13T12:07:46.509106Z", "fetched_at": "2025-07-13T12:10:52.202156+00:00", "symbol": "ETH-USD"}, {"trade_id": 666215219, "side": "buy", "size": "0.06489262", "price": "2965.36000000", "time": "2025-07-13T12:07:42.725130Z", "fetched_at": "2025-07-13T12:10:52.202156+00:00", "symbol": "ETH-USD"}, {"trade_id": 666215218, "side": "buy", "size": "0.16563542", "price": "2965.36000000", "time": "2025-07-13T12:07:42.725130Z", "fetched_at": "2025-07-13T12:10:52.202156+00:00", "symbol": "ETH-USD"}, {"trade_id": 666215217, "side": "sell", "size": "0.00819333", "price": "2965.37000000", "time": "2025-07-13T12:07:42.268068Z", "fetched_at": "2025-07-13T12:10:52.202156+00:00", "symbol": "ETH-USD"}, {"trade_id": 666215216, "side": "buy", "size": "0.00741945", "price": "2965.36000000", "time": "2025-07-13T12:07:40.125550Z", "fetched_at": "2025-07-13T12:10:52.202156+00:00", "symbol": "ETH-USD"}, {"trade_id": 666215215, "side": "sell", "size": "0.00834691", "price": "2965.37000000", "time": "2025-07-13T12:07:38.581261Z", "fetched_at": "2025-07-13T12:10:52.202156+00:00", "symbol": "ETH-USD"}, {"trade_id": 666215214, "side": "sell", "size": "0.01352833", "price": "2965.37000000", "time": "2025-07-13T12:07:38.524603Z", "fetched_at": "2025-07-13T12:10:52.202156+00:00", "symbol": "ETH-USD"}, {"trade_id": 666215213, "side": "sell", "size": "0.00316540", "price": "2965.37000000", "time": "2025-07-13T12:07:38.524603Z", "fetched_at": "2025-07-13T12:10:52.202156+00:00", "symbol": "ETH-USD"}, {"trade_id": 666215212, "side": "sell", "size": "0.04668324", "price": "2965.41000000", "time": "2025-07-13T12:07:38.344973Z", "fetched_at": "2025-07-13T12:10:52.202156+00:00", "symbol": "ETH-USD"}, {"trade_id": 666215211, "side": "sell", "size": "0.00316540", "price": "2965.40000000", "time": "2025-07-13T12:07:38.344973Z", "fetched_at": "2025-07-13T12:10:52.202156+00:00", "symbol": "ETH-USD"}, {"trade_id": 666215210, "side": "sell", "size": "0.00100000", "price": "2965.38000000", "time": "2025-07-13T12:07:38.344973Z", "fetched_at": "2025-07-13T12:10:52.202156+00:00", "symbol": "ETH-USD"}, {"trade_id": 666215209, "side": "sell", "size": "0.00012518", "price": "2965.37000000", "time": "2025-07-13T12:07:38.344973Z", "fetched_at": "2025-07-13T12:10:52.202156+00:00", "symbol": "ETH-USD"}, {"trade_id": 666215208, "side": "sell", "size": "0.00016957", "price": "2965.37000000", "time": "2025-07-13T12:07:38.344973Z", "fetched_at": "2025-07-13T12:10:52.202156+00:00", "symbol": "ETH-USD"}, {"trade_id": 666215207, "side": "sell", "size": "0.00003566", "price": "2965.37000000", "time": "2025-07-13T12:07:38.344973Z", "fetched_at": "2025-07-13T12:10:52.202156+00:00", "symbol": "ETH-USD"}, {"trade_id": 666215206, "side": "sell", "size": "0.03277264", "price": "2965.37000000", "time": "2025-07-13T12:07:38.191750Z", "fetched_at": "2025-07-13T12:10:52.202156+00:00", "symbol": "ETH-USD"}, {"trade_id": 666215205, "side": "sell", "size": "0.00596829", "price": "2965.24000000", "time": "2025-07-13T12:07:38.095005Z", "fetched_at": "2025-07-13T12:10:52.202156+00:00", "symbol": "ETH-USD"}, {"trade_id": 666215204, "side": "sell", "size": "0.00010336", "price": "2965.20000000", "time": "2025-07-13T12:07:38.095005Z", "fetched_at": "2025-07-13T12:10:52.202156+00:00", "symbol": "ETH-USD"}, {"trade_id": 666215203, "side": "sell", "size": "0.00030999", "price": "2965.20000000", "time": "2025-07-13T12:07:38.095005Z", "fetched_at": "2025-07-13T12:10:52.202156+00:00", "symbol": "ETH-USD"}, {"trade_id": 666215202, "side": "sell", "size": "0.00005589", "price": "2965.20000000", "time": "2025-07-13T12:07:38.095005Z", "fetched_at": "2025-07-13T12:10:52.202156+00:00", "symbol": "ETH-USD"}, {"trade_id": 666215201, "side": "sell", "size": "0.00024001", "price": "2965.20000000", "time": "2025-07-13T12:07:38.095005Z", "fetched_at": "2025-07-13T12:10:52.202156+00:00", "symbol": "ETH-USD"}, {"trade_id": 666215200, "side": "buy", "size": "0.02364121", "price": "2965.19000000", "time": "2025-07-13T12:07:36.959751Z", "fetched_at": "2025-07-13T12:10:52.202156+00:00", "symbol": "ETH-USD"}, {"trade_id": 666215199, "side": "buy", "size": "0.00337247", "price": "2965.19000000", "time": "2025-07-13T12:07:36.959751Z", "fetched_at": "2025-07-13T12:10:52.202156+00:00", "symbol": "ETH-USD"}, {"trade_id": 666215198, "side": "sell", "size": "0.00122539", "price": "2965.20000000", "time": "2025-07-13T12:07:35.934101Z", "fetched_at": "2025-07-13T12:10:52.202156+00:00", "symbol": "ETH-USD"}, {"trade_id": 666215197, "side": "sell", "size": "0.00005589", "price": "2965.20000000", "time": "2025-07-13T12:07:35.934101Z", "fetched_at": "2025-07-13T12:10:52.202156+00:00", "symbol": "ETH-USD"}, {"trade_id": 666215196, "side": "sell", "size": "0.00010334", "price": "2965.20000000", "time": "2025-07-13T12:07:35.934101Z", "fetched_at": "2025-07-13T12:10:52.202156+00:00", "symbol": "ETH-USD"}, {"trade_id": 666215195, "side": "sell", "size": "0.00024003", "price": "2965.20000000", "time": "2025-07-13T12:07:35.934101Z", "fetched_at": "2025-07-13T12:10:52.202156+00:00", "symbol": "ETH-USD"}, {"trade_id": 666215194, "side": "sell", "size": "0.00004475", "price": "2965.20000000", "time": "2025-07-13T12:07:35.934101Z", "fetched_at": "2025-07-13T12:10:52.202156+00:00", "symbol": "ETH-USD"}, {"trade_id": 666215193, "side": "buy", "size": "0.03507614", "price": "2964.90000000", "time": "2025-07-13T12:07:35.489834Z", "fetched_at": "2025-07-13T12:10:52.202156+00:00", "symbol": "ETH-USD"}, {"trade_id": 666215192, "side": "buy", "size": "0.04670584", "price": "2964.92000000", "time": "2025-07-13T12:07:35.489834Z", "fetched_at": "2025-07-13T12:10:52.202156+00:00", "symbol": "ETH-USD"}, {"trade_id": 666215191, "side": "buy", "size": "0.00337277", "price": "2964.93000000", "time": "2025-07-13T12:07:35.489834Z", "fetched_at": "2025-07-13T12:10:52.202156+00:00", "symbol": "ETH-USD"}, {"trade_id": 666215190, "side": "sell", "size": "0.00026526", "price": "2965.20000000", "time": "2025-07-13T12:07:33.196879Z", "fetched_at": "2025-07-13T12:10:52.202156+00:00", "symbol": "ETH-USD"}, {"trade_id": 666215189, "side": "sell", "size": "0.00006862", "price": "2965.20000000", "time": "2025-07-13T12:07:33.196879Z", "fetched_at": "2025-07-13T12:10:52.202156+00:00", "symbol": "ETH-USD"}, {"trade_id": 666215188, "side": "sell", "size": "0.00068189", "price": "2965.14000000", "time": "2025-07-13T12:07:29.727311Z", "fetched_at": "2025-07-13T12:10:52.202156+00:00", "symbol": "ETH-USD"}, {"trade_id": 666215187, "side": "sell", "size": "0.00018623", "price": "2965.14000000", "time": "2025-07-13T12:07:29.727311Z", "fetched_at": "2025-07-13T12:10:52.202156+00:00", "symbol": "ETH-USD"}, {"trade_id": 666215186, "side": "sell", "size": "0.00032269", "price": "2965.14000000", "time": "2025-07-13T12:07:29.727311Z", "fetched_at": "2025-07-13T12:10:52.202156+00:00", "symbol": "ETH-USD"}, {"trade_id": 666215185, "side": "sell", "size": "0.00040886", "price": "2965.14000000", "time": "2025-07-13T12:07:29.727311Z", "fetched_at": "2025-07-13T12:10:52.202156+00:00", "symbol": "ETH-USD"}, {"trade_id": 666215184, "side": "buy", "size": "0.02375277", "price": "2965.13000000", "time": "2025-07-13T12:07:28.240129Z", "fetched_at": "2025-07-13T12:10:52.202156+00:00", "symbol": "ETH-USD"}, {"trade_id": 666215183, "side": "buy", "size": "0.00525167", "price": "2965.13000000", "time": "2025-07-13T12:07:26.012292Z", "fetched_at": "2025-07-13T12:10:52.202156+00:00", "symbol": "ETH-USD"}, {"trade_id": 666215182, "side": "buy", "size": "0.00088009", "price": "2965.13000000", "time": "2025-07-13T12:07:26.012292Z", "fetched_at": "2025-07-13T12:10:52.202156+00:00", "symbol": "ETH-USD"}, {"trade_id": 666215181, "side": "sell", "size": "0.04550255", "price": "2965.22000000", "time": "2025-07-13T12:07:24.506930Z", "fetched_at": "2025-07-13T12:10:52.202156+00:00", "symbol": "ETH-USD"}, {"trade_id": 666215180, "side": "sell", "size": "0.00337259", "price": "2965.21000000", "time": "2025-07-13T12:07:24.506930Z", "fetched_at": "2025-07-13T12:10:52.202156+00:00", "symbol": "ETH-USD"}, {"trade_id": 666215179, "side": "sell", "size": "0.00497891", "price": "2965.23000000", "time": "2025-07-13T12:07:23.996381Z", "fetched_at": "2025-07-13T12:10:52.202156+00:00", "symbol": "ETH-USD"}, {"trade_id": 666215178, "side": "sell", "size": "0.00336876", "price": "2965.22000000", "time": "2025-07-13T12:07:23.996381Z", "fetched_at": "2025-07-13T12:10:52.202156+00:00", "symbol": "ETH-USD"}, {"trade_id": 666215177, "side": "sell", "size": "0.03302108", "price": "2965.18000000", "time": "2025-07-13T12:07:23.145749Z", "fetched_at": "2025-07-13T12:10:52.202156+00:00", "symbol": "ETH-USD"}, {"trade_id": 666215176, "side": "sell", "size": "0.02379367", "price": "2965.17000000", "time": "2025-07-13T12:07:23.145749Z", "fetched_at": "2025-07-13T12:10:52.202156+00:00", "symbol": "ETH-USD"}, {"trade_id": 666215175, "side": "sell", "size": "0.00100000", "price": "2965.16000000", "time": "2025-07-13T12:07:23.145749Z", "fetched_at": "2025-07-13T12:10:52.202156+00:00", "symbol": "ETH-USD"}, {"trade_id": 666215174, "side": "sell", "size": "0.02660490", "price": "2965.15000000", "time": "2025-07-13T12:07:23.145749Z", "fetched_at": "2025-07-13T12:10:52.202156+00:00", "symbol": "ETH-USD"}, {"trade_id": 666215173, "side": "sell", "size": "0.01095177", "price": "2965.15000000", "time": "2025-07-13T12:07:23.145749Z", "fetched_at": "2025-07-13T12:10:52.202156+00:00", "symbol": "ETH-USD"}, {"trade_id": 666215172, "side": "sell", "size": "0.00295743", "price": "2965.14000000", "time": "2025-07-13T12:07:23.145749Z", "fetched_at": "2025-07-13T12:10:52.202156+00:00", "symbol": "ETH-USD"}, {"trade_id": 666215171, "side": "sell", "size": "0.05119423", "price": "2965.15000000", "time": "2025-07-13T12:07:21.656330Z", "fetched_at": "2025-07-13T12:10:52.202156+00:00", "symbol": "ETH-USD"}, {"trade_id": 666215170, "side": "sell", "size": "0.00158528", "price": "2965.15000000", "time": "2025-07-13T12:07:21.656330Z", "fetched_at": "2025-07-13T12:10:52.202156+00:00", "symbol": "ETH-USD"}, {"trade_id": 666215169, "side": "sell", "size": "0.03277628", "price": "2965.15000000", "time": "2025-07-13T12:07:21.201152Z", "fetched_at": "2025-07-13T12:10:52.202156+00:00", "symbol": "ETH-USD"}, {"trade_id": 666215168, "side": "sell", "size": "0.01836487", "price": "2965.14000000", "time": "2025-07-13T12:07:20.505970Z", "fetched_at": "2025-07-13T12:10:52.202156+00:00", "symbol": "ETH-USD"}, {"trade_id": 666215167, "side": "sell", "size": "0.20000000", "price": "2964.90000000", "time": "2025-07-13T12:07:20.106900Z", "fetched_at": "2025-07-13T12:10:52.202156+00:00", "symbol": "ETH-USD"}, {"trade_id": 666215166, "side": "sell", "size": "0.40000000", "price": "2964.90000000", "time": "2025-07-13T12:07:20.106900Z", "fetched_at": "2025-07-13T12:10:52.202156+00:00", "symbol": "ETH-USD"}, {"trade_id": 666215165, "side": "sell", "size": "0.78304441", "price": "2964.90000000", "time": "2025-07-13T12:07:20.106900Z", "fetched_at": "2025-07-13T12:10:52.202156+00:00", "symbol": "ETH-USD"}, {"trade_id": 666215164, "side": "sell", "size": "0.01695559", "price": "2964.90000000", "time": "2025-07-13T12:07:20.101006Z", "fetched_at": "2025-07-13T12:10:52.202156+00:00", "symbol": "ETH-USD"}, {"trade_id": 666215163, "side": "sell", "size": "0.30000000", "price": "2964.90000000", "time": "2025-07-13T12:07:20.101006Z", "fetched_at": "2025-07-13T12:10:52.202156+00:00", "symbol": "ETH-USD"}, {"trade_id": 666215162, "side": "sell", "size": "0.56193339", "price": "2964.90000000", "time": "2025-07-13T12:07:19.870356Z", "fetched_at": "2025-07-13T12:10:52.202156+00:00", "symbol": "ETH-USD"}, {"trade_id": 666215161, "side": "sell", "size": "0.40000000", "price": "2964.90000000", "time": "2025-07-13T12:07:19.870356Z", "fetched_at": "2025-07-13T12:10:52.202156+00:00", "symbol": "ETH-USD"}, {"trade_id": 666215160, "side": "sell", "size": "0.40000000", "price": "2964.90000000", "time": "2025-07-13T12:07:19.870356Z", "fetched_at": "2025-07-13T12:10:52.202156+00:00", "symbol": "ETH-USD"}, {"trade_id": 666215159, "side": "sell", "size": "0.20000000", "price": "2964.90000000", "time": "2025-07-13T12:07:19.870356Z", "fetched_at": "2025-07-13T12:10:52.202156+00:00", "symbol": "ETH-USD"}, {"trade_id": 666215158, "side": "sell", "size": "0.80000000", "price": "2964.90000000", "time": "2025-07-13T12:07:19.870356Z", "fetched_at": "2025-07-13T12:10:52.202156+00:00", "symbol": "ETH-USD"}, {"trade_id": 666215157, "side": "sell", "size": "0.00004316", "price": "2964.90000000", "time": "2025-07-13T12:07:19.870356Z", "fetched_at": "2025-07-13T12:10:52.202156+00:00", "symbol": "ETH-USD"}, {"trade_id": 666215156, "side": "sell", "size": "0.00021113", "price": "2964.90000000", "time": "2025-07-13T12:07:19.870356Z", "fetched_at": "2025-07-13T12:10:52.202156+00:00", "symbol": "ETH-USD"}, {"trade_id": 666215155, "side": "sell", "size": "0.00002045", "price": "2964.90000000", "time": "2025-07-13T12:07:19.870356Z", "fetched_at": "2025-07-13T12:10:52.202156+00:00", "symbol": "ETH-USD"}, {"trade_id": 666215154, "side": "sell", "size": "0.00015737", "price": "2964.90000000", "time": "2025-07-13T12:07:19.870356Z", "fetched_at": "2025-07-13T12:10:52.202156+00:00", "symbol": "ETH-USD"}, {"trade_id": 666215153, "side": "sell", "size": "0.00000337", "price": "2964.90000000", "time": "2025-07-13T12:07:18.781557Z", "fetched_at": "2025-07-13T12:10:52.202156+00:00", "symbol": "ETH-USD"}, {"trade_id": 666215152, "side": "sell", "size": "0.00194457", "price": "2964.90000000", "time": "2025-07-13T12:07:18.764339Z", "fetched_at": "2025-07-13T12:10:52.202156+00:00", "symbol": "ETH-USD"}, {"trade_id": 666215151, "side": "sell", "size": "0.00011965", "price": "2964.90000000", "time": "2025-07-13T12:07:18.764339Z", "fetched_at": "2025-07-13T12:10:52.202156+00:00", "symbol": "ETH-USD"}, {"trade_id": 666215150, "side": "sell", "size": "0.00031006", "price": "2964.90000000", "time": "2025-07-13T12:07:18.764339Z", "fetched_at": "2025-07-13T12:10:52.202156+00:00", "symbol": "ETH-USD"}, {"trade_id": 666215149, "side": "sell", "size": "0.00005589", "price": "2964.90000000", "time": "2025-07-13T12:07:18.764339Z", "fetched_at": "2025-07-13T12:10:52.202156+00:00", "symbol": "ETH-USD"}, {"trade_id": 666215148, "side": "sell", "size": "0.00024001", "price": "2964.90000000", "time": "2025-07-13T12:07:18.764339Z", "fetched_at": "2025-07-13T12:10:52.202156+00:00", "symbol": "ETH-USD"}, {"trade_id": 666215147, "side": "sell", "size": "0.43953135", "price": "2965.08000000", "time": "2025-07-13T12:07:18.741076Z", "fetched_at": "2025-07-13T12:10:52.202156+00:00", "symbol": "ETH-USD"}, {"trade_id": 666215146, "side": "sell", "size": "0.25339854", "price": "2965.03000000", "time": "2025-07-13T12:07:18.741076Z", "fetched_at": "2025-07-13T12:10:52.202156+00:00", "symbol": "ETH-USD"}, {"trade_id": 666215145, "side": "sell", "size": "0.30000000", "price": "2965.00000000", "time": "2025-07-13T12:07:18.741076Z", "fetched_at": "2025-07-13T12:10:52.202156+00:00", "symbol": "ETH-USD"}, {"trade_id": 666215144, "side": "sell", "size": "1.31998151", "price": "2964.97000000", "time": "2025-07-13T12:07:18.741076Z", "fetched_at": "2025-07-13T12:10:52.202156+00:00", "symbol": "ETH-USD"}, {"trade_id": 666215143, "side": "sell", "size": "0.43803418", "price": "2964.97000000", "time": "2025-07-13T12:07:18.741076Z", "fetched_at": "2025-07-13T12:10:52.202156+00:00", "symbol": "ETH-USD"}, {"trade_id": 666215142, "side": "sell", "size": "0.83309000", "price": "2964.90000000", "time": "2025-07-13T12:07:18.741076Z", "fetched_at": "2025-07-13T12:10:52.202156+00:00", "symbol": "ETH-USD"}, {"trade_id": 666215141, "side": "sell", "size": "0.00337284", "price": "2964.90000000", "time": "2025-07-13T12:07:18.741076Z", "fetched_at": "2025-07-13T12:10:52.202156+00:00", "symbol": "ETH-USD"}, {"trade_id": 666215140, "side": "sell", "size": "0.00871000", "price": "2964.90000000", "time": "2025-07-13T12:07:18.741076Z", "fetched_at": "2025-07-13T12:10:52.202156+00:00", "symbol": "ETH-USD"}, {"trade_id": 666215139, "side": "sell", "size": "0.40000000", "price": "2964.90000000", "time": "2025-07-13T12:07:18.741076Z", "fetched_at": "2025-07-13T12:10:52.202156+00:00", "symbol": "ETH-USD"}, {"trade_id": 666215138, "side": "sell", "size": "0.20000000", "price": "2964.90000000", "time": "2025-07-13T12:07:18.741076Z", "fetched_at": "2025-07-13T12:10:52.202156+00:00", "symbol": "ETH-USD"}, {"trade_id": 666215137, "side": "sell", "size": "0.44514858", "price": "2964.90000000", "time": "2025-07-13T12:07:18.741076Z", "fetched_at": "2025-07-13T12:10:52.202156+00:00", "symbol": "ETH-USD"}, {"trade_id": 666215136, "side": "sell", "size": "0.30000000", "price": "2964.90000000", "time": "2025-07-13T12:07:18.741076Z", "fetched_at": "2025-07-13T12:10:52.202156+00:00", "symbol": "ETH-USD"}, {"trade_id": 666215135, "side": "sell", "size": "0.00015972", "price": "2964.90000000", "time": "2025-07-13T12:07:18.741076Z", "fetched_at": "2025-07-13T12:10:52.202156+00:00", "symbol": "ETH-USD"}, {"trade_id": 666215134, "side": "sell", "size": "0.80000000", "price": "2964.90000000", "time": "2025-07-13T12:07:18.741076Z", "fetched_at": "2025-07-13T12:10:52.202156+00:00", "symbol": "ETH-USD"}, {"trade_id": 666215133, "side": "sell", "size": "0.40000000", "price": "2964.90000000", "time": "2025-07-13T12:07:18.741076Z", "fetched_at": "2025-07-13T12:10:52.202156+00:00", "symbol": "ETH-USD"}, {"trade_id": 666215132, "side": "sell", "size": "0.20000000", "price": "2964.90000000", "time": "2025-07-13T12:07:18.741076Z", "fetched_at": "2025-07-13T12:10:52.202156+00:00", "symbol": "ETH-USD"}, {"trade_id": 666215131, "side": "sell", "size": "0.04192881", "price": "2964.90000000", "time": "2025-07-13T12:07:18.741076Z", "fetched_at": "2025-07-13T12:10:52.202156+00:00", "symbol": "ETH-USD"}, {"trade_id": 666215130, "side": "sell", "size": "0.00029901", "price": "2964.90000000", "time": "2025-07-13T12:07:18.741076Z", "fetched_at": "2025-07-13T12:10:52.202156+00:00", "symbol": "ETH-USD"}, {"trade_id": 666215129, "side": "sell", "size": "0.00037825", "price": "2964.90000000", "time": "2025-07-13T12:07:18.741076Z", "fetched_at": "2025-07-13T12:10:52.202156+00:00", "symbol": "ETH-USD"}, {"trade_id": 666215128, "side": "sell", "size": "0.00006310", "price": "2964.90000000", "time": "2025-07-13T12:07:18.741076Z", "fetched_at": "2025-07-13T12:10:52.202156+00:00", "symbol": "ETH-USD"}, {"trade_id": 666215127, "side": "sell", "size": "0.29128541", "price": "2964.90000000", "time": "2025-07-13T12:07:18.741076Z", "fetched_at": "2025-07-13T12:10:52.202156+00:00", "symbol": "ETH-USD"}, {"trade_id": 666215126, "side": "sell", "size": "0.00830452", "price": "2964.90000000", "time": "2025-07-13T12:07:17.105278Z", "fetched_at": "2025-07-13T12:10:52.202156+00:00", "symbol": "ETH-USD"}, {"trade_id": 666215125, "side": "sell", "size": "0.00041007", "price": "2964.90000000", "time": "2025-07-13T12:07:16.690054Z", "fetched_at": "2025-07-13T12:10:52.202156+00:00", "symbol": "ETH-USD"}, {"trade_id": 666215124, "side": "buy", "size": "0.00824376", "price": "2964.89000000", "time": "2025-07-13T12:07:09.901438Z", "fetched_at": "2025-07-13T12:10:52.202156+00:00", "symbol": "ETH-USD"}, {"trade_id": 666215123, "side": "buy", "size": "0.00197000", "price": "2965.00000000", "time": "2025-07-13T12:07:07.295054Z", "fetched_at": "2025-07-13T12:10:52.202156+00:00", "symbol": "ETH-USD"}, {"trade_id": 666215122, "side": "buy", "size": "0.16531000", "price": "2965.00000000", "time": "2025-07-13T12:07:07.295054Z", "fetched_at": "2025-07-13T12:10:52.202156+00:00", "symbol": "ETH-USD"}, {"trade_id": 666215121, "side": "sell", "size": "0.00337297", "price": "2965.00000000", "time": "2025-07-13T12:07:06.691331Z", "fetched_at": "2025-07-13T12:10:52.202156+00:00", "symbol": "ETH-USD"}, {"trade_id": 666215120, "side": "sell", "size": "0.00100000", "price": "2964.94000000", "time": "2025-07-13T12:07:06.691331Z", "fetched_at": "2025-07-13T12:10:52.202156+00:00", "symbol": "ETH-USD"}, {"trade_id": 666215119, "side": "sell", "size": "0.00182580", "price": "2964.72000000", "time": "2025-07-13T12:07:06.691331Z", "fetched_at": "2025-07-13T12:10:52.202156+00:00", "symbol": "ETH-USD"}, {"trade_id": 666215118, "side": "sell", "size": "0.00024177", "price": "2964.72000000", "time": "2025-07-13T12:07:06.691331Z", "fetched_at": "2025-07-13T12:10:52.202156+00:00", "symbol": "ETH-USD"}, {"trade_id": 666215117, "side": "sell", "size": "0.00004867", "price": "2964.72000000", "time": "2025-07-13T12:07:06.691331Z", "fetched_at": "2025-07-13T12:10:52.202156+00:00", "symbol": "ETH-USD"}, {"trade_id": 666215116, "side": "sell", "size": "0.00003069", "price": "2964.72000000", "time": "2025-07-13T12:07:06.691331Z", "fetched_at": "2025-07-13T12:10:52.202156+00:00", "symbol": "ETH-USD"}, {"trade_id": 666215115, "side": "sell", "size": "0.00018103", "price": "2964.72000000", "time": "2025-07-13T12:07:06.691331Z", "fetched_at": "2025-07-13T12:10:52.202156+00:00", "symbol": "ETH-USD"}, {"trade_id": 666215114, "side": "sell", "size": "0.30000000", "price": "2964.50000000", "time": "2025-07-13T12:07:04.260953Z", "fetched_at": "2025-07-13T12:10:52.202156+00:00", "symbol": "ETH-USD"}, {"trade_id": 666215113, "side": "sell", "size": "0.25772056", "price": "2964.44000000", "time": "2025-07-13T12:07:04.254714Z", "fetched_at": "2025-07-13T12:10:52.202156+00:00", "symbol": "ETH-USD"}, {"trade_id": 666215112, "side": "sell", "size": "0.00188616", "price": "2964.42000000", "time": "2025-07-13T12:07:04.254714Z", "fetched_at": "2025-07-13T12:10:52.202156+00:00", "symbol": "ETH-USD"}, {"trade_id": 666215111, "side": "sell", "size": "0.40000000", "price": "2964.42000000", "time": "2025-07-13T12:07:04.254714Z", "fetched_at": "2025-07-13T12:10:52.202156+00:00", "symbol": "ETH-USD"}, {"trade_id": 666215110, "side": "sell", "size": "0.40000000", "price": "2964.42000000", "time": "2025-07-13T12:07:04.254714Z", "fetched_at": "2025-07-13T12:10:52.202156+00:00", "symbol": "ETH-USD"}, {"trade_id": 666215109, "side": "sell", "size": "0.20000000", "price": "2964.42000000", "time": "2025-07-13T12:07:04.254714Z", "fetched_at": "2025-07-13T12:10:52.202156+00:00", "symbol": "ETH-USD"}, {"trade_id": 666215108, "side": "sell", "size": "0.80000000", "price": "2964.42000000", "time": "2025-07-13T12:07:04.254714Z", "fetched_at": "2025-07-13T12:10:52.202156+00:00", "symbol": "ETH-USD"}, {"trade_id": 666215107, "side": "sell", "size": "0.00300000", "price": "2964.42000000", "time": "2025-07-13T12:07:04.254714Z", "fetched_at": "2025-07-13T12:10:52.202156+00:00", "symbol": "ETH-USD"}, {"trade_id": 666215106, "side": "sell", "size": "0.00049627", "price": "2964.42000000", "time": "2025-07-13T12:07:04.254714Z", "fetched_at": "2025-07-13T12:10:52.202156+00:00", "symbol": "ETH-USD"}, {"trade_id": 666215105, "side": "sell", "size": "0.00008437", "price": "2964.42000000", "time": "2025-07-13T12:07:04.254714Z", "fetched_at": "2025-07-13T12:10:52.202156+00:00", "symbol": "ETH-USD"}, {"trade_id": 666215104, "side": "sell", "size": "0.00031003", "price": "2964.42000000", "time": "2025-07-13T12:07:04.254714Z", "fetched_at": "2025-07-13T12:10:52.202156+00:00", "symbol": "ETH-USD"}, {"trade_id": 666215103, "side": "sell", "size": "0.00039045", "price": "2964.42000000", "time": "2025-07-13T12:07:04.254714Z", "fetched_at": "2025-07-13T12:10:52.202156+00:00", "symbol": "ETH-USD"}, {"trade_id": 666215102, "side": "sell", "size": "0.00074370", "price": "2964.15000000", "time": "2025-07-13T12:07:02.336976Z", "fetched_at": "2025-07-13T12:10:52.202156+00:00", "symbol": "ETH-USD"}, {"trade_id": 666215101, "side": "sell", "size": "0.00056960", "price": "2964.15000000", "time": "2025-07-13T12:07:02.336976Z", "fetched_at": "2025-07-13T12:10:52.202156+00:00", "symbol": "ETH-USD"}, {"trade_id": 666215100, "side": "sell", "size": "0.00080113", "price": "2964.15000000", "time": "2025-07-13T12:07:02.336976Z", "fetched_at": "2025-07-13T12:10:52.202156+00:00", "symbol": "ETH-USD"}, {"trade_id": 666215099, "side": "sell", "size": "0.00013920", "price": "2964.15000000", "time": "2025-07-13T12:07:02.336976Z", "fetched_at": "2025-07-13T12:10:52.202156+00:00", "symbol": "ETH-USD"}, {"trade_id": 666215098, "side": "sell", "size": "0.60000000", "price": "2964.15000000", "time": "2025-07-13T12:07:02.336976Z", "fetched_at": "2025-07-13T12:10:52.202156+00:00", "symbol": "ETH-USD"}, {"trade_id": 666215097, "side": "sell", "size": "0.00189511", "price": "2964.15000000", "time": "2025-07-13T12:07:02.336976Z", "fetched_at": "2025-07-13T12:10:52.202156+00:00", "symbol": "ETH-USD"}, {"trade_id": 666215096, "side": "buy", "size": "0.00337361", "price": "2964.19000000", "time": "2025-07-13T12:07:02.176911Z", "fetched_at": "2025-07-13T12:10:52.202156+00:00", "symbol": "ETH-USD"}, {"trade_id": 666215095, "side": "buy", "size": "0.00100000", "price": "2964.06000000", "time": "2025-07-13T12:07:02.154050Z", "fetched_at": "2025-07-13T12:10:52.202156+00:00", "symbol": "ETH-USD"}, {"trade_id": 666215094, "side": "buy", "size": "0.00337351", "price": "2964.28000000", "time": "2025-07-13T12:07:02.152465Z", "fetched_at": "2025-07-13T12:10:52.202156+00:00", "symbol": "ETH-USD"}, {"trade_id": 666215093, "side": "buy", "size": "0.00100000", "price": "2964.28000000", "time": "2025-07-13T12:07:02.152465Z", "fetched_at": "2025-07-13T12:10:52.202156+00:00", "symbol": "ETH-USD"}, {"trade_id": 666215092, "side": "buy", "size": "0.19999990", "price": "2964.45000000", "time": "2025-07-13T12:07:02.075523Z", "fetched_at": "2025-07-13T12:10:52.202156+00:00", "symbol": "ETH-USD"}, {"trade_id": 666215091, "side": "buy", "size": "0.19999913", "price": "2964.45000000", "time": "2025-07-13T12:07:02.075523Z", "fetched_at": "2025-07-13T12:10:52.202156+00:00", "symbol": "ETH-USD"}, {"trade_id": 666215090, "side": "buy", "size": "0.00035610", "price": "2964.45000000", "time": "2025-07-13T12:07:02.075523Z", "fetched_at": "2025-07-13T12:10:52.202156+00:00", "symbol": "ETH-USD"}, {"trade_id": 666215089, "side": "buy", "size": "0.00337330", "price": "2964.46000000", "time": "2025-07-13T12:07:02.075523Z", "fetched_at": "2025-07-13T12:10:52.202156+00:00", "symbol": "ETH-USD"}, {"trade_id": 666215088, "side": "buy", "size": "0.00100000", "price": "2964.50000000", "time": "2025-07-13T12:07:02.075523Z", "fetched_at": "2025-07-13T12:10:52.202156+00:00", "symbol": "ETH-USD"}, {"trade_id": 666215087, "side": "buy", "size": "0.49998564", "price": "2964.66000000", "time": "2025-07-13T12:07:02.065893Z", "fetched_at": "2025-07-13T12:10:52.202156+00:00", "symbol": "ETH-USD"}, {"trade_id": 666215086, "side": "buy", "size": "0.00337306", "price": "2964.67000000", "time": "2025-07-13T12:07:02.065893Z", "fetched_at": "2025-07-13T12:10:52.202156+00:00", "symbol": "ETH-USD"}, {"trade_id": 666215085, "side": "buy", "size": "0.00100000", "price": "2964.72000000", "time": "2025-07-13T12:07:02.065893Z", "fetched_at": "2025-07-13T12:10:52.202156+00:00", "symbol": "ETH-USD"}, {"trade_id": 666215084, "side": "buy", "size": "0.00034221", "price": "2964.88000000", "time": "2025-07-13T12:07:02.065893Z", "fetched_at": "2025-07-13T12:10:52.202156+00:00", "symbol": "ETH-USD"}, {"trade_id": 666215083, "side": "buy", "size": "0.00100000", "price": "2964.94000000", "time": "2025-07-13T12:07:01.409728Z", "fetched_at": "2025-07-13T12:10:52.202156+00:00", "symbol": "ETH-USD"}, {"trade_id": 666215082, "side": "buy", "size": "0.00090050", "price": "2964.99000000", "time": "2025-07-13T12:07:01.409728Z", "fetched_at": "2025-07-13T12:10:52.202156+00:00", "symbol": "ETH-USD"}, {"trade_id": 666215081, "side": "buy", "size": "0.00090050", "price": "2964.99000000", "time": "2025-07-13T12:07:01.409728Z", "fetched_at": "2025-07-13T12:10:52.202156+00:00", "symbol": "ETH-USD"}, {"trade_id": 666215080, "side": "buy", "size": "0.00180439", "price": "2964.99000000", "time": "2025-07-13T12:07:01.409728Z", "fetched_at": "2025-07-13T12:10:52.202156+00:00", "symbol": "ETH-USD"}, {"trade_id": 666215079, "side": "buy", "size": "0.00180439", "price": "2964.99000000", "time": "2025-07-13T12:07:01.409728Z", "fetched_at": "2025-07-13T12:10:52.202156+00:00", "symbol": "ETH-USD"}, {"trade_id": 666215078, "side": "buy", "size": "0.00360878", "price": "2964.99000000", "time": "2025-07-13T12:07:01.409728Z", "fetched_at": "2025-07-13T12:10:52.202156+00:00", "symbol": "ETH-USD"}