[{"trade_id": 666297286, "side": "buy", "size": "0.00321081", "price": "2998.22000000", "time": "2025-07-13T16:10:43.376022Z", "fetched_at": "2025-07-13T16:10:49.430297+00:00", "symbol": "ETH-USD"}, {"trade_id": 666297285, "side": "buy", "size": "0.00158026", "price": "2998.22000000", "time": "2025-07-13T16:10:43.212692Z", "fetched_at": "2025-07-13T16:10:49.430297+00:00", "symbol": "ETH-USD"}, {"trade_id": 666297284, "side": "buy", "size": "0.04279615", "price": "2998.40000000", "time": "2025-07-13T16:10:43.173538Z", "fetched_at": "2025-07-13T16:10:49.430297+00:00", "symbol": "ETH-USD"}, {"trade_id": 666297283, "side": "buy", "size": "0.60788760", "price": "2998.04000000", "time": "2025-07-13T16:10:42.800662Z", "fetched_at": "2025-07-13T16:10:49.430297+00:00", "symbol": "ETH-USD"}, {"trade_id": 666297282, "side": "buy", "size": "0.16160691", "price": "2998.04000000", "time": "2025-07-13T16:10:42.800662Z", "fetched_at": "2025-07-13T16:10:49.430297+00:00", "symbol": "ETH-USD"}, {"trade_id": 666297281, "side": "buy", "size": "0.05613400", "price": "2998.05000000", "time": "2025-07-13T16:10:42.800662Z", "fetched_at": "2025-07-13T16:10:49.430297+00:00", "symbol": "ETH-USD"}, {"trade_id": 666297280, "side": "buy", "size": "0.00000667", "price": "2998.29000000", "time": "2025-07-13T16:10:42.800662Z", "fetched_at": "2025-07-13T16:10:49.430297+00:00", "symbol": "ETH-USD"}, {"trade_id": 666297279, "side": "buy", "size": "0.17115088", "price": "2998.29000000", "time": "2025-07-13T16:10:42.800662Z", "fetched_at": "2025-07-13T16:10:49.430297+00:00", "symbol": "ETH-USD"}, {"trade_id": 666297278, "side": "buy", "size": "0.00321061", "price": "2998.40000000", "time": "2025-07-13T16:10:42.800662Z", "fetched_at": "2025-07-13T16:10:49.430297+00:00", "symbol": "ETH-USD"}, {"trade_id": 666297277, "side": "buy", "size": "0.00000333", "price": "2998.40000000", "time": "2025-07-13T16:10:42.800662Z", "fetched_at": "2025-07-13T16:10:49.430297+00:00", "symbol": "ETH-USD"}, {"trade_id": 666297276, "side": "buy", "size": "0.01604850", "price": "2998.41000000", "time": "2025-07-13T16:10:41.875192Z", "fetched_at": "2025-07-13T16:10:49.430297+00:00", "symbol": "ETH-USD"}, {"trade_id": 666297275, "side": "buy", "size": "0.00321060", "price": "2998.41000000", "time": "2025-07-13T16:10:41.875192Z", "fetched_at": "2025-07-13T16:10:49.430297+00:00", "symbol": "ETH-USD"}, {"trade_id": 666297274, "side": "sell", "size": "0.00897021", "price": "2998.42000000", "time": "2025-07-13T16:10:41.139581Z", "fetched_at": "2025-07-13T16:10:49.430297+00:00", "symbol": "ETH-USD"}, {"trade_id": 666297273, "side": "buy", "size": "0.03839291", "price": "2998.04000000", "time": "2025-07-13T16:10:40.600734Z", "fetched_at": "2025-07-13T16:10:49.430297+00:00", "symbol": "ETH-USD"}, {"trade_id": 666297272, "side": "buy", "size": "0.16084225", "price": "2998.05000000", "time": "2025-07-13T16:10:40.600734Z", "fetched_at": "2025-07-13T16:10:49.430297+00:00", "symbol": "ETH-USD"}, {"trade_id": 666297271, "side": "buy", "size": "0.00100000", "price": "2998.16000000", "time": "2025-07-13T16:10:40.600734Z", "fetched_at": "2025-07-13T16:10:49.430297+00:00", "symbol": "ETH-USD"}, {"trade_id": 666297270, "side": "buy", "size": "0.04278886", "price": "2998.21000000", "time": "2025-07-13T16:10:40.600734Z", "fetched_at": "2025-07-13T16:10:49.430297+00:00", "symbol": "ETH-USD"}, {"trade_id": 666297269, "side": "buy", "size": "0.01671953", "price": "2998.29000000", "time": "2025-07-13T16:10:40.600734Z", "fetched_at": "2025-07-13T16:10:49.430297+00:00", "symbol": "ETH-USD"}, {"trade_id": 666297268, "side": "buy", "size": "0.00202782", "price": "2998.29000000", "time": "2025-07-13T16:10:40.600734Z", "fetched_at": "2025-07-13T16:10:49.430297+00:00", "symbol": "ETH-USD"}, {"trade_id": 666297267, "side": "buy", "size": "0.00036322", "price": "2998.29000000", "time": "2025-07-13T16:10:40.600734Z", "fetched_at": "2025-07-13T16:10:49.430297+00:00", "symbol": "ETH-USD"}, {"trade_id": 666297266, "side": "buy", "size": "0.00321060", "price": "2998.41000000", "time": "2025-07-13T16:10:40.600734Z", "fetched_at": "2025-07-13T16:10:49.430297+00:00", "symbol": "ETH-USD"}, {"trade_id": 666297265, "side": "sell", "size": "0.00117968", "price": "2998.42000000", "time": "2025-07-13T16:10:40.561479Z", "fetched_at": "2025-07-13T16:10:49.430297+00:00", "symbol": "ETH-USD"}, {"trade_id": 666297264, "side": "sell", "size": "0.00158026", "price": "2998.42000000", "time": "2025-07-13T16:10:39.436344Z", "fetched_at": "2025-07-13T16:10:49.430297+00:00", "symbol": "ETH-USD"}, {"trade_id": 666297263, "side": "sell", "size": "0.00161230", "price": "2998.42000000", "time": "2025-07-13T16:10:38.855468Z", "fetched_at": "2025-07-13T16:10:49.430297+00:00", "symbol": "ETH-USD"}, {"trade_id": 666297262, "side": "sell", "size": "0.16676116", "price": "2998.30000000", "time": "2025-07-13T16:10:38.855468Z", "fetched_at": "2025-07-13T16:10:49.430297+00:00", "symbol": "ETH-USD"}, {"trade_id": 666297261, "side": "buy", "size": "0.00366240", "price": "2998.29000000", "time": "2025-07-13T16:10:37.870125Z", "fetched_at": "2025-07-13T16:10:49.430297+00:00", "symbol": "ETH-USD"}, {"trade_id": 666297260, "side": "buy", "size": "0.00321058", "price": "2998.43000000", "time": "2025-07-13T16:10:37.254478Z", "fetched_at": "2025-07-13T16:10:49.430297+00:00", "symbol": "ETH-USD"}, {"trade_id": 666297259, "side": "sell", "size": "0.00132388", "price": "2998.44000000", "time": "2025-07-13T16:10:36.753312Z", "fetched_at": "2025-07-13T16:10:49.430297+00:00", "symbol": "ETH-USD"}, {"trade_id": 666297258, "side": "sell", "size": "0.00321899", "price": "2998.30000000", "time": "2025-07-13T16:10:35.735371Z", "fetched_at": "2025-07-13T16:10:49.430297+00:00", "symbol": "ETH-USD"}, {"trade_id": 666297257, "side": "sell", "size": "0.00758979", "price": "2998.30000000", "time": "2025-07-13T16:10:34.792136Z", "fetched_at": "2025-07-13T16:10:49.430297+00:00", "symbol": "ETH-USD"}, {"trade_id": 666297256, "side": "buy", "size": "0.00321058", "price": "2998.43000000", "time": "2025-07-13T16:10:34.101363Z", "fetched_at": "2025-07-13T16:10:49.430297+00:00", "symbol": "ETH-USD"}, {"trade_id": 666297255, "side": "sell", "size": "0.00219775", "price": "2998.44000000", "time": "2025-07-13T16:10:33.966191Z", "fetched_at": "2025-07-13T16:10:49.430297+00:00", "symbol": "ETH-USD"}, {"trade_id": 666297254, "side": "buy", "size": "0.00080369", "price": "2998.43000000", "time": "2025-07-13T16:10:33.752523Z", "fetched_at": "2025-07-13T16:10:49.430297+00:00", "symbol": "ETH-USD"}, {"trade_id": 666297253, "side": "buy", "size": "0.00000333", "price": "2998.43000000", "time": "2025-07-13T16:10:33.752523Z", "fetched_at": "2025-07-13T16:10:49.430297+00:00", "symbol": "ETH-USD"}, {"trade_id": 666297252, "side": "sell", "size": "0.01650787", "price": "2998.44000000", "time": "2025-07-13T16:10:32.652273Z", "fetched_at": "2025-07-13T16:10:49.430297+00:00", "symbol": "ETH-USD"}, {"trade_id": 666297251, "side": "sell", "size": "0.00231528", "price": "2998.46000000", "time": "2025-07-13T16:10:32.295817Z", "fetched_at": "2025-07-13T16:10:49.430297+00:00", "symbol": "ETH-USD"}, {"trade_id": 666297250, "side": "sell", "size": "0.15000000", "price": "2998.46000000", "time": "2025-07-13T16:10:32.295817Z", "fetched_at": "2025-07-13T16:10:49.430297+00:00", "symbol": "ETH-USD"}, {"trade_id": 666297249, "side": "buy", "size": "0.00321049", "price": "2998.51000000", "time": "2025-07-13T16:10:31.473801Z", "fetched_at": "2025-07-13T16:10:49.430297+00:00", "symbol": "ETH-USD"}, {"trade_id": 666297248, "side": "buy", "size": "0.01604420", "price": "2998.59000000", "time": "2025-07-13T16:10:31.441148Z", "fetched_at": "2025-07-13T16:10:49.430297+00:00", "symbol": "ETH-USD"}, {"trade_id": 666297247, "side": "buy", "size": "0.01127265", "price": "2998.59000000", "time": "2025-07-13T16:10:31.441148Z", "fetched_at": "2025-07-13T16:10:49.430297+00:00", "symbol": "ETH-USD"}, {"trade_id": 666297246, "side": "buy", "size": "0.00321035", "price": "2998.65000000", "time": "2025-07-13T16:10:31.430196Z", "fetched_at": "2025-07-13T16:10:49.430297+00:00", "symbol": "ETH-USD"}, {"trade_id": 666297245, "side": "buy", "size": "0.00476822", "price": "2998.59000000", "time": "2025-07-13T16:10:29.797977Z", "fetched_at": "2025-07-13T16:10:49.430297+00:00", "symbol": "ETH-USD"}, {"trade_id": 666297244, "side": "buy", "size": "0.08685000", "price": "2998.66000000", "time": "2025-07-13T16:10:29.797977Z", "fetched_at": "2025-07-13T16:10:49.430297+00:00", "symbol": "ETH-USD"}, {"trade_id": 666297243, "side": "sell", "size": "0.01368553", "price": "2998.89000000", "time": "2025-07-13T16:10:29.188344Z", "fetched_at": "2025-07-13T16:10:49.430297+00:00", "symbol": "ETH-USD"}, {"trade_id": 666297242, "side": "sell", "size": "0.05576238", "price": "2998.88000000", "time": "2025-07-13T16:10:29.188344Z", "fetched_at": "2025-07-13T16:10:49.430297+00:00", "symbol": "ETH-USD"}, {"trade_id": 666297241, "side": "sell", "size": "0.00100000", "price": "2998.82000000", "time": "2025-07-13T16:10:29.188344Z", "fetched_at": "2025-07-13T16:10:49.430297+00:00", "symbol": "ETH-USD"}, {"trade_id": 666297240, "side": "sell", "size": "0.00016946", "price": "2998.79000000", "time": "2025-07-13T16:10:29.188344Z", "fetched_at": "2025-07-13T16:10:49.430297+00:00", "symbol": "ETH-USD"}, {"trade_id": 666297239, "side": "sell", "size": "0.00005589", "price": "2998.78000000", "time": "2025-07-13T16:10:29.188344Z", "fetched_at": "2025-07-13T16:10:49.430297+00:00", "symbol": "ETH-USD"}, {"trade_id": 666297238, "side": "sell", "size": "0.00015459", "price": "2998.74000000", "time": "2025-07-13T16:10:29.188344Z", "fetched_at": "2025-07-13T16:10:49.430297+00:00", "symbol": "ETH-USD"}, {"trade_id": 666297237, "side": "sell", "size": "0.16673711", "price": "2998.74000000", "time": "2025-07-13T16:10:29.188344Z", "fetched_at": "2025-07-13T16:10:49.430297+00:00", "symbol": "ETH-USD"}, {"trade_id": 666297236, "side": "sell", "size": "0.34796985", "price": "2998.74000000", "time": "2025-07-13T16:10:28.831636Z", "fetched_at": "2025-07-13T16:10:49.430297+00:00", "symbol": "ETH-USD"}, {"trade_id": 666297235, "side": "sell", "size": "0.60038870", "price": "2998.73000000", "time": "2025-07-13T16:10:28.831636Z", "fetched_at": "2025-07-13T16:10:49.430297+00:00", "symbol": "ETH-USD"}, {"trade_id": 666297234, "side": "sell", "size": "0.00021986", "price": "2998.66000000", "time": "2025-07-13T16:10:28.831636Z", "fetched_at": "2025-07-13T16:10:49.430297+00:00", "symbol": "ETH-USD"}, {"trade_id": 666297233, "side": "sell", "size": "0.00031001", "price": "2998.60000000", "time": "2025-07-13T16:10:28.831636Z", "fetched_at": "2025-07-13T16:10:49.430297+00:00", "symbol": "ETH-USD"}, {"trade_id": 666297232, "side": "sell", "size": "0.00293244", "price": "2998.60000000", "time": "2025-07-13T16:10:27.944609Z", "fetched_at": "2025-07-13T16:10:49.430297+00:00", "symbol": "ETH-USD"}, {"trade_id": 666297231, "side": "sell", "size": "0.00031000", "price": "2998.60000000", "time": "2025-07-13T16:10:27.944609Z", "fetched_at": "2025-07-13T16:10:49.430297+00:00", "symbol": "ETH-USD"}, {"trade_id": 666297230, "side": "buy", "size": "0.03375253", "price": "2998.59000000", "time": "2025-07-13T16:10:27.420236Z", "fetched_at": "2025-07-13T16:10:49.430297+00:00", "symbol": "ETH-USD"}, {"trade_id": 666297229, "side": "buy", "size": "0.16674503", "price": "2998.59000000", "time": "2025-07-13T16:10:27.380190Z", "fetched_at": "2025-07-13T16:10:49.430297+00:00", "symbol": "ETH-USD"}, {"trade_id": 666297228, "side": "buy", "size": "0.00034350", "price": "2998.59000000", "time": "2025-07-13T16:10:25.951307Z", "fetched_at": "2025-07-13T16:10:49.430297+00:00", "symbol": "ETH-USD"}, {"trade_id": 666297227, "side": "buy", "size": "0.01409595", "price": "2998.29000000", "time": "2025-07-13T16:10:24.626081Z", "fetched_at": "2025-07-13T16:10:49.430297+00:00", "symbol": "ETH-USD"}, {"trade_id": 666297226, "side": "buy", "size": "0.01604575", "price": "2998.30000000", "time": "2025-07-13T16:10:24.626081Z", "fetched_at": "2025-07-13T16:10:49.430297+00:00", "symbol": "ETH-USD"}, {"trade_id": 666297225, "side": "buy", "size": "0.00321042", "price": "2998.58000000", "time": "2025-07-13T16:10:24.626081Z", "fetched_at": "2025-07-13T16:10:49.430297+00:00", "symbol": "ETH-USD"}, {"trade_id": 666297224, "side": "buy", "size": "0.02716958", "price": "2998.41000000", "time": "2025-07-13T16:10:22.998739Z", "fetched_at": "2025-07-13T16:10:49.430297+00:00", "symbol": "ETH-USD"}, {"trade_id": 666297223, "side": "buy", "size": "0.06962001", "price": "2998.43000000", "time": "2025-07-13T16:10:22.998739Z", "fetched_at": "2025-07-13T16:10:49.430297+00:00", "symbol": "ETH-USD"}, {"trade_id": 666297222, "side": "buy", "size": "0.00321041", "price": "2998.59000000", "time": "2025-07-13T16:10:22.998739Z", "fetched_at": "2025-07-13T16:10:49.430297+00:00", "symbol": "ETH-USD"}, {"trade_id": 666297221, "side": "buy", "size": "0.06636076", "price": "2998.59000000", "time": "2025-07-13T16:10:22.513198Z", "fetched_at": "2025-07-13T16:10:49.430297+00:00", "symbol": "ETH-USD"}, {"trade_id": 666297220, "side": "buy", "size": "0.01000447", "price": "2998.23000000", "time": "2025-07-13T16:10:19.809743Z", "fetched_at": "2025-07-13T16:10:49.430297+00:00", "symbol": "ETH-USD"}, {"trade_id": 666297219, "side": "sell", "size": "0.16109715", "price": "2998.54000000", "time": "2025-07-13T16:10:19.165125Z", "fetched_at": "2025-07-13T16:10:49.430297+00:00", "symbol": "ETH-USD"}, {"trade_id": 666297218, "side": "sell", "size": "0.00062277", "price": "2998.37000000", "time": "2025-07-13T16:10:19.165125Z", "fetched_at": "2025-07-13T16:10:49.430297+00:00", "symbol": "ETH-USD"}, {"trade_id": 666297217, "side": "sell", "size": "0.00031000", "price": "2998.37000000", "time": "2025-07-13T16:10:19.165125Z", "fetched_at": "2025-07-13T16:10:49.430297+00:00", "symbol": "ETH-USD"}, {"trade_id": 666297216, "side": "buy", "size": "0.07535313", "price": "2997.92000000", "time": "2025-07-13T16:10:18.316244Z", "fetched_at": "2025-07-13T16:10:49.430297+00:00", "symbol": "ETH-USD"}, {"trade_id": 666297215, "side": "buy", "size": "0.00321112", "price": "2997.93000000", "time": "2025-07-13T16:10:18.316244Z", "fetched_at": "2025-07-13T16:10:49.430297+00:00", "symbol": "ETH-USD"}, {"trade_id": 666297214, "side": "buy", "size": "0.13881949", "price": "2998.21000000", "time": "2025-07-13T16:10:18.316244Z", "fetched_at": "2025-07-13T16:10:49.430297+00:00", "symbol": "ETH-USD"}, {"trade_id": 666297213, "side": "buy", "size": "0.01604586", "price": "2998.28000000", "time": "2025-07-13T16:10:18.316244Z", "fetched_at": "2025-07-13T16:10:49.430297+00:00", "symbol": "ETH-USD"}, {"trade_id": 666297212, "side": "sell", "size": "0.00043607", "price": "2998.31000000", "time": "2025-07-13T16:10:17.696125Z", "fetched_at": "2025-07-13T16:10:49.430297+00:00", "symbol": "ETH-USD"}, {"trade_id": 666297211, "side": "buy", "size": "0.00763734", "price": "2997.88000000", "time": "2025-07-13T16:10:16.199461Z", "fetched_at": "2025-07-13T16:10:49.430297+00:00", "symbol": "ETH-USD"}, {"trade_id": 666297210, "side": "buy", "size": "0.00100000", "price": "2997.94000000", "time": "2025-07-13T16:10:16.199461Z", "fetched_at": "2025-07-13T16:10:49.430297+00:00", "symbol": "ETH-USD"}, {"trade_id": 666297209, "side": "buy", "size": "0.16678041", "price": "2997.95000000", "time": "2025-07-13T16:10:16.199461Z", "fetched_at": "2025-07-13T16:10:49.430297+00:00", "symbol": "ETH-USD"}, {"trade_id": 666297208, "side": "buy", "size": "0.04300447", "price": "2998.06000000", "time": "2025-07-13T16:10:16.199461Z", "fetched_at": "2025-07-13T16:10:49.430297+00:00", "symbol": "ETH-USD"}, {"trade_id": 666297207, "side": "buy", "size": "0.01313875", "price": "2998.06000000", "time": "2025-07-13T16:10:16.199461Z", "fetched_at": "2025-07-13T16:10:49.430297+00:00", "symbol": "ETH-USD"}, {"trade_id": 666297206, "side": "buy", "size": "0.00100000", "price": "2998.16000000", "time": "2025-07-13T16:10:16.199461Z", "fetched_at": "2025-07-13T16:10:49.430297+00:00", "symbol": "ETH-USD"}, {"trade_id": 666297205, "side": "buy", "size": "0.00084706", "price": "2998.19000000", "time": "2025-07-13T16:10:16.199461Z", "fetched_at": "2025-07-13T16:10:49.430297+00:00", "symbol": "ETH-USD"}, {"trade_id": 666297204, "side": "buy", "size": "0.08129617", "price": "2998.19000000", "time": "2025-07-13T16:10:16.199461Z", "fetched_at": "2025-07-13T16:10:49.430297+00:00", "symbol": "ETH-USD"}, {"trade_id": 666297203, "side": "buy", "size": "0.06168164", "price": "2998.19000000", "time": "2025-07-13T16:10:16.199461Z", "fetched_at": "2025-07-13T16:10:49.430297+00:00", "symbol": "ETH-USD"}, {"trade_id": 666297202, "side": "buy", "size": "0.00321083", "price": "2998.20000000", "time": "2025-07-13T16:10:16.199461Z", "fetched_at": "2025-07-13T16:10:49.430297+00:00", "symbol": "ETH-USD"}, {"trade_id": 666297201, "side": "buy", "size": "0.00040000", "price": "2998.21000000", "time": "2025-07-13T16:10:16.199461Z", "fetched_at": "2025-07-13T16:10:49.430297+00:00", "symbol": "ETH-USD"}, {"trade_id": 666297200, "side": "buy", "size": "0.00000333", "price": "2998.21000000", "time": "2025-07-13T16:10:16.199461Z", "fetched_at": "2025-07-13T16:10:49.430297+00:00", "symbol": "ETH-USD"}, {"trade_id": 666297199, "side": "sell", "size": "0.02138144", "price": "2998.37000000", "time": "2025-07-13T16:10:14.796124Z", "fetched_at": "2025-07-13T16:10:49.430297+00:00", "symbol": "ETH-USD"}, {"trade_id": 666297198, "side": "sell", "size": "0.16675754", "price": "2998.37000000", "time": "2025-07-13T16:10:14.796124Z", "fetched_at": "2025-07-13T16:10:49.430297+00:00", "symbol": "ETH-USD"}, {"trade_id": 666297197, "side": "buy", "size": "0.03301325", "price": "2998.19000000", "time": "2025-07-13T16:10:14.567522Z", "fetched_at": "2025-07-13T16:10:49.430297+00:00", "symbol": "ETH-USD"}, {"trade_id": 666297196, "side": "buy", "size": "0.00000667", "price": "2998.28000000", "time": "2025-07-13T16:10:14.567522Z", "fetched_at": "2025-07-13T16:10:49.430297+00:00", "symbol": "ETH-USD"}, {"trade_id": 666297195, "side": "buy", "size": "0.02400000", "price": "2998.19000000", "time": "2025-07-13T16:10:14.200710Z", "fetched_at": "2025-07-13T16:10:49.430297+00:00", "symbol": "ETH-USD"}, {"trade_id": 666297194, "side": "buy", "size": "0.00380000", "price": "2998.38000000", "time": "2025-07-13T16:10:13.395130Z", "fetched_at": "2025-07-13T16:10:49.430297+00:00", "symbol": "ETH-USD"}, {"trade_id": 666297193, "side": "buy", "size": "0.00980907", "price": "2998.38000000", "time": "2025-07-13T16:10:13.395130Z", "fetched_at": "2025-07-13T16:10:49.430297+00:00", "symbol": "ETH-USD"}, {"trade_id": 666297192, "side": "buy", "size": "0.00158041", "price": "2998.38000000", "time": "2025-07-13T16:10:13.103069Z", "fetched_at": "2025-07-13T16:10:49.430297+00:00", "symbol": "ETH-USD"}, {"trade_id": 666297191, "side": "sell", "size": "0.03295435", "price": "2998.39000000", "time": "2025-07-13T16:10:13.045833Z", "fetched_at": "2025-07-13T16:10:49.430297+00:00", "symbol": "ETH-USD"}, {"trade_id": 666297190, "side": "buy", "size": "0.01760000", "price": "2998.48000000", "time": "2025-07-13T16:10:12.460283Z", "fetched_at": "2025-07-13T16:10:49.430297+00:00", "symbol": "ETH-USD"}, {"trade_id": 666297189, "side": "buy", "size": "0.01604748", "price": "2998.60000000", "time": "2025-07-13T16:10:11.999917Z", "fetched_at": "2025-07-13T16:10:49.430297+00:00", "symbol": "ETH-USD"}, {"trade_id": 666297188, "side": "buy", "size": "1.66327619", "price": "2998.60000000", "time": "2025-07-13T16:10:11.999917Z", "fetched_at": "2025-07-13T16:10:49.430297+00:00", "symbol": "ETH-USD"}, {"trade_id": 666297187, "side": "buy", "size": "0.00287085", "price": "2998.64000000", "time": "2025-07-13T16:10:11.986178Z", "fetched_at": "2025-07-13T16:10:49.430297+00:00", "symbol": "ETH-USD"}, {"trade_id": 666297186, "side": "sell", "size": "0.03302124", "price": "2998.65000000", "time": "2025-07-13T16:10:11.970537Z", "fetched_at": "2025-07-13T16:10:49.430297+00:00", "symbol": "ETH-USD"}, {"trade_id": 666297185, "side": "sell", "size": "0.00002015", "price": "2998.66000000", "time": "2025-07-13T16:10:11.823865Z", "fetched_at": "2025-07-13T16:10:49.430297+00:00", "symbol": "ETH-USD"}, {"trade_id": 666297184, "side": "sell", "size": "0.00030999", "price": "2998.66000000", "time": "2025-07-13T16:10:11.823865Z", "fetched_at": "2025-07-13T16:10:49.430297+00:00", "symbol": "ETH-USD"}, {"trade_id": 666297183, "side": "sell", "size": "0.03870000", "price": "2998.65000000", "time": "2025-07-13T16:10:11.741164Z", "fetched_at": "2025-07-13T16:10:49.430297+00:00", "symbol": "ETH-USD"}, {"trade_id": 666297182, "side": "sell", "size": "0.01636127", "price": "2998.68000000", "time": "2025-07-13T16:10:10.828310Z", "fetched_at": "2025-07-13T16:10:49.430297+00:00", "symbol": "ETH-USD"}, {"trade_id": 666297181, "side": "sell", "size": "0.07960000", "price": "2998.46000000", "time": "2025-07-13T16:10:10.217295Z", "fetched_at": "2025-07-13T16:10:49.430297+00:00", "symbol": "ETH-USD"}, {"trade_id": 666297180, "side": "buy", "size": "0.58670176", "price": "2998.56000000", "time": "2025-07-13T16:10:09.299154Z", "fetched_at": "2025-07-13T16:10:49.430297+00:00", "symbol": "ETH-USD"}, {"trade_id": 666297179, "side": "buy", "size": "0.30000000", "price": "2998.57000000", "time": "2025-07-13T16:10:09.299154Z", "fetched_at": "2025-07-13T16:10:49.430297+00:00", "symbol": "ETH-USD"}, {"trade_id": 666297178, "side": "buy", "size": "0.01603821", "price": "2998.59000000", "time": "2025-07-13T16:10:09.299154Z", "fetched_at": "2025-07-13T16:10:49.430297+00:00", "symbol": "ETH-USD"}, {"trade_id": 666297177, "side": "buy", "size": "0.04720633", "price": "2998.75000000", "time": "2025-07-13T16:10:09.297900Z", "fetched_at": "2025-07-13T16:10:49.430297+00:00", "symbol": "ETH-USD"}, {"trade_id": 666297176, "side": "buy", "size": "0.12835014", "price": "2998.75000000", "time": "2025-07-13T16:10:09.297900Z", "fetched_at": "2025-07-13T16:10:49.430297+00:00", "symbol": "ETH-USD"}, {"trade_id": 666297175, "side": "buy", "size": "0.08280000", "price": "2998.75000000", "time": "2025-07-13T16:10:09.297900Z", "fetched_at": "2025-07-13T16:10:49.430297+00:00", "symbol": "ETH-USD"}, {"trade_id": 666297174, "side": "buy", "size": "0.01120000", "price": "2998.75000000", "time": "2025-07-13T16:10:09.297900Z", "fetched_at": "2025-07-13T16:10:49.430297+00:00", "symbol": "ETH-USD"}, {"trade_id": 666297173, "side": "buy", "size": "0.00494713", "price": "2998.75000000", "time": "2025-07-13T16:10:09.297900Z", "fetched_at": "2025-07-13T16:10:49.430297+00:00", "symbol": "ETH-USD"}, {"trade_id": 666297172, "side": "sell", "size": "0.00158041", "price": "2998.76000000", "time": "2025-07-13T16:10:09.284690Z", "fetched_at": "2025-07-13T16:10:49.430297+00:00", "symbol": "ETH-USD"}, {"trade_id": 666297171, "side": "buy", "size": "0.12012287", "price": "2998.75000000", "time": "2025-07-13T16:10:08.267924Z", "fetched_at": "2025-07-13T16:10:49.430297+00:00", "symbol": "ETH-USD"}, {"trade_id": 666297170, "side": "buy", "size": "0.04674614", "price": "2998.75000000", "time": "2025-07-13T16:10:08.267924Z", "fetched_at": "2025-07-13T16:10:49.430297+00:00", "symbol": "ETH-USD"}, {"trade_id": 666297169, "side": "buy", "size": "0.03335006", "price": "2998.78000000", "time": "2025-07-13T16:10:07.864201Z", "fetched_at": "2025-07-13T16:10:49.430297+00:00", "symbol": "ETH-USD"}, {"trade_id": 666297168, "side": "sell", "size": "0.86892896", "price": "2998.78000000", "time": "2025-07-13T16:10:07.833020Z", "fetched_at": "2025-07-13T16:10:49.430297+00:00", "symbol": "ETH-USD"}, {"trade_id": 666297167, "side": "sell", "size": "0.16673558", "price": "2998.76000000", "time": "2025-07-13T16:10:07.833020Z", "fetched_at": "2025-07-13T16:10:49.430297+00:00", "symbol": "ETH-USD"}, {"trade_id": 666297166, "side": "sell", "size": "0.00024003", "price": "2998.76000000", "time": "2025-07-13T16:10:07.833020Z", "fetched_at": "2025-07-13T16:10:49.430297+00:00", "symbol": "ETH-USD"}, {"trade_id": 666297165, "side": "sell", "size": "0.03752979", "price": "2998.76000000", "time": "2025-07-13T16:10:07.833020Z", "fetched_at": "2025-07-13T16:10:49.430297+00:00", "symbol": "ETH-USD"}, {"trade_id": 666297164, "side": "sell", "size": "0.00031001", "price": "2998.76000000", "time": "2025-07-13T16:10:07.833020Z", "fetched_at": "2025-07-13T16:10:49.430297+00:00", "symbol": "ETH-USD"}, {"trade_id": 666297163, "side": "sell", "size": "0.00005589", "price": "2998.76000000", "time": "2025-07-13T16:10:07.833020Z", "fetched_at": "2025-07-13T16:10:49.430297+00:00", "symbol": "ETH-USD"}, {"trade_id": 666297162, "side": "sell", "size": "0.00001779", "price": "2998.76000000", "time": "2025-07-13T16:10:07.833020Z", "fetched_at": "2025-07-13T16:10:49.430297+00:00", "symbol": "ETH-USD"}, {"trade_id": 666297161, "side": "sell", "size": "0.00169544", "price": "2998.75000000", "time": "2025-07-13T16:10:04.875767Z", "fetched_at": "2025-07-13T16:10:49.430297+00:00", "symbol": "ETH-USD"}, {"trade_id": 666297160, "side": "sell", "size": "0.00024001", "price": "2998.75000000", "time": "2025-07-13T16:10:04.875767Z", "fetched_at": "2025-07-13T16:10:49.430297+00:00", "symbol": "ETH-USD"}, {"trade_id": 666297159, "side": "sell", "size": "0.00030999", "price": "2998.75000000", "time": "2025-07-13T16:10:04.875767Z", "fetched_at": "2025-07-13T16:10:49.430297+00:00", "symbol": "ETH-USD"}, {"trade_id": 666297158, "side": "sell", "size": "0.07909248", "price": "2998.68000000", "time": "2025-07-13T16:10:04.747205Z", "fetched_at": "2025-07-13T16:10:49.430297+00:00", "symbol": "ETH-USD"}, {"trade_id": 666297157, "side": "buy", "size": "0.00024345", "price": "2998.59000000", "time": "2025-07-13T16:10:03.148821Z", "fetched_at": "2025-07-13T16:10:49.430297+00:00", "symbol": "ETH-USD"}, {"trade_id": 666297156, "side": "buy", "size": "0.03306552", "price": "2998.59000000", "time": "2025-07-13T16:10:03.148821Z", "fetched_at": "2025-07-13T16:10:49.430297+00:00", "symbol": "ETH-USD"}, {"trade_id": 666297155, "side": "buy", "size": "0.00466859", "price": "2998.59000000", "time": "2025-07-13T16:10:01.572370Z", "fetched_at": "2025-07-13T16:10:49.430297+00:00", "symbol": "ETH-USD"}, {"trade_id": 666297154, "side": "buy", "size": "0.00287100", "price": "2998.59000000", "time": "2025-07-13T16:09:59.850909Z", "fetched_at": "2025-07-13T16:10:49.430297+00:00", "symbol": "ETH-USD"}, {"trade_id": 666297153, "side": "sell", "size": "0.08471712", "price": "2998.70000000", "time": "2025-07-13T16:09:59.634601Z", "fetched_at": "2025-07-13T16:10:49.430297+00:00", "symbol": "ETH-USD"}, {"trade_id": 666297152, "side": "sell", "size": "0.05666546", "price": "2998.70000000", "time": "2025-07-13T16:09:59.634601Z", "fetched_at": "2025-07-13T16:10:49.430297+00:00", "symbol": "ETH-USD"}, {"trade_id": 666297151, "side": "sell", "size": "0.05245563", "price": "2998.69000000", "time": "2025-07-13T16:09:59.634601Z", "fetched_at": "2025-07-13T16:10:49.430297+00:00", "symbol": "ETH-USD"}, {"trade_id": 666297150, "side": "sell", "size": "0.13040712", "price": "2998.69000000", "time": "2025-07-13T16:09:59.634601Z", "fetched_at": "2025-07-13T16:10:49.430297+00:00", "symbol": "ETH-USD"}, {"trade_id": 666297149, "side": "sell", "size": "0.00010334", "price": "2998.60000000", "time": "2025-07-13T16:09:59.634601Z", "fetched_at": "2025-07-13T16:10:49.430297+00:00", "symbol": "ETH-USD"}, {"trade_id": 666297148, "side": "sell", "size": "0.00522207", "price": "2998.70000000", "time": "2025-07-13T16:09:59.552459Z", "fetched_at": "2025-07-13T16:10:49.430297+00:00", "symbol": "ETH-USD"}, {"trade_id": 666297147, "side": "sell", "size": "0.00010334", "price": "2998.65000000", "time": "2025-07-13T16:09:59.552459Z", "fetched_at": "2025-07-13T16:10:49.430297+00:00", "symbol": "ETH-USD"}, {"trade_id": 666297146, "side": "sell", "size": "0.00100000", "price": "2998.60000000", "time": "2025-07-13T16:09:59.552459Z", "fetched_at": "2025-07-13T16:10:49.430297+00:00", "symbol": "ETH-USD"}, {"trade_id": 666297145, "side": "buy", "size": "0.00100731", "price": "2998.44000000", "time": "2025-07-13T16:09:56.943896Z", "fetched_at": "2025-07-13T16:10:49.430297+00:00", "symbol": "ETH-USD"}, {"trade_id": 666297144, "side": "sell", "size": "0.00024001", "price": "2998.07000000", "time": "2025-07-13T16:09:56.814351Z", "fetched_at": "2025-07-13T16:10:49.430297+00:00", "symbol": "ETH-USD"}, {"trade_id": 666297143, "side": "sell", "size": "0.00031002", "price": "2998.07000000", "time": "2025-07-13T16:09:56.814351Z", "fetched_at": "2025-07-13T16:10:49.430297+00:00", "symbol": "ETH-USD"}, {"trade_id": 666297142, "side": "sell", "size": "0.00005589", "price": "2998.07000000", "time": "2025-07-13T16:09:56.814351Z", "fetched_at": "2025-07-13T16:10:49.430297+00:00", "symbol": "ETH-USD"}, {"trade_id": 666297141, "side": "sell", "size": "0.22245204", "price": "2998.07000000", "time": "2025-07-13T16:09:56.814351Z", "fetched_at": "2025-07-13T16:10:49.430297+00:00", "symbol": "ETH-USD"}, {"trade_id": 666297140, "side": "buy", "size": "0.00100000", "price": "2998.16000000", "time": "2025-07-13T16:09:55.828783Z", "fetched_at": "2025-07-13T16:10:49.430297+00:00", "symbol": "ETH-USD"}, {"trade_id": 666297139, "side": "buy", "size": "0.19180000", "price": "2998.24000000", "time": "2025-07-13T16:09:55.828783Z", "fetched_at": "2025-07-13T16:10:49.430297+00:00", "symbol": "ETH-USD"}, {"trade_id": 666297138, "side": "buy", "size": "0.01009000", "price": "2998.24000000", "time": "2025-07-13T16:09:55.828783Z", "fetched_at": "2025-07-13T16:10:49.430297+00:00", "symbol": "ETH-USD"}, {"trade_id": 666297137, "side": "buy", "size": "0.00315362", "price": "2998.25000000", "time": "2025-07-13T16:09:55.828783Z", "fetched_at": "2025-07-13T16:10:49.430297+00:00", "symbol": "ETH-USD"}, {"trade_id": 666297136, "side": "sell", "size": "0.03217663", "price": "2998.44000000", "time": "2025-07-13T16:09:55.681658Z", "fetched_at": "2025-07-13T16:10:49.430297+00:00", "symbol": "ETH-USD"}, {"trade_id": 666297135, "side": "sell", "size": "0.16675337", "price": "2998.44000000", "time": "2025-07-13T16:09:55.681658Z", "fetched_at": "2025-07-13T16:10:49.430297+00:00", "symbol": "ETH-USD"}, {"trade_id": 666297134, "side": "buy", "size": "0.03015700", "price": "2998.24000000", "time": "2025-07-13T16:09:54.731871Z", "fetched_at": "2025-07-13T16:10:49.430297+00:00", "symbol": "ETH-USD"}, {"trade_id": 666297133, "side": "buy", "size": "0.26295000", "price": "2998.64000000", "time": "2025-07-13T16:09:54.323825Z", "fetched_at": "2025-07-13T16:10:49.430297+00:00", "symbol": "ETH-USD"}, {"trade_id": 666297132, "side": "buy", "size": "1.40468204", "price": "2998.64000000", "time": "2025-07-13T16:09:54.323825Z", "fetched_at": "2025-07-13T16:10:49.430297+00:00", "symbol": "ETH-USD"}, {"trade_id": 666297131, "side": "sell", "size": "0.00100000", "price": "2998.60000000", "time": "2025-07-13T16:09:53.268576Z", "fetched_at": "2025-07-13T16:10:49.430297+00:00", "symbol": "ETH-USD"}, {"trade_id": 666297130, "side": "sell", "size": "0.83374447", "price": "2998.53000000", "time": "2025-07-13T16:09:53.268576Z", "fetched_at": "2025-07-13T16:10:49.430297+00:00", "symbol": "ETH-USD"}, {"trade_id": 666297129, "side": "sell", "size": "0.50090668", "price": "2998.52000000", "time": "2025-07-13T16:09:53.268576Z", "fetched_at": "2025-07-13T16:10:49.430297+00:00", "symbol": "ETH-USD"}, {"trade_id": 666297128, "side": "sell", "size": "0.52964000", "price": "2998.50000000", "time": "2025-07-13T16:09:53.268576Z", "fetched_at": "2025-07-13T16:10:49.430297+00:00", "symbol": "ETH-USD"}, {"trade_id": 666297127, "side": "sell", "size": "0.41327677", "price": "2998.50000000", "time": "2025-07-13T16:09:53.268576Z", "fetched_at": "2025-07-13T16:10:49.430297+00:00", "symbol": "ETH-USD"}, {"trade_id": 666297126, "side": "sell", "size": "0.15000000", "price": "2998.50000000", "time": "2025-07-13T16:09:53.268576Z", "fetched_at": "2025-07-13T16:10:49.430297+00:00", "symbol": "ETH-USD"}, {"trade_id": 666297125, "side": "sell", "size": "0.16675004", "price": "2998.50000000", "time": "2025-07-13T16:09:53.268576Z", "fetched_at": "2025-07-13T16:10:49.430297+00:00", "symbol": "ETH-USD"}, {"trade_id": 666297124, "side": "sell", "size": "0.00226265", "price": "2998.47000000", "time": "2025-07-13T16:09:52.311056Z", "fetched_at": "2025-07-13T16:10:49.430297+00:00", "symbol": "ETH-USD"}, {"trade_id": 666297123, "side": "sell", "size": "0.00039375", "price": "2998.07000000", "time": "2025-07-13T16:09:52.311056Z", "fetched_at": "2025-07-13T16:10:49.430297+00:00", "symbol": "ETH-USD"}, {"trade_id": 666297122, "side": "sell", "size": "0.00050327", "price": "2998.07000000", "time": "2025-07-13T16:09:52.311056Z", "fetched_at": "2025-07-13T16:10:49.430297+00:00", "symbol": "ETH-USD"}, {"trade_id": 666297121, "side": "sell", "size": "0.00008532", "price": "2998.07000000", "time": "2025-07-13T16:09:52.311056Z", "fetched_at": "2025-07-13T16:10:49.430297+00:00", "symbol": "ETH-USD"}, {"trade_id": 666297120, "side": "sell", "size": "0.00005668", "price": "2998.07000000", "time": "2025-07-13T16:09:52.311056Z", "fetched_at": "2025-07-13T16:10:49.430297+00:00", "symbol": "ETH-USD"}, {"trade_id": 666297119, "side": "buy", "size": "0.02198729", "price": "2998.06000000", "time": "2025-07-13T16:09:51.772328Z", "fetched_at": "2025-07-13T16:10:49.430297+00:00", "symbol": "ETH-USD"}, {"trade_id": 666297118, "side": "buy", "size": "0.00078000", "price": "2998.06000000", "time": "2025-07-13T16:09:51.772328Z", "fetched_at": "2025-07-13T16:10:49.430297+00:00", "symbol": "ETH-USD"}, {"trade_id": 666297117, "side": "buy", "size": "0.00316576", "price": "2998.06000000", "time": "2025-07-13T16:09:51.772328Z", "fetched_at": "2025-07-13T16:10:49.430297+00:00", "symbol": "ETH-USD"}, {"trade_id": 666297116, "side": "buy", "size": "0.00002334", "price": "2998.06000000", "time": "2025-07-13T16:09:51.368302Z", "fetched_at": "2025-07-13T16:10:49.430297+00:00", "symbol": "ETH-USD"}, {"trade_id": 666297115, "side": "sell", "size": "0.00005810", "price": "2998.07000000", "time": "2025-07-13T16:09:51.306684Z", "fetched_at": "2025-07-13T16:10:49.430297+00:00", "symbol": "ETH-USD"}, {"trade_id": 666297114, "side": "buy", "size": "0.03307381", "price": "2997.68000000", "time": "2025-07-13T16:09:50.950121Z", "fetched_at": "2025-07-13T16:10:49.430297+00:00", "symbol": "ETH-USD"}, {"trade_id": 666297113, "side": "buy", "size": "0.00100000", "price": "2997.72000000", "time": "2025-07-13T16:09:50.950121Z", "fetched_at": "2025-07-13T16:10:49.430297+00:00", "symbol": "ETH-USD"}, {"trade_id": 666297112, "side": "buy", "size": "0.00100000", "price": "2997.94000000", "time": "2025-07-13T16:09:50.950121Z", "fetched_at": "2025-07-13T16:10:49.430297+00:00", "symbol": "ETH-USD"}, {"trade_id": 666297111, "side": "buy", "size": "0.00065709", "price": "2998.06000000", "time": "2025-07-13T16:09:50.950121Z", "fetched_at": "2025-07-13T16:10:49.430297+00:00", "symbol": "ETH-USD"}, {"trade_id": 666297110, "side": "buy", "size": "0.00041000", "price": "2998.06000000", "time": "2025-07-13T16:09:50.950121Z", "fetched_at": "2025-07-13T16:10:49.430297+00:00", "symbol": "ETH-USD"}, {"trade_id": 666297109, "side": "buy", "size": "0.00001000", "price": "2998.06000000", "time": "2025-07-13T16:09:50.950121Z", "fetched_at": "2025-07-13T16:10:49.430297+00:00", "symbol": "ETH-USD"}, {"trade_id": 666297108, "side": "buy", "size": "0.00318910", "price": "2998.06000000", "time": "2025-07-13T16:09:50.950121Z", "fetched_at": "2025-07-13T16:10:49.430297+00:00", "symbol": "ETH-USD"}, {"trade_id": 666297107, "side": "buy", "size": "0.00066000", "price": "2998.06000000", "time": "2025-07-13T16:09:50.950121Z", "fetched_at": "2025-07-13T16:10:49.430297+00:00", "symbol": "ETH-USD"}, {"trade_id": 666297106, "side": "buy", "size": "0.02050206", "price": "2998.06000000", "time": "2025-07-13T16:09:50.433812Z", "fetched_at": "2025-07-13T16:10:49.430297+00:00", "symbol": "ETH-USD"}, {"trade_id": 666297105, "side": "buy", "size": "0.00131418", "price": "2998.06000000", "time": "2025-07-13T16:09:50.433812Z", "fetched_at": "2025-07-13T16:10:49.430297+00:00", "symbol": "ETH-USD"}, {"trade_id": 666297104, "side": "buy", "size": "0.02466261", "price": "2998.06000000", "time": "2025-07-13T16:09:50.433812Z", "fetched_at": "2025-07-13T16:10:49.430297+00:00", "symbol": "ETH-USD"}, {"trade_id": 666297103, "side": "buy", "size": "0.00262836", "price": "2998.06000000", "time": "2025-07-13T16:09:50.433812Z", "fetched_at": "2025-07-13T16:10:49.430297+00:00", "symbol": "ETH-USD"}, {"trade_id": 666297102, "side": "buy", "size": "0.00330000", "price": "2998.06000000", "time": "2025-07-13T16:09:50.433812Z", "fetched_at": "2025-07-13T16:10:49.430297+00:00", "symbol": "ETH-USD"}, {"trade_id": 666297101, "side": "buy", "size": "0.00396256", "price": "2998.06000000", "time": "2025-07-13T16:09:50.433812Z", "fetched_at": "2025-07-13T16:10:49.430297+00:00", "symbol": "ETH-USD"}, {"trade_id": 666297100, "side": "buy", "size": "0.00524339", "price": "2998.06000000", "time": "2025-07-13T16:09:50.433812Z", "fetched_at": "2025-07-13T16:10:49.430297+00:00", "symbol": "ETH-USD"}, {"trade_id": 666297099, "side": "buy", "size": "0.00318910", "price": "2998.06000000", "time": "2025-07-13T16:09:50.433812Z", "fetched_at": "2025-07-13T16:10:49.430297+00:00", "symbol": "ETH-USD"}, {"trade_id": 666297098, "side": "buy", "size": "0.30000000", "price": "2998.10000000", "time": "2025-07-13T16:09:47.265020Z", "fetched_at": "2025-07-13T16:10:49.430297+00:00", "symbol": "ETH-USD"}, {"trade_id": 666297097, "side": "buy", "size": "0.03209365", "price": "2998.10000000", "time": "2025-07-13T16:09:47.265020Z", "fetched_at": "2025-07-13T16:10:49.430297+00:00", "symbol": "ETH-USD"}, {"trade_id": 666297096, "side": "buy", "size": "0.05831693", "price": "2998.10000000", "time": "2025-07-13T16:09:47.265020Z", "fetched_at": "2025-07-13T16:10:49.430297+00:00", "symbol": "ETH-USD"}, {"trade_id": 666297095, "side": "buy", "size": "0.00001733", "price": "2998.15000000", "time": "2025-07-13T16:09:47.265020Z", "fetched_at": "2025-07-13T16:10:49.430297+00:00", "symbol": "ETH-USD"}, {"trade_id": 666297094, "side": "buy", "size": "0.01844071", "price": "2998.15000000", "time": "2025-07-13T16:09:47.262895Z", "fetched_at": "2025-07-13T16:10:49.430297+00:00", "symbol": "ETH-USD"}, {"trade_id": 666297093, "side": "buy", "size": "0.05831929", "price": "2998.15000000", "time": "2025-07-13T16:09:47.262895Z", "fetched_at": "2025-07-13T16:10:49.430297+00:00", "symbol": "ETH-USD"}, {"trade_id": 666297092, "side": "buy", "size": "0.00100000", "price": "2998.16000000", "time": "2025-07-13T16:09:47.252320Z", "fetched_at": "2025-07-13T16:10:49.430297+00:00", "symbol": "ETH-USD"}, {"trade_id": 666297091, "side": "buy", "size": "0.19999866", "price": "2998.23000000", "time": "2025-07-13T16:09:47.248812Z", "fetched_at": "2025-07-13T16:10:49.430297+00:00", "symbol": "ETH-USD"}, {"trade_id": 666297090, "side": "buy", "size": "0.01796000", "price": "2998.33000000", "time": "2025-07-13T16:09:47.248812Z", "fetched_at": "2025-07-13T16:10:49.430297+00:00", "symbol": "ETH-USD"}, {"trade_id": 666297089, "side": "buy", "size": "0.00318881", "price": "2998.33000000", "time": "2025-07-13T16:09:47.248812Z", "fetched_at": "2025-07-13T16:10:49.430297+00:00", "symbol": "ETH-USD"}, {"trade_id": 666297088, "side": "buy", "size": "0.06742086", "price": "2998.33000000", "time": "2025-07-13T16:09:47.248812Z", "fetched_at": "2025-07-13T16:10:49.430297+00:00", "symbol": "ETH-USD"}, {"trade_id": 666297087, "side": "buy", "size": "0.02739525", "price": "2998.33000000", "time": "2025-07-13T16:09:47.248812Z", "fetched_at": "2025-07-13T16:10:49.430297+00:00", "symbol": "ETH-USD"}, {"trade_id": 666297086, "side": "buy", "size": "0.01426794", "price": "2998.33000000", "time": "2025-07-13T16:09:47.248812Z", "fetched_at": "2025-07-13T16:10:49.430297+00:00", "symbol": "ETH-USD"}, {"trade_id": 666297085, "side": "buy", "size": "0.00001236", "price": "2998.63000000", "time": "2025-07-13T16:09:46.544672Z", "fetched_at": "2025-07-13T16:10:49.430297+00:00", "symbol": "ETH-USD"}, {"trade_id": 666297084, "side": "buy", "size": "0.01426082", "price": "2998.63000000", "time": "2025-07-13T16:09:46.544016Z", "fetched_at": "2025-07-13T16:10:49.430297+00:00", "symbol": "ETH-USD"}, {"trade_id": 666297083, "side": "buy", "size": "0.01281918", "price": "2998.63000000", "time": "2025-07-13T16:09:46.544016Z", "fetched_at": "2025-07-13T16:10:49.430297+00:00", "symbol": "ETH-USD"}, {"trade_id": 666297082, "side": "sell", "size": "0.04861383", "price": "2998.73000000", "time": "2025-07-13T16:09:46.376749Z", "fetched_at": "2025-07-13T16:10:49.430297+00:00", "symbol": "ETH-USD"}, {"trade_id": 666297081, "side": "sell", "size": "0.00248499", "price": "2998.73000000", "time": "2025-07-13T16:09:45.623063Z", "fetched_at": "2025-07-13T16:10:49.430297+00:00", "symbol": "ETH-USD"}, {"trade_id": 666297080, "side": "sell", "size": "0.00010700", "price": "2998.64000000", "time": "2025-07-13T16:09:45.623063Z", "fetched_at": "2025-07-13T16:10:49.430297+00:00", "symbol": "ETH-USD"}, {"trade_id": 666297079, "side": "sell", "size": "0.00032086", "price": "2998.64000000", "time": "2025-07-13T16:09:45.623063Z", "fetched_at": "2025-07-13T16:10:49.430297+00:00", "symbol": "ETH-USD"}, {"trade_id": 666297078, "side": "sell", "size": "0.00005784", "price": "2998.64000000", "time": "2025-07-13T16:09:45.623063Z", "fetched_at": "2025-07-13T16:10:49.430297+00:00", "symbol": "ETH-USD"}, {"trade_id": 666297077, "side": "sell", "size": "0.00024844", "price": "2998.64000000", "time": "2025-07-13T16:09:45.623063Z", "fetched_at": "2025-07-13T16:10:49.430297+00:00", "symbol": "ETH-USD"}, {"trade_id": 666297076, "side": "buy", "size": "0.00014641", "price": "2998.59000000", "time": "2025-07-13T16:09:43.383664Z", "fetched_at": "2025-07-13T16:10:49.430297+00:00", "symbol": "ETH-USD"}, {"trade_id": 666297075, "side": "buy", "size": "0.00318849", "price": "2998.63000000", "time": "2025-07-13T16:09:43.383664Z", "fetched_at": "2025-07-13T16:10:49.430297+00:00", "symbol": "ETH-USD"}, {"trade_id": 666297074, "side": "sell", "size": "0.00626576", "price": "2998.63000000", "time": "2025-07-13T16:09:43.104699Z", "fetched_at": "2025-07-13T16:10:49.430297+00:00", "symbol": "ETH-USD"}, {"trade_id": 666297073, "side": "sell", "size": "0.00100000", "price": "2998.60000000", "time": "2025-07-13T16:09:43.104699Z", "fetched_at": "2025-07-13T16:10:49.430297+00:00", "symbol": "ETH-USD"}, {"trade_id": 666297072, "side": "buy", "size": "0.13866348", "price": "2998.45000000", "time": "2025-07-13T16:09:42.139804Z", "fetched_at": "2025-07-13T16:10:49.430297+00:00", "symbol": "ETH-USD"}, {"trade_id": 666297071, "side": "buy", "size": "0.00170000", "price": "2998.47000000", "time": "2025-07-13T16:09:42.139804Z", "fetched_at": "2025-07-13T16:10:49.430297+00:00", "symbol": "ETH-USD"}, {"trade_id": 666297070, "side": "buy", "size": "0.06519297", "price": "2998.48000000", "time": "2025-07-13T16:09:42.139804Z", "fetched_at": "2025-07-13T16:10:49.430297+00:00", "symbol": "ETH-USD"}, {"trade_id": 666297069, "side": "buy", "size": "0.03843947", "price": "2998.48000000", "time": "2025-07-13T16:09:42.139804Z", "fetched_at": "2025-07-13T16:10:49.430297+00:00", "symbol": "ETH-USD"}, {"trade_id": 666297068, "side": "buy", "size": "0.05705557", "price": "2998.48000000", "time": "2025-07-13T16:09:42.139804Z", "fetched_at": "2025-07-13T16:10:49.430297+00:00", "symbol": "ETH-USD"}, {"trade_id": 666297067, "side": "buy", "size": "0.40332401", "price": "2998.59000000", "time": "2025-07-13T16:09:42.139804Z", "fetched_at": "2025-07-13T16:10:49.430297+00:00", "symbol": "ETH-USD"}, {"trade_id": 666297066, "side": "buy", "size": "0.00318854", "price": "2998.59000000", "time": "2025-07-13T16:09:42.139804Z", "fetched_at": "2025-07-13T16:10:49.430297+00:00", "symbol": "ETH-USD"}, {"trade_id": 666297065, "side": "buy", "size": "0.08685000", "price": "2998.59000000", "time": "2025-07-13T16:09:42.139804Z", "fetched_at": "2025-07-13T16:10:49.430297+00:00", "symbol": "ETH-USD"}, {"trade_id": 666297064, "side": "buy", "size": "0.01968660", "price": "2998.47000000", "time": "2025-07-13T16:09:41.320830Z", "fetched_at": "2025-07-13T16:10:49.430297+00:00", "symbol": "ETH-USD"}, {"trade_id": 666297063, "side": "sell", "size": "0.01783522", "price": "2998.48000000", "time": "2025-07-13T16:09:40.999791Z", "fetched_at": "2025-07-13T16:10:49.430297+00:00", "symbol": "ETH-USD"}, {"trade_id": 666297062, "side": "sell", "size": "0.00942422", "price": "2998.48000000", "time": "2025-07-13T16:09:40.689039Z", "fetched_at": "2025-07-13T16:10:49.430297+00:00", "symbol": "ETH-USD"}, {"trade_id": 666297061, "side": "sell", "size": "0.00010591", "price": "2998.48000000", "time": "2025-07-13T16:09:40.689039Z", "fetched_at": "2025-07-13T16:10:49.430297+00:00", "symbol": "ETH-USD"}, {"trade_id": 666297060, "side": "sell", "size": "0.00007788", "price": "2998.48000000", "time": "2025-07-13T16:09:40.689039Z", "fetched_at": "2025-07-13T16:10:49.430297+00:00", "symbol": "ETH-USD"}, {"trade_id": 666297059, "side": "sell", "size": "0.00002451", "price": "2998.48000000", "time": "2025-07-13T16:09:40.689039Z", "fetched_at": "2025-07-13T16:10:49.430297+00:00", "symbol": "ETH-USD"}, {"trade_id": 666297058, "side": "sell", "size": "0.00008826", "price": "2998.48000000", "time": "2025-07-13T16:09:40.689039Z", "fetched_at": "2025-07-13T16:10:49.430297+00:00", "symbol": "ETH-USD"}, {"trade_id": 666297057, "side": "sell", "size": "0.00825636", "price": "2998.48000000", "time": "2025-07-13T16:09:39.150604Z", "fetched_at": "2025-07-13T16:10:49.430297+00:00", "symbol": "ETH-USD"}, {"trade_id": 666297056, "side": "buy", "size": "0.01361083", "price": "2998.47000000", "time": "2025-07-13T16:09:38.999487Z", "fetched_at": "2025-07-13T16:10:49.430297+00:00", "symbol": "ETH-USD"}, {"trade_id": 666297055, "side": "buy", "size": "0.00318866", "price": "2998.47000000", "time": "2025-07-13T16:09:38.999487Z", "fetched_at": "2025-07-13T16:10:49.430297+00:00", "symbol": "ETH-USD"}, {"trade_id": 666297054, "side": "sell", "size": "0.00316365", "price": "2998.50000000", "time": "2025-07-13T16:09:38.264001Z", "fetched_at": "2025-07-13T16:10:49.430297+00:00", "symbol": "ETH-USD"}, {"trade_id": 666297053, "side": "sell", "size": "0.01147483", "price": "2998.49000000", "time": "2025-07-13T16:09:38.042638Z", "fetched_at": "2025-07-13T16:10:49.430297+00:00", "symbol": "ETH-USD"}, {"trade_id": 666297052, "side": "sell", "size": "0.00100000", "price": "2998.38000000", "time": "2025-07-13T16:09:38.042638Z", "fetched_at": "2025-07-13T16:10:49.430297+00:00", "symbol": "ETH-USD"}, {"trade_id": 666297051, "side": "sell", "size": "0.00124001", "price": "2998.16000000", "time": "2025-07-13T16:09:38.042638Z", "fetched_at": "2025-07-13T16:10:49.430297+00:00", "symbol": "ETH-USD"}, {"trade_id": 666297050, "side": "sell", "size": "0.00022354", "price": "2998.16000000", "time": "2025-07-13T16:09:38.042638Z", "fetched_at": "2025-07-13T16:10:49.430297+00:00", "symbol": "ETH-USD"}, {"trade_id": 666297049, "side": "sell", "size": "0.00031004", "price": "2998.16000000", "time": "2025-07-13T16:09:38.042638Z", "fetched_at": "2025-07-13T16:10:49.430297+00:00", "symbol": "ETH-USD"}, {"trade_id": 666297048, "side": "sell", "size": "0.00096010", "price": "2998.16000000", "time": "2025-07-13T16:09:38.042638Z", "fetched_at": "2025-07-13T16:10:49.430297+00:00", "symbol": "ETH-USD"}, {"trade_id": 666297047, "side": "sell", "size": "0.00100000", "price": "2998.16000000", "time": "2025-07-13T16:09:38.042638Z", "fetched_at": "2025-07-13T16:10:49.430297+00:00", "symbol": "ETH-USD"}, {"trade_id": 666297046, "side": "sell", "size": "0.24269000", "price": "2997.88000000", "time": "2025-07-13T16:09:35.807477Z", "fetched_at": "2025-07-13T16:10:49.430297+00:00", "symbol": "ETH-USD"}, {"trade_id": 666297045, "side": "sell", "size": "0.80000000", "price": "2998.02000000", "time": "2025-07-13T16:09:35.805932Z", "fetched_at": "2025-07-13T16:10:49.430297+00:00", "symbol": "ETH-USD"}, {"trade_id": 666297044, "side": "sell", "size": "0.40000000", "price": "2998.02000000", "time": "2025-07-13T16:09:35.805932Z", "fetched_at": "2025-07-13T16:10:49.430297+00:00", "symbol": "ETH-USD"}, {"trade_id": 666297043, "side": "sell", "size": "0.20000000", "price": "2998.02000000", "time": "2025-07-13T16:09:35.805932Z", "fetched_at": "2025-07-13T16:10:49.430297+00:00", "symbol": "ETH-USD"}, {"trade_id": 666297042, "side": "sell", "size": "0.66711573", "price": "2998.02000000", "time": "2025-07-13T16:09:35.805932Z", "fetched_at": "2025-07-13T16:10:49.430297+00:00", "symbol": "ETH-USD"}, {"trade_id": 666297041, "side": "sell", "size": "0.16677000", "price": "2998.02000000", "time": "2025-07-13T16:09:35.805861Z", "fetched_at": "2025-07-13T16:10:49.430297+00:00", "symbol": "ETH-USD"}, {"trade_id": 666297040, "side": "sell", "size": "0.00006444", "price": "2997.95000000", "time": "2025-07-13T16:09:35.804334Z", "fetched_at": "2025-07-13T16:10:49.430297+00:00", "symbol": "ETH-USD"}, {"trade_id": 666297039, "side": "sell", "size": "0.04978475", "price": "2997.89000000", "time": "2025-07-13T16:09:35.804334Z", "fetched_at": "2025-07-13T16:10:49.430297+00:00", "symbol": "ETH-USD"}, {"trade_id": 666297038, "side": "sell", "size": "0.15963581", "price": "2997.94000000", "time": "2025-07-13T16:09:35.800266Z", "fetched_at": "2025-07-13T16:10:49.430297+00:00", "symbol": "ETH-USD"}, {"trade_id": 666297037, "side": "sell", "size": "5.69686419", "price": "2997.94000000", "time": "2025-07-13T16:09:35.799876Z", "fetched_at": "2025-07-13T16:10:49.430297+00:00", "symbol": "ETH-USD"}, {"trade_id": 666297036, "side": "sell", "size": "0.00100000", "price": "2997.94000000", "time": "2025-07-13T16:09:35.799876Z", "fetched_at": "2025-07-13T16:10:49.430297+00:00", "symbol": "ETH-USD"}, {"trade_id": 666297035, "side": "sell", "size": "2.34042660", "price": "2997.91000000", "time": "2025-07-13T16:09:35.799718Z", "fetched_at": "2025-07-13T16:10:49.430297+00:00", "symbol": "ETH-USD"}, {"trade_id": 666297034, "side": "sell", "size": "0.24573320", "price": "2997.91000000", "time": "2025-07-13T16:09:35.799589Z", "fetched_at": "2025-07-13T16:10:49.430297+00:00", "symbol": "ETH-USD"}, {"trade_id": 666297033, "side": "sell", "size": "2.26871030", "price": "2997.91000000", "time": "2025-07-13T16:09:35.798531Z", "fetched_at": "2025-07-13T16:10:49.430297+00:00", "symbol": "ETH-USD"}, {"trade_id": 666297032, "side": "sell", "size": "0.15000000", "price": "2997.90000000", "time": "2025-07-13T16:09:35.798531Z", "fetched_at": "2025-07-13T16:10:49.430297+00:00", "symbol": "ETH-USD"}, {"trade_id": 666297031, "side": "sell", "size": "0.07471569", "price": "2997.89000000", "time": "2025-07-13T16:09:35.798531Z", "fetched_at": "2025-07-13T16:10:49.430297+00:00", "symbol": "ETH-USD"}, {"trade_id": 666297030, "side": "sell", "size": "0.00017734", "price": "2997.87000000", "time": "2025-07-13T16:09:35.798531Z", "fetched_at": "2025-07-13T16:10:49.430297+00:00", "symbol": "ETH-USD"}, {"trade_id": 666297029, "side": "sell", "size": "0.00029896", "price": "2997.87000000", "time": "2025-07-13T16:09:35.798531Z", "fetched_at": "2025-07-13T16:10:49.430297+00:00", "symbol": "ETH-USD"}, {"trade_id": 666297028, "side": "sell", "size": "0.00038088", "price": "2997.87000000", "time": "2025-07-13T16:09:35.798531Z", "fetched_at": "2025-07-13T16:10:49.430297+00:00", "symbol": "ETH-USD"}, {"trade_id": 666297027, "side": "sell", "size": "0.39126451", "price": "2997.77000000", "time": "2025-07-13T16:09:35.798531Z", "fetched_at": "2025-07-13T16:10:49.430297+00:00", "symbol": "ETH-USD"}, {"trade_id": 666297026, "side": "sell", "size": "0.00100000", "price": "2997.72000000", "time": "2025-07-13T16:09:35.798531Z", "fetched_at": "2025-07-13T16:10:49.430297+00:00", "symbol": "ETH-USD"}, {"trade_id": 666297025, "side": "buy", "size": "0.94424607", "price": "2997.43000000", "time": "2025-07-13T16:09:34.379908Z", "fetched_at": "2025-07-13T16:10:49.430297+00:00", "symbol": "ETH-USD"}, {"trade_id": 666297024, "side": "buy", "size": "0.05535944", "price": "2997.43000000", "time": "2025-07-13T16:09:34.379908Z", "fetched_at": "2025-07-13T16:10:49.430297+00:00", "symbol": "ETH-USD"}, {"trade_id": 666297023, "side": "buy", "size": "0.12371005", "price": "2997.44000000", "time": "2025-07-13T16:09:34.379908Z", "fetched_at": "2025-07-13T16:10:49.430297+00:00", "symbol": "ETH-USD"}, {"trade_id": 666297022, "side": "buy", "size": "0.01719014", "price": "2997.45000000", "time": "2025-07-13T16:09:34.379908Z", "fetched_at": "2025-07-13T16:10:49.430297+00:00", "symbol": "ETH-USD"}, {"trade_id": 666297021, "side": "buy", "size": "0.00585728", "price": "2997.46000000", "time": "2025-07-13T16:09:34.379908Z", "fetched_at": "2025-07-13T16:10:49.430297+00:00", "symbol": "ETH-USD"}, {"trade_id": 666297020, "side": "buy", "size": "0.03697668", "price": "2997.47000000", "time": "2025-07-13T16:09:34.379908Z", "fetched_at": "2025-07-13T16:10:49.430297+00:00", "symbol": "ETH-USD"}, {"trade_id": 666297019, "side": "buy", "size": "0.03838374", "price": "2997.48000000", "time": "2025-07-13T16:09:34.379908Z", "fetched_at": "2025-07-13T16:10:49.430297+00:00", "symbol": "ETH-USD"}, {"trade_id": 666297018, "side": "buy", "size": "0.05000000", "price": "2997.49000000", "time": "2025-07-13T16:09:34.379908Z", "fetched_at": "2025-07-13T16:10:49.430297+00:00", "symbol": "ETH-USD"}, {"trade_id": 666297017, "side": "buy", "size": "0.02957000", "price": "2997.71000000", "time": "2025-07-13T16:09:34.379908Z", "fetched_at": "2025-07-13T16:10:49.430297+00:00", "symbol": "ETH-USD"}, {"trade_id": 666297016, "side": "buy", "size": "0.30000000", "price": "2997.71000000", "time": "2025-07-13T16:09:34.379908Z", "fetched_at": "2025-07-13T16:10:49.430297+00:00", "symbol": "ETH-USD"}, {"trade_id": 666297015, "side": "buy", "size": "0.00318947", "price": "2997.71000000", "time": "2025-07-13T16:09:34.379908Z", "fetched_at": "2025-07-13T16:10:49.430297+00:00", "symbol": "ETH-USD"}, {"trade_id": 666297014, "side": "buy", "size": "0.39701936", "price": "2997.71000000", "time": "2025-07-13T16:09:34.379908Z", "fetched_at": "2025-07-13T16:10:49.430297+00:00", "symbol": "ETH-USD"}, {"trade_id": 666297013, "side": "buy", "size": "0.01664603", "price": "2997.71000000", "time": "2025-07-13T16:09:33.861152Z", "fetched_at": "2025-07-13T16:10:49.430297+00:00", "symbol": "ETH-USD"}, {"trade_id": 666297012, "side": "sell", "size": "0.00321979", "price": "2997.54000000", "time": "2025-07-13T16:09:31.792434Z", "fetched_at": "2025-07-13T16:10:49.430297+00:00", "symbol": "ETH-USD"}, {"trade_id": 666297011, "side": "sell", "size": "0.00825586", "price": "2997.47000000", "time": "2025-07-13T16:09:30.777342Z", "fetched_at": "2025-07-13T16:10:49.430297+00:00", "symbol": "ETH-USD"}, {"trade_id": 666297010, "side": "sell", "size": "0.00810395", "price": "2997.44000000", "time": "2025-07-13T16:09:29.962335Z", "fetched_at": "2025-07-13T16:10:49.430297+00:00", "symbol": "ETH-USD"}, {"trade_id": 666297009, "side": "sell", "size": "0.00022342", "price": "2997.34000000", "time": "2025-07-13T16:09:29.027895Z", "fetched_at": "2025-07-13T16:10:49.430297+00:00", "symbol": "ETH-USD"}, {"trade_id": 666297008, "side": "sell", "size": "0.00156861", "price": "2997.34000000", "time": "2025-07-13T16:09:28.846089Z", "fetched_at": "2025-07-13T16:10:49.430297+00:00", "symbol": "ETH-USD"}, {"trade_id": 666297007, "side": "sell", "size": "0.12963389", "price": "2997.54000000", "time": "2025-07-13T16:09:27.882293Z", "fetched_at": "2025-07-13T16:10:49.430297+00:00", "symbol": "ETH-USD"}, {"trade_id": 666297006, "side": "sell", "size": "0.01360607", "price": "2997.64000000", "time": "2025-07-13T16:09:26.294090Z", "fetched_at": "2025-07-13T16:10:49.430297+00:00", "symbol": "ETH-USD"}, {"trade_id": 666297005, "side": "sell", "size": "0.00166131", "price": "2997.63000000", "time": "2025-07-13T16:09:25.722533Z", "fetched_at": "2025-07-13T16:10:49.430297+00:00", "symbol": "ETH-USD"}, {"trade_id": 666297004, "side": "buy", "size": "0.02460903", "price": "2997.61000000", "time": "2025-07-13T16:09:25.719300Z", "fetched_at": "2025-07-13T16:10:49.430297+00:00", "symbol": "ETH-USD"}, {"trade_id": 666297003, "side": "buy", "size": "0.00170000", "price": "2997.53000000", "time": "2025-07-13T16:09:25.488151Z", "fetched_at": "2025-07-13T16:10:49.430297+00:00", "symbol": "ETH-USD"}, {"trade_id": 666297002, "side": "sell", "size": "0.01581739", "price": "2997.20000000", "time": "2025-07-13T16:09:24.569028Z", "fetched_at": "2025-07-13T16:10:49.430297+00:00", "symbol": "ETH-USD"}, {"trade_id": 666297001, "side": "sell", "size": "0.02077026", "price": "2997.22000000", "time": "2025-07-13T16:09:24.467769Z", "fetched_at": "2025-07-13T16:10:49.430297+00:00", "symbol": "ETH-USD"}, {"trade_id": 666297000, "side": "sell", "size": "0.16682125", "price": "2997.22000000", "time": "2025-07-13T16:09:24.467769Z", "fetched_at": "2025-07-13T16:10:49.430297+00:00", "symbol": "ETH-USD"}, {"trade_id": 666296999, "side": "sell", "size": "1.21240849", "price": "2997.21000000", "time": "2025-07-13T16:09:24.467769Z", "fetched_at": "2025-07-13T16:10:49.430297+00:00", "symbol": "ETH-USD"}, {"trade_id": 666296998, "side": "buy", "size": "0.20491045", "price": "2997.18000000", "time": "2025-07-13T16:09:23.587718Z", "fetched_at": "2025-07-13T16:10:49.430297+00:00", "symbol": "ETH-USD"}, {"trade_id": 666296997, "side": "buy", "size": "0.00001668", "price": "2997.19000000", "time": "2025-07-13T16:09:23.587718Z", "fetched_at": "2025-07-13T16:10:49.430297+00:00", "symbol": "ETH-USD"}, {"trade_id": 666296996, "side": "buy", "size": "0.01281867", "price": "2997.19000000", "time": "2025-07-13T16:09:23.587718Z", "fetched_at": "2025-07-13T16:10:49.430297+00:00", "symbol": "ETH-USD"}, {"trade_id": 666296995, "side": "buy", "size": "0.00319002", "price": "2997.20000000", "time": "2025-07-13T16:09:23.587718Z", "fetched_at": "2025-07-13T16:10:49.430297+00:00", "symbol": "ETH-USD"}, {"trade_id": 666296994, "side": "buy", "size": "0.00000667", "price": "2997.23000000", "time": "2025-07-13T16:09:23.587718Z", "fetched_at": "2025-07-13T16:10:49.430297+00:00", "symbol": "ETH-USD"}, {"trade_id": 666296993, "side": "buy", "size": "0.00100000", "price": "2997.28000000", "time": "2025-07-13T16:09:23.587718Z", "fetched_at": "2025-07-13T16:10:49.430297+00:00", "symbol": "ETH-USD"}, {"trade_id": 666296992, "side": "buy", "size": "0.00481744", "price": "2997.44000000", "time": "2025-07-13T16:09:23.587718Z", "fetched_at": "2025-07-13T16:10:49.430297+00:00", "symbol": "ETH-USD"}, {"trade_id": 666296991, "side": "buy", "size": "0.04110319", "price": "2997.44000000", "time": "2025-07-13T16:09:23.587718Z", "fetched_at": "2025-07-13T16:10:49.430297+00:00", "symbol": "ETH-USD"}, {"trade_id": 666296990, "side": "sell", "size": "0.00166141", "price": "2997.45000000", "time": "2025-07-13T16:09:22.994567Z", "fetched_at": "2025-07-13T16:10:49.430297+00:00", "symbol": "ETH-USD"}, {"trade_id": 666296989, "side": "sell", "size": "0.00075796", "price": "2997.45000000", "time": "2025-07-13T16:09:22.760930Z", "fetched_at": "2025-07-13T16:10:49.430297+00:00", "symbol": "ETH-USD"}, {"trade_id": 666296988, "side": "buy", "size": "0.00170000", "price": "2997.44000000", "time": "2025-07-13T16:09:22.742025Z", "fetched_at": "2025-07-13T16:10:49.430297+00:00", "symbol": "ETH-USD"}, {"trade_id": 666296987, "side": "sell", "size": "0.01234126", "price": "2997.45000000", "time": "2025-07-13T16:09:22.318421Z", "fetched_at": "2025-07-13T16:10:49.430297+00:00", "symbol": "ETH-USD"}, {"trade_id": 666296986, "side": "buy", "size": "0.00318963", "price": "2997.56000000", "time": "2025-07-13T16:09:22.230187Z", "fetched_at": "2025-07-13T16:10:49.430297+00:00", "symbol": "ETH-USD"}, {"trade_id": 666296985, "side": "buy", "size": "0.05681954", "price": "2997.56000000", "time": "2025-07-13T16:09:22.230187Z", "fetched_at": "2025-07-13T16:10:49.430297+00:00", "symbol": "ETH-USD"}, {"trade_id": 666296984, "side": "buy", "size": "0.19999542", "price": "2997.56000000", "time": "2025-07-13T16:09:22.230187Z", "fetched_at": "2025-07-13T16:10:49.430297+00:00", "symbol": "ETH-USD"}, {"trade_id": 666296983, "side": "buy", "size": "0.00084721", "price": "2997.63000000", "time": "2025-07-13T16:09:22.169789Z", "fetched_at": "2025-07-13T16:10:49.430297+00:00", "symbol": "ETH-USD"}, {"trade_id": 666296982, "side": "buy", "size": "0.00496860", "price": "2997.63000000", "time": "2025-07-13T16:09:22.169789Z", "fetched_at": "2025-07-13T16:10:49.430297+00:00", "symbol": "ETH-USD"}, {"trade_id": 666296981, "side": "buy", "size": "0.00310000", "price": "2997.67000000", "time": "2025-07-13T16:09:22.141774Z", "fetched_at": "2025-07-13T16:10:49.430297+00:00", "symbol": "ETH-USD"}, {"trade_id": 666296980, "side": "sell", "size": "0.00021187", "price": "2997.80000000", "time": "2025-07-13T16:09:21.944695Z", "fetched_at": "2025-07-13T16:10:49.430297+00:00", "symbol": "ETH-USD"}, {"trade_id": 666296979, "side": "sell", "size": "0.00066379", "price": "2997.81000000", "time": "2025-07-13T16:09:21.434878Z", "fetched_at": "2025-07-13T16:10:49.430297+00:00", "symbol": "ETH-USD"}, {"trade_id": 666296978, "side": "buy", "size": "0.01029000", "price": "2997.86000000", "time": "2025-07-13T16:09:20.459553Z", "fetched_at": "2025-07-13T16:10:49.430297+00:00", "symbol": "ETH-USD"}, {"trade_id": 666296977, "side": "buy", "size": "0.11074702", "price": "2997.86000000", "time": "2025-07-13T16:09:20.459553Z", "fetched_at": "2025-07-13T16:10:49.430297+00:00", "symbol": "ETH-USD"}, {"trade_id": 666296976, "side": "sell", "size": "0.00297570", "price": "2997.87000000", "time": "2025-07-13T16:09:18.632245Z", "fetched_at": "2025-07-13T16:10:49.430297+00:00", "symbol": "ETH-USD"}, {"trade_id": 666296975, "side": "sell", "size": "0.03281329", "price": "2997.87000000", "time": "2025-07-13T16:09:17.926907Z", "fetched_at": "2025-07-13T16:10:49.430297+00:00", "symbol": "ETH-USD"}, {"trade_id": 666296974, "side": "sell", "size": "0.00166117", "price": "2997.87000000", "time": "2025-07-13T16:09:17.164476Z", "fetched_at": "2025-07-13T16:10:49.430297+00:00", "symbol": "ETH-USD"}, {"trade_id": 666296973, "side": "sell", "size": "0.00322022", "price": "2997.87000000", "time": "2025-07-13T16:09:17.096840Z", "fetched_at": "2025-07-13T16:10:49.430297+00:00", "symbol": "ETH-USD"}, {"trade_id": 666296972, "side": "buy", "size": "0.00900639", "price": "2997.86000000", "time": "2025-07-13T16:09:15.001653Z", "fetched_at": "2025-07-13T16:10:49.430297+00:00", "symbol": "ETH-USD"}, {"trade_id": 666296971, "side": "sell", "size": "0.01620506", "price": "2998.02000000", "time": "2025-07-13T16:09:14.821650Z", "fetched_at": "2025-07-13T16:10:49.430297+00:00", "symbol": "ETH-USD"}, {"trade_id": 666296970, "side": "sell", "size": "0.00972479", "price": "2998.02000000", "time": "2025-07-13T16:09:14.433044Z", "fetched_at": "2025-07-13T16:10:49.430297+00:00", "symbol": "ETH-USD"}, {"trade_id": 666296969, "side": "buy", "size": "0.00170000", "price": "2997.86000000", "time": "2025-07-13T16:09:12.959244Z", "fetched_at": "2025-07-13T16:10:49.430297+00:00", "symbol": "ETH-USD"}, {"trade_id": 666296968, "side": "sell", "size": "0.00162027", "price": "2998.08000000", "time": "2025-07-13T16:09:12.305877Z", "fetched_at": "2025-07-13T16:10:49.430297+00:00", "symbol": "ETH-USD"}, {"trade_id": 666296967, "side": "sell", "size": "0.04452872", "price": "2998.11000000", "time": "2025-07-13T16:09:12.098356Z", "fetched_at": "2025-07-13T16:10:49.430297+00:00", "symbol": "ETH-USD"}, {"trade_id": 666296966, "side": "sell", "size": "0.11814196", "price": "2998.10000000", "time": "2025-07-13T16:09:12.098356Z", "fetched_at": "2025-07-13T16:10:49.430297+00:00", "symbol": "ETH-USD"}, {"trade_id": 666296965, "side": "sell", "size": "0.00100000", "price": "2997.94000000", "time": "2025-07-13T16:09:12.098356Z", "fetched_at": "2025-07-13T16:10:49.430297+00:00", "symbol": "ETH-USD"}, {"trade_id": 666296964, "side": "sell", "size": "0.00156844", "price": "2997.69000000", "time": "2025-07-13T16:09:10.901666Z", "fetched_at": "2025-07-13T16:10:49.430297+00:00", "symbol": "ETH-USD"}, {"trade_id": 666296963, "side": "sell", "size": "0.00166130", "price": "2997.64000000", "time": "2025-07-13T16:09:10.399969Z", "fetched_at": "2025-07-13T16:10:49.430297+00:00", "symbol": "ETH-USD"}, {"trade_id": 666296962, "side": "sell", "size": "0.12141269", "price": "2997.64000000", "time": "2025-07-13T16:09:10.348934Z", "fetched_at": "2025-07-13T16:10:49.430297+00:00", "symbol": "ETH-USD"}, {"trade_id": 666296961, "side": "sell", "size": "0.07079871", "price": "2997.64000000", "time": "2025-07-13T16:09:10.348934Z", "fetched_at": "2025-07-13T16:10:49.430297+00:00", "symbol": "ETH-USD"}, {"trade_id": 666296960, "side": "sell", "size": "0.00023912", "price": "2997.64000000", "time": "2025-07-13T16:09:10.348934Z", "fetched_at": "2025-07-13T16:10:49.430297+00:00", "symbol": "ETH-USD"}, {"trade_id": 666296959, "side": "sell", "size": "0.00018107", "price": "2997.64000000", "time": "2025-07-13T16:09:10.348934Z", "fetched_at": "2025-07-13T16:10:49.430297+00:00", "symbol": "ETH-USD"}, {"trade_id": 666296958, "side": "sell", "size": "0.00002935", "price": "2997.64000000", "time": "2025-07-13T16:09:10.348934Z", "fetched_at": "2025-07-13T16:10:49.430297+00:00", "symbol": "ETH-USD"}, {"trade_id": 666296957, "side": "buy", "size": "0.01634624", "price": "2997.63000000", "time": "2025-07-13T16:09:10.315335Z", "fetched_at": "2025-07-13T16:10:49.430297+00:00", "symbol": "ETH-USD"}, {"trade_id": 666296956, "side": "sell", "size": "0.24587052", "price": "2997.70000000", "time": "2025-07-13T16:09:10.191340Z", "fetched_at": "2025-07-13T16:10:49.430297+00:00", "symbol": "ETH-USD"}, {"trade_id": 666296955, "side": "sell", "size": "0.00007951", "price": "2997.64000000", "time": "2025-07-13T16:09:10.191340Z", "fetched_at": "2025-07-13T16:10:49.430297+00:00", "symbol": "ETH-USD"}, {"trade_id": 666296954, "side": "sell", "size": "0.00031003", "price": "2997.64000000", "time": "2025-07-13T16:09:10.191340Z", "fetched_at": "2025-07-13T16:10:49.430297+00:00", "symbol": "ETH-USD"}, {"trade_id": 666296953, "side": "sell", "size": "0.00011984", "price": "2997.64000000", "time": "2025-07-13T16:09:10.191340Z", "fetched_at": "2025-07-13T16:10:49.430297+00:00", "symbol": "ETH-USD"}, {"trade_id": 666296952, "side": "sell", "size": "0.00024005", "price": "2997.64000000", "time": "2025-07-13T16:09:10.191340Z", "fetched_at": "2025-07-13T16:10:49.430297+00:00", "symbol": "ETH-USD"}, {"trade_id": 666296951, "side": "sell", "size": "0.00338005", "price": "2997.64000000", "time": "2025-07-13T16:09:10.191340Z", "fetched_at": "2025-07-13T16:10:49.430297+00:00", "symbol": "ETH-USD"}, {"trade_id": 666296950, "side": "sell", "size": "0.00006540", "price": "2997.64000000", "time": "2025-07-13T16:09:10.084996Z", "fetched_at": "2025-07-13T16:10:49.430297+00:00", "symbol": "ETH-USD"}, {"trade_id": 666296949, "side": "sell", "size": "0.00002371", "price": "2997.64000000", "time": "2025-07-13T16:09:10.084996Z", "fetched_at": "2025-07-13T16:10:49.430297+00:00", "symbol": "ETH-USD"}, {"trade_id": 666296948, "side": "sell", "size": "0.00008685", "price": "2997.64000000", "time": "2025-07-13T16:09:10.084996Z", "fetched_at": "2025-07-13T16:10:49.430297+00:00", "symbol": "ETH-USD"}, {"trade_id": 666296947, "side": "sell", "size": "0.00030998", "price": "2997.64000000", "time": "2025-07-13T16:09:10.084996Z", "fetched_at": "2025-07-13T16:10:49.430297+00:00", "symbol": "ETH-USD"}, {"trade_id": 666296946, "side": "sell", "size": "0.00024001", "price": "2997.64000000", "time": "2025-07-13T16:09:10.084996Z", "fetched_at": "2025-07-13T16:10:49.430297+00:00", "symbol": "ETH-USD"}, {"trade_id": 666296945, "side": "buy", "size": "0.00170000", "price": "2997.63000000", "time": "2025-07-13T16:09:10.069541Z", "fetched_at": "2025-07-13T16:10:49.430297+00:00", "symbol": "ETH-USD"}, {"trade_id": 666296944, "side": "sell", "size": "0.00809631", "price": "2997.63000000", "time": "2025-07-13T16:09:06.719227Z", "fetched_at": "2025-07-13T16:10:49.430297+00:00", "symbol": "ETH-USD"}, {"trade_id": 666296943, "side": "buy", "size": "0.01349223", "price": "2997.20000000", "time": "2025-07-13T16:09:04.678112Z", "fetched_at": "2025-07-13T16:10:49.430297+00:00", "symbol": "ETH-USD"}, {"trade_id": 666296942, "side": "buy", "size": "0.00319000", "price": "2997.21000000", "time": "2025-07-13T16:09:04.678112Z", "fetched_at": "2025-07-13T16:10:49.430297+00:00", "symbol": "ETH-USD"}, {"trade_id": 666296941, "side": "sell", "size": "0.31726707", "price": "2997.50000000", "time": "2025-07-13T16:09:03.435381Z", "fetched_at": "2025-07-13T16:10:49.430297+00:00", "symbol": "ETH-USD"}, {"trade_id": 666296940, "side": "sell", "size": "1.25565708", "price": "2997.50000000", "time": "2025-07-13T16:09:03.435381Z", "fetched_at": "2025-07-13T16:10:49.430297+00:00", "symbol": "ETH-USD"}, {"trade_id": 666296939, "side": "sell", "size": "0.04761401", "price": "2997.46000000", "time": "2025-07-13T16:09:03.435381Z", "fetched_at": "2025-07-13T16:10:49.430297+00:00", "symbol": "ETH-USD"}, {"trade_id": 666296938, "side": "buy", "size": "0.04280219", "price": "2997.51000000", "time": "2025-07-13T16:09:03.294771Z", "fetched_at": "2025-07-13T16:10:49.430297+00:00", "symbol": "ETH-USD"}, {"trade_id": 666296937, "side": "buy", "size": "0.01119595", "price": "2997.51000000", "time": "2025-07-13T16:09:03.294771Z", "fetched_at": "2025-07-13T16:10:49.430297+00:00", "symbol": "ETH-USD"}, {"trade_id": 666296936, "side": "buy", "size": "0.04279714", "price": "2997.63000000", "time": "2025-07-13T16:09:03.200706Z", "fetched_at": "2025-07-13T16:10:49.430297+00:00", "symbol": "ETH-USD"}, {"trade_id": 666296935, "side": "buy", "size": "0.01119884", "price": "2997.63000000", "time": "2025-07-13T16:09:03.200706Z", "fetched_at": "2025-07-13T16:10:49.430297+00:00", "symbol": "ETH-USD"}, {"trade_id": 666296934, "side": "buy", "size": "0.01110877", "price": "2997.63000000", "time": "2025-07-13T16:09:03.200706Z", "fetched_at": "2025-07-13T16:10:49.430297+00:00", "symbol": "ETH-USD"}, {"trade_id": 666296933, "side": "buy", "size": "0.16664095", "price": "2997.63000000", "time": "2025-07-13T16:09:03.200706Z", "fetched_at": "2025-07-13T16:10:49.430297+00:00", "symbol": "ETH-USD"}, {"trade_id": 666296932, "side": "sell", "size": "0.34913157", "price": "2997.64000000", "time": "2025-07-13T16:09:02.972036Z", "fetched_at": "2025-07-13T16:10:49.430297+00:00", "symbol": "ETH-USD"}, {"trade_id": 666296931, "side": "sell", "size": "0.30515879", "price": "2997.64000000", "time": "2025-07-13T16:09:02.972036Z", "fetched_at": "2025-07-13T16:10:49.430297+00:00", "symbol": "ETH-USD"}, {"trade_id": 666296930, "side": "sell", "size": "0.00144009", "price": "2997.64000000", "time": "2025-07-13T16:09:02.972036Z", "fetched_at": "2025-07-13T16:10:49.430297+00:00", "symbol": "ETH-USD"}, {"trade_id": 666296929, "side": "sell", "size": "0.00186005", "price": "2997.64000000", "time": "2025-07-13T16:09:02.972036Z", "fetched_at": "2025-07-13T16:10:49.430297+00:00", "symbol": "ETH-USD"}, {"trade_id": 666296928, "side": "sell", "size": "0.00062007", "price": "2997.64000000", "time": "2025-07-13T16:09:02.972036Z", "fetched_at": "2025-07-13T16:10:49.430297+00:00", "symbol": "ETH-USD"}, {"trade_id": 666296927, "side": "sell", "size": "0.00039121", "price": "2997.64000000", "time": "2025-07-13T16:09:02.972036Z", "fetched_at": "2025-07-13T16:10:49.430297+00:00", "symbol": "ETH-USD"}, {"trade_id": 666296926, "side": "sell", "size": "0.31379182", "price": "2997.64000000", "time": "2025-07-13T16:09:02.972036Z", "fetched_at": "2025-07-13T16:10:49.430297+00:00", "symbol": "ETH-USD"}, {"trade_id": 666296925, "side": "buy", "size": "0.03335588", "price": "2997.63000000", "time": "2025-07-13T16:09:01.051386Z", "fetched_at": "2025-07-13T16:10:49.430297+00:00", "symbol": "ETH-USD"}, {"trade_id": 666296924, "side": "sell", "size": "0.01701000", "price": "2997.67000000", "time": "2025-07-13T16:09:00.728163Z", "fetched_at": "2025-07-13T16:10:49.430297+00:00", "symbol": "ETH-USD"}, {"trade_id": 666296923, "side": "buy", "size": "0.01604709", "price": "2998.05000000", "time": "2025-07-13T16:09:00.655566Z", "fetched_at": "2025-07-13T16:10:49.430297+00:00", "symbol": "ETH-USD"}, {"trade_id": 666296922, "side": "buy", "size": "0.00766203", "price": "2998.05000000", "time": "2025-07-13T16:09:00.655566Z", "fetched_at": "2025-07-13T16:10:49.430297+00:00", "symbol": "ETH-USD"}, {"trade_id": 666296921, "side": "buy", "size": "0.00033591", "price": "2998.13000000", "time": "2025-07-13T16:09:00.580801Z", "fetched_at": "2025-07-13T16:10:49.430297+00:00", "symbol": "ETH-USD"}, {"trade_id": 666296920, "side": "buy", "size": "0.19999910", "price": "2998.13000000", "time": "2025-07-13T16:09:00.580801Z", "fetched_at": "2025-07-13T16:10:49.430297+00:00", "symbol": "ETH-USD"}, {"trade_id": 666296919, "side": "buy", "size": "0.05705184", "price": "2998.15000000", "time": "2025-07-13T16:09:00.580801Z", "fetched_at": "2025-07-13T16:10:49.430297+00:00", "symbol": "ETH-USD"}, {"trade_id": 666296918, "side": "buy", "size": "0.00000979", "price": "2998.37000000", "time": "2025-07-13T16:09:00.487085Z", "fetched_at": "2025-07-13T16:10:49.430297+00:00", "symbol": "ETH-USD"}, {"trade_id": 666296917, "side": "buy", "size": "0.01425796", "price": "2998.37000000", "time": "2025-07-13T16:09:00.486889Z", "fetched_at": "2025-07-13T16:10:49.430297+00:00", "symbol": "ETH-USD"}, {"trade_id": 666296916, "side": "buy", "size": "0.01604204", "price": "2998.37000000", "time": "2025-07-13T16:09:00.486889Z", "fetched_at": "2025-07-13T16:10:49.430297+00:00", "symbol": "ETH-USD"}, {"trade_id": 666296915, "side": "sell", "size": "0.02348535", "price": "2998.47000000", "time": "2025-07-13T16:09:00.129279Z", "fetched_at": "2025-07-13T16:10:49.430297+00:00", "symbol": "ETH-USD"}, {"trade_id": 666296914, "side": "sell", "size": "0.00092872", "price": "2998.38000000", "time": "2025-07-13T16:09:00.129279Z", "fetched_at": "2025-07-13T16:10:49.430297+00:00", "symbol": "ETH-USD"}, {"trade_id": 666296913, "side": "sell", "size": "0.00007128", "price": "2998.38000000", "time": "2025-07-13T16:08:59.901328Z", "fetched_at": "2025-07-13T16:10:49.430297+00:00", "symbol": "ETH-USD"}, {"trade_id": 666296912, "side": "sell", "size": "0.00041336", "price": "2998.27000000", "time": "2025-07-13T16:08:59.901328Z", "fetched_at": "2025-07-13T16:10:49.430297+00:00", "symbol": "ETH-USD"}, {"trade_id": 666296911, "side": "sell", "size": "0.00093002", "price": "2998.27000000", "time": "2025-07-13T16:08:59.901328Z", "fetched_at": "2025-07-13T16:10:49.430297+00:00", "symbol": "ETH-USD"}, {"trade_id": 666296910, "side": "sell", "size": "0.00072007", "price": "2998.27000000", "time": "2025-07-13T16:08:59.901328Z", "fetched_at": "2025-07-13T16:10:49.430297+00:00", "symbol": "ETH-USD"}, {"trade_id": 666296909, "side": "sell", "size": "0.00016766", "price": "2998.27000000", "time": "2025-07-13T16:08:59.901328Z", "fetched_at": "2025-07-13T16:10:49.430297+00:00", "symbol": "ETH-USD"}, {"trade_id": 666296908, "side": "sell", "size": "0.00100000", "price": "2998.16000000", "time": "2025-07-13T16:08:59.901328Z", "fetched_at": "2025-07-13T16:10:49.430297+00:00", "symbol": "ETH-USD"}, {"trade_id": 666296907, "side": "buy", "size": "0.15009706", "price": "2998.15000000", "time": "2025-07-13T16:08:59.826935Z", "fetched_at": "2025-07-13T16:10:49.430297+00:00", "symbol": "ETH-USD"}, {"trade_id": 666296906, "side": "buy", "size": "0.08506168", "price": "2998.15000000", "time": "2025-07-13T16:08:59.278493Z", "fetched_at": "2025-07-13T16:10:49.430297+00:00", "symbol": "ETH-USD"}, {"trade_id": 666296905, "side": "buy", "size": "0.08675000", "price": "2998.15000000", "time": "2025-07-13T16:08:59.278493Z", "fetched_at": "2025-07-13T16:10:49.430297+00:00", "symbol": "ETH-USD"}, {"trade_id": 666296904, "side": "buy", "size": "0.00010000", "price": "2998.15000000", "time": "2025-07-13T16:08:58.740548Z", "fetched_at": "2025-07-13T16:10:49.430297+00:00", "symbol": "ETH-USD"}, {"trade_id": 666296903, "side": "buy", "size": "0.03783754", "price": "2998.05000000", "time": "2025-07-13T16:08:56.385816Z", "fetched_at": "2025-07-13T16:10:49.430297+00:00", "symbol": "ETH-USD"}, {"trade_id": 666296902, "side": "buy", "size": "0.00318902", "price": "2998.14000000", "time": "2025-07-13T16:08:56.385816Z", "fetched_at": "2025-07-13T16:10:49.430297+00:00", "symbol": "ETH-USD"}, {"trade_id": 666296901, "side": "sell", "size": "0.00632738", "price": "2998.06000000", "time": "2025-07-13T16:08:54.867582Z", "fetched_at": "2025-07-13T16:10:49.430297+00:00", "symbol": "ETH-USD"}, {"trade_id": 666296900, "side": "sell", "size": "0.02609817", "price": "2998.06000000", "time": "2025-07-13T16:08:53.326783Z", "fetched_at": "2025-07-13T16:10:49.430297+00:00", "symbol": "ETH-USD"}, {"trade_id": 666296899, "side": "buy", "size": "0.18081360", "price": "2997.88000000", "time": "2025-07-13T16:08:50.679114Z", "fetched_at": "2025-07-13T16:10:49.430297+00:00", "symbol": "ETH-USD"}, {"trade_id": 666296898, "side": "buy", "size": "0.00318928", "price": "2997.89000000", "time": "2025-07-13T16:08:50.679114Z", "fetched_at": "2025-07-13T16:10:49.430297+00:00", "symbol": "ETH-USD"}, {"trade_id": 666296897, "side": "buy", "size": "0.01717543", "price": "2997.89000000", "time": "2025-07-13T16:08:50.679114Z", "fetched_at": "2025-07-13T16:10:49.430297+00:00", "symbol": "ETH-USD"}, {"trade_id": 666296896, "side": "buy", "size": "0.00582625", "price": "2997.90000000", "time": "2025-07-13T16:08:50.679114Z", "fetched_at": "2025-07-13T16:10:49.430297+00:00", "symbol": "ETH-USD"}, {"trade_id": 666296895, "side": "buy", "size": "0.00156457", "price": "2997.91000000", "time": "2025-07-13T16:08:50.679114Z", "fetched_at": "2025-07-13T16:10:49.430297+00:00", "symbol": "ETH-USD"}, {"trade_id": 666296894, "side": "buy", "size": "0.05017032", "price": "2998.15000000", "time": "2025-07-13T16:08:50.679114Z", "fetched_at": "2025-07-13T16:10:49.430297+00:00", "symbol": "ETH-USD"}, {"trade_id": 666296893, "side": "buy", "size": "0.13027000", "price": "2998.15000000", "time": "2025-07-13T16:08:50.679114Z", "fetched_at": "2025-07-13T16:10:49.430297+00:00", "symbol": "ETH-USD"}, {"trade_id": 666296892, "side": "sell", "size": "0.08004062", "price": "2998.08000000", "time": "2025-07-13T16:08:50.110069Z", "fetched_at": "2025-07-13T16:10:49.430297+00:00", "symbol": "ETH-USD"}, {"trade_id": 666296891, "side": "sell", "size": "0.00100000", "price": "2997.94000000", "time": "2025-07-13T16:08:50.110069Z", "fetched_at": "2025-07-13T16:10:49.430297+00:00", "symbol": "ETH-USD"}, {"trade_id": 666296890, "side": "sell", "size": "0.01620769", "price": "2997.52000000", "time": "2025-07-13T16:08:47.766634Z", "fetched_at": "2025-07-13T16:10:49.430297+00:00", "symbol": "ETH-USD"}, {"trade_id": 666296889, "side": "sell", "size": "0.00354207", "price": "2997.52000000", "time": "2025-07-13T16:08:47.599949Z", "fetched_at": "2025-07-13T16:10:49.430297+00:00", "symbol": "ETH-USD"}, {"trade_id": 666296888, "side": "sell", "size": "0.00042931", "price": "2997.52000000", "time": "2025-07-13T16:08:46.746292Z", "fetched_at": "2025-07-13T16:10:49.430297+00:00", "symbol": "ETH-USD"}, {"trade_id": 666296887, "side": "sell", "size": "0.49881504", "price": "2997.52000000", "time": "2025-07-13T16:08:46.574414Z", "fetched_at": "2025-07-13T16:10:49.430297+00:00", "symbol": "ETH-USD"}, {"trade_id": 666296886, "side": "sell", "size": "0.14936607", "price": "2997.52000000", "time": "2025-07-13T16:08:46.574414Z", "fetched_at": "2025-07-13T16:10:49.430297+00:00", "symbol": "ETH-USD"}, {"trade_id": 666296885, "side": "buy", "size": "0.00798415", "price": "2997.40000000", "time": "2025-07-13T16:08:44.307395Z", "fetched_at": "2025-07-13T16:10:49.430297+00:00", "symbol": "ETH-USD"}, {"trade_id": 666296884, "side": "buy", "size": "0.00040000", "price": "2997.57000000", "time": "2025-07-13T16:08:43.114668Z", "fetched_at": "2025-07-13T16:10:49.430297+00:00", "symbol": "ETH-USD"}, {"trade_id": 666296883, "side": "buy", "size": "0.07037937", "price": "2997.52000000", "time": "2025-07-13T16:08:42.376500Z", "fetched_at": "2025-07-13T16:10:49.430297+00:00", "symbol": "ETH-USD"}, {"trade_id": 666296882, "side": "buy", "size": "0.00318966", "price": "2997.53000000", "time": "2025-07-13T16:08:42.376500Z", "fetched_at": "2025-07-13T16:10:49.430297+00:00", "symbol": "ETH-USD"}, {"trade_id": 666296881, "side": "sell", "size": "0.03710000", "price": "2997.87000000", "time": "2025-07-13T16:08:42.162462Z", "fetched_at": "2025-07-13T16:10:49.430297+00:00", "symbol": "ETH-USD"}, {"trade_id": 666296880, "side": "buy", "size": "0.08001222", "price": "2997.39000000", "time": "2025-07-13T16:08:41.911481Z", "fetched_at": "2025-07-13T16:10:49.430297+00:00", "symbol": "ETH-USD"}, {"trade_id": 666296879, "side": "buy", "size": "0.00251000", "price": "2997.43000000", "time": "2025-07-13T16:08:41.911481Z", "fetched_at": "2025-07-13T16:10:49.430297+00:00", "symbol": "ETH-USD"}, {"trade_id": 666296878, "side": "buy", "size": "0.00318940", "price": "2997.78000000", "time": "2025-07-13T16:08:41.911481Z", "fetched_at": "2025-07-13T16:10:49.430297+00:00", "symbol": "ETH-USD"}, {"trade_id": 666296877, "side": "buy", "size": "0.14628684", "price": "2997.32000000", "time": "2025-07-13T16:08:41.465047Z", "fetched_at": "2025-07-13T16:10:49.430297+00:00", "symbol": "ETH-USD"}, {"trade_id": 666296876, "side": "buy", "size": "0.00655739", "price": "2997.33000000", "time": "2025-07-13T16:08:41.465047Z", "fetched_at": "2025-07-13T16:10:49.430297+00:00", "symbol": "ETH-USD"}, {"trade_id": 666296875, "side": "buy", "size": "0.01223231", "price": "2997.34000000", "time": "2025-07-13T16:08:41.465047Z", "fetched_at": "2025-07-13T16:10:49.430297+00:00", "symbol": "ETH-USD"}, {"trade_id": 666296874, "side": "buy", "size": "0.39401908", "price": "2997.36000000", "time": "2025-07-13T16:08:41.465047Z", "fetched_at": "2025-07-13T16:10:49.430297+00:00", "symbol": "ETH-USD"}, {"trade_id": 666296873, "side": "buy", "size": "0.11626373", "price": "2997.37000000", "time": "2025-07-13T16:08:41.465047Z", "fetched_at": "2025-07-13T16:10:49.430297+00:00", "symbol": "ETH-USD"}, {"trade_id": 666296872, "side": "buy", "size": "0.05000000", "price": "2997.41000000", "time": "2025-07-13T16:08:41.465047Z", "fetched_at": "2025-07-13T16:10:49.430297+00:00", "symbol": "ETH-USD"}, {"trade_id": 666296871, "side": "buy", "size": "0.04331537", "price": "2997.55000000", "time": "2025-07-13T16:08:41.465047Z", "fetched_at": "2025-07-13T16:10:49.430297+00:00", "symbol": "ETH-USD"}, {"trade_id": 666296870, "side": "buy", "size": "0.00000667", "price": "2997.81000000", "time": "2025-07-13T16:08:41.465047Z", "fetched_at": "2025-07-13T16:10:49.430297+00:00", "symbol": "ETH-USD"}, {"trade_id": 666296869, "side": "buy", "size": "0.00318936", "price": "2997.82000000", "time": "2025-07-13T16:08:41.465047Z", "fetched_at": "2025-07-13T16:10:49.430297+00:00", "symbol": "ETH-USD"}, {"trade_id": 666296868, "side": "buy", "size": "0.01029000", "price": "2997.82000000", "time": "2025-07-13T16:08:41.465047Z", "fetched_at": "2025-07-13T16:10:49.430297+00:00", "symbol": "ETH-USD"}, {"trade_id": 666296867, "side": "buy", "size": "0.01273925", "price": "2997.82000000", "time": "2025-07-13T16:08:41.465047Z", "fetched_at": "2025-07-13T16:10:49.430297+00:00", "symbol": "ETH-USD"}, {"trade_id": 666296866, "side": "buy", "size": "0.04510000", "price": "2997.82000000", "time": "2025-07-13T16:08:41.465047Z", "fetched_at": "2025-07-13T16:10:49.430297+00:00", "symbol": "ETH-USD"}, {"trade_id": 666296865, "side": "sell", "size": "0.09164686", "price": "2997.83000000", "time": "2025-07-13T16:08:39.023801Z", "fetched_at": "2025-07-13T16:10:49.430297+00:00", "symbol": "ETH-USD"}, {"trade_id": 666296864, "side": "sell", "size": "0.15000000", "price": "2997.83000000", "time": "2025-07-13T16:08:39.023801Z", "fetched_at": "2025-07-13T16:10:49.430297+00:00", "symbol": "ETH-USD"}, {"trade_id": 666296863, "side": "buy", "size": "0.23224958", "price": "2997.65000000", "time": "2025-07-13T16:08:36.682002Z", "fetched_at": "2025-07-13T16:10:49.430297+00:00", "symbol": "ETH-USD"}, {"trade_id": 666296862, "side": "buy", "size": "0.00100000", "price": "2997.72000000", "time": "2025-07-13T16:08:36.682002Z", "fetched_at": "2025-07-13T16:10:49.430297+00:00", "symbol": "ETH-USD"}, {"trade_id": 666296861, "side": "buy", "size": "0.00318912", "price": "2998.04000000", "time": "2025-07-13T16:08:36.682002Z", "fetched_at": "2025-07-13T16:10:49.430297+00:00", "symbol": "ETH-USD"}, {"trade_id": 666296860, "side": "buy", "size": "0.01911915", "price": "2998.04000000", "time": "2025-07-13T16:08:36.579864Z", "fetched_at": "2025-07-13T16:10:49.430297+00:00", "symbol": "ETH-USD"}, {"trade_id": 666296859, "side": "buy", "size": "0.00318912", "price": "2998.04000000", "time": "2025-07-13T16:08:36.579864Z", "fetched_at": "2025-07-13T16:10:49.430297+00:00", "symbol": "ETH-USD"}, {"trade_id": 666296858, "side": "buy", "size": "0.00154095", "price": "2998.15000000", "time": "2025-07-13T16:08:35.817420Z", "fetched_at": "2025-07-13T16:10:49.430297+00:00", "symbol": "ETH-USD"}, {"trade_id": 666296857, "side": "buy", "size": "0.03922418", "price": "2998.15000000", "time": "2025-07-13T16:08:35.817420Z", "fetched_at": "2025-07-13T16:10:49.430297+00:00", "symbol": "ETH-USD"}, {"trade_id": 666296856, "side": "buy", "size": "0.00318900", "price": "2998.15000000", "time": "2025-07-13T16:08:35.817420Z", "fetched_at": "2025-07-13T16:10:49.430297+00:00", "symbol": "ETH-USD"}, {"trade_id": 666296855, "side": "sell", "size": "0.00066020", "price": "2998.16000000", "time": "2025-07-13T16:08:35.498060Z", "fetched_at": "2025-07-13T16:10:49.430297+00:00", "symbol": "ETH-USD"}, {"trade_id": 666296854, "side": "sell", "size": "0.00316298", "price": "2998.19000000", "time": "2025-07-13T16:08:35.066436Z", "fetched_at": "2025-07-13T16:10:49.430297+00:00", "symbol": "ETH-USD"}, {"trade_id": 666296853, "side": "sell", "size": "0.00063393", "price": "2998.20000000", "time": "2025-07-13T16:08:34.859776Z", "fetched_at": "2025-07-13T16:10:49.430297+00:00", "symbol": "ETH-USD"}, {"trade_id": 666296852, "side": "buy", "size": "0.62534879", "price": "2997.27000000", "time": "2025-07-13T16:08:34.418014Z", "fetched_at": "2025-07-13T16:10:49.430297+00:00", "symbol": "ETH-USD"}, {"trade_id": 666296851, "side": "buy", "size": "0.00100000", "price": "2997.28000000", "time": "2025-07-13T16:08:34.418014Z", "fetched_at": "2025-07-13T16:10:49.430297+00:00", "symbol": "ETH-USD"}, {"trade_id": 666296850, "side": "buy", "size": "0.83041255", "price": "2997.35000000", "time": "2025-07-13T16:08:34.418014Z", "fetched_at": "2025-07-13T16:10:49.430297+00:00", "symbol": "ETH-USD"}, {"trade_id": 666296849, "side": "buy", "size": "0.49824753", "price": "2997.36000000", "time": "2025-07-13T16:08:34.418014Z", "fetched_at": "2025-07-13T16:10:49.430297+00:00", "symbol": "ETH-USD"}, {"trade_id": 666296848, "side": "buy", "size": "1.30000000", "price": "2997.47000000", "time": "2025-07-13T16:08:34.418014Z", "fetched_at": "2025-07-13T16:10:49.430297+00:00", "symbol": "ETH-USD"}, {"trade_id": 666296847, "side": "buy", "size": "0.00100000", "price": "2997.50000000", "time": "2025-07-13T16:08:34.418014Z", "fetched_at": "2025-07-13T16:10:49.430297+00:00", "symbol": "ETH-USD"}, {"trade_id": 666296846, "side": "buy", "size": "0.00063239", "price": "2997.55000000", "time": "2025-07-13T16:08:34.418014Z", "fetched_at": "2025-07-13T16:10:49.430297+00:00", "symbol": "ETH-USD"}, {"trade_id": 666296845, "side": "buy", "size": "0.88794392", "price": "2997.59000000", "time": "2025-07-13T16:08:34.418014Z", "fetched_at": "2025-07-13T16:10:49.430297+00:00", "symbol": "ETH-USD"}, {"trade_id": 666296844, "side": "buy", "size": "0.00050025", "price": "2997.64000000", "time": "2025-07-13T16:08:34.418014Z", "fetched_at": "2025-07-13T16:10:49.430297+00:00", "symbol": "ETH-USD"}, {"trade_id": 666296843, "side": "buy", "size": "0.45900000", "price": "2997.65000000", "time": "2025-07-13T16:08:34.418014Z", "fetched_at": "2025-07-13T16:10:49.430297+00:00", "symbol": "ETH-USD"}, {"trade_id": 666296842, "side": "buy", "size": "0.19999842", "price": "2997.65000000", "time": "2025-07-13T16:08:34.418014Z", "fetched_at": "2025-07-13T16:10:49.430297+00:00", "symbol": "ETH-USD"}, {"trade_id": 666296841, "side": "buy", "size": "0.32789277", "price": "2997.72000000", "time": "2025-07-13T16:08:34.418014Z", "fetched_at": "2025-07-13T16:10:49.430297+00:00", "symbol": "ETH-USD"}, {"trade_id": 666296840, "side": "buy", "size": "0.00100000", "price": "2997.72000000", "time": "2025-07-13T16:08:34.418014Z", "fetched_at": "2025-07-13T16:10:49.430297+00:00", "symbol": "ETH-USD"}, {"trade_id": 666296839, "side": "buy", "size": "0.66206989", "price": "2997.73000000", "time": "2025-07-13T16:08:34.418014Z", "fetched_at": "2025-07-13T16:10:49.430297+00:00", "symbol": "ETH-USD"}, {"trade_id": 666296838, "side": "buy", "size": "0.83395724", "price": "2997.75000000", "time": "2025-07-13T16:08:34.418014Z", "fetched_at": "2025-07-13T16:10:49.430297+00:00", "symbol": "ETH-USD"}, {"trade_id": 666296837, "side": "buy", "size": "1.59773938", "price": "2997.76000000", "time": "2025-07-13T16:08:34.418014Z", "fetched_at": "2025-07-13T16:10:49.430297+00:00", "symbol": "ETH-USD"}, {"trade_id": 666296836, "side": "buy", "size": "0.63681711", "price": "2997.76000000", "time": "2025-07-13T16:08:34.418014Z", "fetched_at": "2025-07-13T16:10:49.430297+00:00", "symbol": "ETH-USD"}, {"trade_id": 666296835, "side": "buy", "size": "0.32295703", "price": "2997.77000000", "time": "2025-07-13T16:08:34.418014Z", "fetched_at": "2025-07-13T16:10:49.430297+00:00", "symbol": "ETH-USD"}, {"trade_id": 666296834, "side": "buy", "size": "1.20000000", "price": "2997.77000000", "time": "2025-07-13T16:08:34.418014Z", "fetched_at": "2025-07-13T16:10:49.430297+00:00", "symbol": "ETH-USD"}, {"trade_id": 666296833, "side": "buy", "size": "0.52041000", "price": "2997.82000000", "time": "2025-07-13T16:08:34.418014Z", "fetched_at": "2025-07-13T16:10:49.430297+00:00", "symbol": "ETH-USD"}, {"trade_id": 666296832, "side": "buy", "size": "0.33349688", "price": "2997.83000000", "time": "2025-07-13T16:08:34.418014Z", "fetched_at": "2025-07-13T16:10:49.430297+00:00", "symbol": "ETH-USD"}, {"trade_id": 666296831, "side": "buy", "size": "0.13338691", "price": "2997.84000000", "time": "2025-07-13T16:08:34.418014Z", "fetched_at": "2025-07-13T16:10:49.430297+00:00", "symbol": "ETH-USD"}, {"trade_id": 666296830, "side": "buy", "size": "0.52284000", "price": "2997.85000000", "time": "2025-07-13T16:08:34.418014Z", "fetched_at": "2025-07-13T16:10:49.430297+00:00", "symbol": "ETH-USD"}, {"trade_id": 666296829, "side": "buy", "size": "0.39291755", "price": "2997.86000000", "time": "2025-07-13T16:08:34.418014Z", "fetched_at": "2025-07-13T16:10:49.430297+00:00", "symbol": "ETH-USD"}, {"trade_id": 666296828, "side": "buy", "size": "0.83392237", "price": "2997.88000000", "time": "2025-07-13T16:08:34.418014Z", "fetched_at": "2025-07-13T16:10:49.430297+00:00", "symbol": "ETH-USD"}, {"trade_id": 666296827, "side": "buy", "size": "0.88464718", "price": "2997.89000000", "time": "2025-07-13T16:08:34.418014Z", "fetched_at": "2025-07-13T16:10:49.430297+00:00", "symbol": "ETH-USD"}, {"trade_id": 666296826, "side": "buy", "size": "2.20793635", "price": "2997.89000000", "time": "2025-07-13T16:08:34.418014Z", "fetched_at": "2025-07-13T16:10:49.430297+00:00", "symbol": "ETH-USD"}, {"trade_id": 666296825, "side": "buy", "size": "0.38508112", "price": "2997.92000000", "time": "2025-07-13T16:08:34.418014Z", "fetched_at": "2025-07-13T16:10:49.430297+00:00", "symbol": "ETH-USD"}, {"trade_id": 666296824, "side": "buy", "size": "0.45979993", "price": "2997.93000000", "time": "2025-07-13T16:08:34.418014Z", "fetched_at": "2025-07-13T16:10:49.430297+00:00", "symbol": "ETH-USD"}, {"trade_id": 666296823, "side": "buy", "size": "0.00100000", "price": "2997.94000000", "time": "2025-07-13T16:08:34.418014Z", "fetched_at": "2025-07-13T16:10:49.430297+00:00", "symbol": "ETH-USD"}, {"trade_id": 666296822, "side": "buy", "size": "0.19999381", "price": "2997.95000000", "time": "2025-07-13T16:08:34.418014Z", "fetched_at": "2025-07-13T16:10:49.430297+00:00", "symbol": "ETH-USD"}, {"trade_id": 666296821, "side": "buy", "size": "0.06327448", "price": "2997.95000000", "time": "2025-07-13T16:08:34.418014Z", "fetched_at": "2025-07-13T16:10:49.430297+00:00", "symbol": "ETH-USD"}, {"trade_id": 666296820, "side": "buy", "size": "0.84229132", "price": "2997.99000000", "time": "2025-07-13T16:08:34.418014Z", "fetched_at": "2025-07-13T16:10:49.430297+00:00", "symbol": "ETH-USD"}, {"trade_id": 666296819, "side": "buy", "size": "0.11097883", "price": "2998.00000000", "time": "2025-07-13T16:08:34.418014Z", "fetched_at": "2025-07-13T16:10:49.430297+00:00", "symbol": "ETH-USD"}, {"trade_id": 666296818, "side": "buy", "size": "0.16677354", "price": "2998.07000000", "time": "2025-07-13T16:08:34.418014Z", "fetched_at": "2025-07-13T16:10:49.430297+00:00", "symbol": "ETH-USD"}, {"trade_id": 666296817, "side": "buy", "size": "0.53447123", "price": "2998.07000000", "time": "2025-07-13T16:08:34.418014Z", "fetched_at": "2025-07-13T16:10:49.430297+00:00", "symbol": "ETH-USD"}, {"trade_id": 666296816, "side": "buy", "size": "0.42074644", "price": "2998.10000000", "time": "2025-07-13T16:08:34.418014Z", "fetched_at": "2025-07-13T16:10:49.430297+00:00", "symbol": "ETH-USD"}, {"trade_id": 666296815, "side": "buy", "size": "0.00100000", "price": "2998.16000000", "time": "2025-07-13T16:08:34.418014Z", "fetched_at": "2025-07-13T16:10:49.430297+00:00", "symbol": "ETH-USD"}, {"trade_id": 666296814, "side": "buy", "size": "0.53447123", "price": "2998.22000000", "time": "2025-07-13T16:08:34.418014Z", "fetched_at": "2025-07-13T16:10:49.430297+00:00", "symbol": "ETH-USD"}, {"trade_id": 666296813, "side": "buy", "size": "0.16674923", "price": "2998.23000000", "time": "2025-07-13T16:08:34.418014Z", "fetched_at": "2025-07-13T16:10:49.430297+00:00", "symbol": "ETH-USD"}, {"trade_id": 666296812, "side": "buy", "size": "0.24517266", "price": "2998.24000000", "time": "2025-07-13T16:08:34.418014Z", "fetched_at": "2025-07-13T16:10:49.430297+00:00", "symbol": "ETH-USD"}, {"trade_id": 666296811, "side": "buy", "size": "0.17547776", "price": "2998.26000000", "time": "2025-07-13T16:08:34.418014Z", "fetched_at": "2025-07-13T16:10:49.430297+00:00", "symbol": "ETH-USD"}, {"trade_id": 666296810, "side": "buy", "size": "0.19999389", "price": "2998.35000000", "time": "2025-07-13T16:08:34.418014Z", "fetched_at": "2025-07-13T16:10:49.430297+00:00", "symbol": "ETH-USD"}, {"trade_id": 666296809, "side": "buy", "size": "0.10975160", "price": "2998.41000000", "time": "2025-07-13T16:08:34.418014Z", "fetched_at": "2025-07-13T16:10:49.430297+00:00", "symbol": "ETH-USD"}, {"trade_id": 666296808, "side": "buy", "size": "0.00318864", "price": "2998.49000000", "time": "2025-07-13T16:08:34.418014Z", "fetched_at": "2025-07-13T16:10:49.430297+00:00", "symbol": "ETH-USD"}, {"trade_id": 666296807, "side": "buy", "size": "0.04308835", "price": "2998.49000000", "time": "2025-07-13T16:08:34.418014Z", "fetched_at": "2025-07-13T16:10:49.430297+00:00", "symbol": "ETH-USD"}, {"trade_id": 666296806, "side": "buy", "size": "0.00091712", "price": "2998.49000000", "time": "2025-07-13T16:08:34.418014Z", "fetched_at": "2025-07-13T16:10:49.430297+00:00", "symbol": "ETH-USD"}, {"trade_id": 666296805, "side": "buy", "size": "0.01073258", "price": "2998.49000000", "time": "2025-07-13T16:08:34.418014Z", "fetched_at": "2025-07-13T16:10:49.430297+00:00", "symbol": "ETH-USD"}, {"trade_id": 666296804, "side": "buy", "size": "0.02402824", "price": "2998.49000000", "time": "2025-07-13T16:08:34.251846Z", "fetched_at": "2025-07-13T16:10:49.430297+00:00", "symbol": "ETH-USD"}, {"trade_id": 666296803, "side": "buy", "size": "0.00183759", "price": "2998.49000000", "time": "2025-07-13T16:08:34.251846Z", "fetched_at": "2025-07-13T16:10:49.430297+00:00", "symbol": "ETH-USD"}, {"trade_id": 666296802, "side": "sell", "size": "0.03240836", "price": "2998.57000000", "time": "2025-07-13T16:08:32.660223Z", "fetched_at": "2025-07-13T16:10:49.430297+00:00", "symbol": "ETH-USD"}, {"trade_id": 666296801, "side": "sell", "size": "0.67371996", "price": "2998.53000000", "time": "2025-07-13T16:08:32.577831Z", "fetched_at": "2025-07-13T16:10:49.430297+00:00", "symbol": "ETH-USD"}, {"trade_id": 666296800, "side": "sell", "size": "0.15000000", "price": "2998.51000000", "time": "2025-07-13T16:08:32.577831Z", "fetched_at": "2025-07-13T16:10:49.430297+00:00", "symbol": "ETH-USD"}, {"trade_id": 666296799, "side": "sell", "size": "0.16674618", "price": "2998.51000000", "time": "2025-07-13T16:08:32.577831Z", "fetched_at": "2025-07-13T16:10:49.430297+00:00", "symbol": "ETH-USD"}, {"trade_id": 666296798, "side": "sell", "size": "0.00000330", "price": "2998.51000000", "time": "2025-07-13T16:08:32.410670Z", "fetched_at": "2025-07-13T16:10:49.430297+00:00", "symbol": "ETH-USD"}, {"trade_id": 666296797, "side": "sell", "size": "0.03647438", "price": "2998.60000000", "time": "2025-07-13T16:08:29.822291Z", "fetched_at": "2025-07-13T16:10:49.430297+00:00", "symbol": "ETH-USD"}, {"trade_id": 666296796, "side": "sell", "size": "0.04455029", "price": "2998.60000000", "time": "2025-07-13T16:08:29.822291Z", "fetched_at": "2025-07-13T16:10:49.430297+00:00", "symbol": "ETH-USD"}, {"trade_id": 666296795, "side": "sell", "size": "0.03239065", "price": "2998.51000000", "time": "2025-07-13T16:08:29.623831Z", "fetched_at": "2025-07-13T16:10:49.430297+00:00", "symbol": "ETH-USD"}, {"trade_id": 666296794, "side": "buy", "size": "0.09556388", "price": "2998.41000000", "time": "2025-07-13T16:08:29.543465Z", "fetched_at": "2025-07-13T16:10:49.430297+00:00", "symbol": "ETH-USD"}, {"trade_id": 666296793, "side": "buy", "size": "0.00318872", "price": "2998.42000000", "time": "2025-07-13T16:08:29.543465Z", "fetched_at": "2025-07-13T16:10:49.430297+00:00", "symbol": "ETH-USD"}, {"trade_id": 666296792, "side": "buy", "size": "0.00283829", "price": "2998.52000000", "time": "2025-07-13T16:08:29.543465Z", "fetched_at": "2025-07-13T16:10:49.430297+00:00", "symbol": "ETH-USD"}, {"trade_id": 666296791, "side": "sell", "size": "0.00810106", "price": "2998.54000000", "time": "2025-07-13T16:08:28.971753Z", "fetched_at": "2025-07-13T16:10:49.430297+00:00", "symbol": "ETH-USD"}, {"trade_id": 666296790, "side": "buy", "size": "0.00083018", "price": "2998.52000000", "time": "2025-07-13T16:08:28.859743Z", "fetched_at": "2025-07-13T16:10:49.430297+00:00", "symbol": "ETH-USD"}, {"trade_id": 666296789, "side": "buy", "size": "0.04573256", "price": "2998.52000000", "time": "2025-07-13T16:08:28.859743Z", "fetched_at": "2025-07-13T16:10:49.430297+00:00", "symbol": "ETH-USD"}, {"trade_id": 666296788, "side": "buy", "size": "0.00093246", "price": "2998.52000000", "time": "2025-07-13T16:08:28.859743Z", "fetched_at": "2025-07-13T16:10:49.430297+00:00", "symbol": "ETH-USD"}, {"trade_id": 666296787, "side": "buy", "size": "0.02547901", "price": "2998.52000000", "time": "2025-07-13T16:08:27.330239Z", "fetched_at": "2025-07-13T16:10:49.430297+00:00", "symbol": "ETH-USD"}, {"trade_id": 666296786, "side": "sell", "size": "0.00165079", "price": "2998.48000000", "time": "2025-07-13T16:08:25.380886Z", "fetched_at": "2025-07-13T16:10:49.430297+00:00", "symbol": "ETH-USD"}, {"trade_id": 666296785, "side": "buy", "size": "0.31445181", "price": "2998.24000000", "time": "2025-07-13T16:08:24.477004Z", "fetched_at": "2025-07-13T16:10:49.430297+00:00", "symbol": "ETH-USD"}, {"trade_id": 666296784, "side": "buy", "size": "0.04278324", "price": "2998.37000000", "time": "2025-07-13T16:08:24.477004Z", "fetched_at": "2025-07-13T16:10:49.430297+00:00", "symbol": "ETH-USD"}