[{"trade_id": 143381813, "side": "sell", "size": "2.68003240", "price": "0.74070000", "time": "2025-07-13T16:39:27.418326Z", "fetched_at": "2025-07-13T16:39:32.622316+00:00", "symbol": "ADA-USD"}, {"trade_id": 143381812, "side": "sell", "size": "2.68003240", "price": "0.74070000", "time": "2025-07-13T16:39:26.907778Z", "fetched_at": "2025-07-13T16:39:32.622316+00:00", "symbol": "ADA-USD"}, {"trade_id": 143381811, "side": "sell", "size": "1.50000000", "price": "0.74070000", "time": "2025-07-13T16:39:25.040641Z", "fetched_at": "2025-07-13T16:39:32.622316+00:00", "symbol": "ADA-USD"}, {"trade_id": 143381810, "side": "sell", "size": "4338.16089701", "price": "0.74060000", "time": "2025-07-13T16:39:22.624571Z", "fetched_at": "2025-07-13T16:39:32.622316+00:00", "symbol": "ADA-USD"}, {"trade_id": 143381809, "side": "sell", "size": "1.50000000", "price": "0.74060000", "time": "2025-07-13T16:39:22.624571Z", "fetched_at": "2025-07-13T16:39:32.622316+00:00", "symbol": "ADA-USD"}, {"trade_id": 143381808, "side": "sell", "size": "9.65398733", "price": "0.74050000", "time": "2025-07-13T16:39:22.541471Z", "fetched_at": "2025-07-13T16:39:32.622316+00:00", "symbol": "ADA-USD"}, {"trade_id": 143381807, "side": "sell", "size": "374.09100500", "price": "0.74050000", "time": "2025-07-13T16:39:20.798809Z", "fetched_at": "2025-07-13T16:39:32.622316+00:00", "symbol": "ADA-USD"}, {"trade_id": 143381806, "side": "sell", "size": "6.72518568", "price": "0.74050000", "time": "2025-07-13T16:39:20.241741Z", "fetched_at": "2025-07-13T16:39:32.622316+00:00", "symbol": "ADA-USD"}, {"trade_id": 143381805, "side": "sell", "size": "10.75897920", "price": "0.74060000", "time": "2025-07-13T16:39:19.409426Z", "fetched_at": "2025-07-13T16:39:32.622316+00:00", "symbol": "ADA-USD"}, {"trade_id": 143381804, "side": "buy", "size": "69.29198244", "price": "0.74020000", "time": "2025-07-13T16:39:17.676223Z", "fetched_at": "2025-07-13T16:39:32.622316+00:00", "symbol": "ADA-USD"}, {"trade_id": 143381803, "side": "buy", "size": "1.50000000", "price": "0.74020000", "time": "2025-07-13T16:39:17.676223Z", "fetched_at": "2025-07-13T16:39:32.622316+00:00", "symbol": "ADA-USD"}, {"trade_id": 143381802, "side": "buy", "size": "3.30196956", "price": "0.74030000", "time": "2025-07-13T16:39:17.676223Z", "fetched_at": "2025-07-13T16:39:32.622316+00:00", "symbol": "ADA-USD"}, {"trade_id": 143381801, "side": "buy", "size": "1.50000000", "price": "0.74030000", "time": "2025-07-13T16:39:17.676223Z", "fetched_at": "2025-07-13T16:39:32.622316+00:00", "symbol": "ADA-USD"}, {"trade_id": 143381800, "side": "sell", "size": "271.59078639", "price": "0.74050000", "time": "2025-07-13T16:39:16.552804Z", "fetched_at": "2025-07-13T16:39:32.622316+00:00", "symbol": "ADA-USD"}, {"trade_id": 143381799, "side": "sell", "size": "12.99828292", "price": "0.74040000", "time": "2025-07-13T16:39:16.552804Z", "fetched_at": "2025-07-13T16:39:32.622316+00:00", "symbol": "ADA-USD"}, {"trade_id": 143381798, "side": "sell", "size": "115.08920000", "price": "0.74040000", "time": "2025-07-13T16:39:16.552804Z", "fetched_at": "2025-07-13T16:39:32.622316+00:00", "symbol": "ADA-USD"}, {"trade_id": 143381797, "side": "sell", "size": "685.43360310", "price": "0.74040000", "time": "2025-07-13T16:39:16.552804Z", "fetched_at": "2025-07-13T16:39:32.622316+00:00", "symbol": "ADA-USD"}, {"trade_id": 143381796, "side": "sell", "size": "770.30428835", "price": "0.74040000", "time": "2025-07-13T16:39:16.552804Z", "fetched_at": "2025-07-13T16:39:32.622316+00:00", "symbol": "ADA-USD"}, {"trade_id": 143381795, "side": "sell", "size": "500.00000000", "price": "0.74040000", "time": "2025-07-13T16:39:16.552804Z", "fetched_at": "2025-07-13T16:39:32.622316+00:00", "symbol": "ADA-USD"}, {"trade_id": 143381794, "side": "sell", "size": "51.00306000", "price": "0.74040000", "time": "2025-07-13T16:39:16.552804Z", "fetched_at": "2025-07-13T16:39:32.622316+00:00", "symbol": "ADA-USD"}, {"trade_id": 143381793, "side": "sell", "size": "50.00000000", "price": "0.74040000", "time": "2025-07-13T16:39:16.552804Z", "fetched_at": "2025-07-13T16:39:32.622316+00:00", "symbol": "ADA-USD"}, {"trade_id": 143381792, "side": "sell", "size": "43.59791424", "price": "0.74040000", "time": "2025-07-13T16:39:16.552804Z", "fetched_at": "2025-07-13T16:39:32.622316+00:00", "symbol": "ADA-USD"}, {"trade_id": 143381791, "side": "buy", "size": "1.69244403", "price": "0.74040000", "time": "2025-07-13T16:39:16.409547Z", "fetched_at": "2025-07-13T16:39:32.622316+00:00", "symbol": "ADA-USD"}, {"trade_id": 143381790, "side": "buy", "size": "1.50000000", "price": "0.74040000", "time": "2025-07-13T16:39:16.409547Z", "fetched_at": "2025-07-13T16:39:32.622316+00:00", "symbol": "ADA-USD"}, {"trade_id": 143381789, "side": "buy", "size": "1.68343475", "price": "0.74050000", "time": "2025-07-13T16:39:16.337359Z", "fetched_at": "2025-07-13T16:39:32.622316+00:00", "symbol": "ADA-USD"}, {"trade_id": 143381788, "side": "sell", "size": "16.19651774", "price": "0.74050000", "time": "2025-07-13T16:39:14.090689Z", "fetched_at": "2025-07-13T16:39:32.622316+00:00", "symbol": "ADA-USD"}, {"trade_id": 143381787, "side": "buy", "size": "2.01119270", "price": "0.74050000", "time": "2025-07-13T16:39:13.928518Z", "fetched_at": "2025-07-13T16:39:32.622316+00:00", "symbol": "ADA-USD"}, {"trade_id": 143381786, "side": "sell", "size": "70.86167000", "price": "0.74050000", "time": "2025-07-13T16:39:12.660027Z", "fetched_at": "2025-07-13T16:39:32.622316+00:00", "symbol": "ADA-USD"}, {"trade_id": 143381785, "side": "buy", "size": "1.50000000", "price": "0.74050000", "time": "2025-07-13T16:39:12.646010Z", "fetched_at": "2025-07-13T16:39:32.622316+00:00", "symbol": "ADA-USD"}, {"trade_id": 143381784, "side": "buy", "size": "780.51635288", "price": "0.74050000", "time": "2025-07-13T16:39:12.646010Z", "fetched_at": "2025-07-13T16:39:32.622316+00:00", "symbol": "ADA-USD"}, {"trade_id": 143381783, "side": "buy", "size": "255.51255309", "price": "0.74050000", "time": "2025-07-13T16:39:12.646010Z", "fetched_at": "2025-07-13T16:39:32.622316+00:00", "symbol": "ADA-USD"}, {"trade_id": 143381782, "side": "buy", "size": "2.20605645", "price": "0.74060000", "time": "2025-07-13T16:39:12.646010Z", "fetched_at": "2025-07-13T16:39:32.622316+00:00", "symbol": "ADA-USD"}, {"trade_id": 143381781, "side": "buy", "size": "1.50000000", "price": "0.74060000", "time": "2025-07-13T16:39:12.646010Z", "fetched_at": "2025-07-13T16:39:32.622316+00:00", "symbol": "ADA-USD"}, {"trade_id": 143381780, "side": "buy", "size": "2.96501738", "price": "0.74070000", "time": "2025-07-13T16:39:12.093626Z", "fetched_at": "2025-07-13T16:39:32.622316+00:00", "symbol": "ADA-USD"}, {"trade_id": 143381779, "side": "buy", "size": "14.46158565", "price": "0.74060000", "time": "2025-07-13T16:39:11.742895Z", "fetched_at": "2025-07-13T16:39:32.622316+00:00", "symbol": "ADA-USD"}, {"trade_id": 143381778, "side": "buy", "size": "3.82575835", "price": "0.74080000", "time": "2025-07-13T16:39:11.742895Z", "fetched_at": "2025-07-13T16:39:32.622316+00:00", "symbol": "ADA-USD"}, {"trade_id": 143381777, "side": "buy", "size": "519.62738782", "price": "0.74050000", "time": "2025-07-13T16:39:05.741453Z", "fetched_at": "2025-07-13T16:39:32.622316+00:00", "symbol": "ADA-USD"}, {"trade_id": 143381776, "side": "buy", "size": "691.26735107", "price": "0.74050000", "time": "2025-07-13T16:39:05.741453Z", "fetched_at": "2025-07-13T16:39:32.622316+00:00", "symbol": "ADA-USD"}, {"trade_id": 143381775, "side": "buy", "size": "310.50000000", "price": "0.74050000", "time": "2025-07-13T16:39:05.741453Z", "fetched_at": "2025-07-13T16:39:32.622316+00:00", "symbol": "ADA-USD"}, {"trade_id": 143381774, "side": "buy", "size": "1856.41012000", "price": "0.74060000", "time": "2025-07-13T16:39:05.741453Z", "fetched_at": "2025-07-13T16:39:32.622316+00:00", "symbol": "ADA-USD"}, {"trade_id": 143381773, "side": "buy", "size": "675.10351500", "price": "0.74060000", "time": "2025-07-13T16:39:05.741453Z", "fetched_at": "2025-07-13T16:39:32.622316+00:00", "symbol": "ADA-USD"}, {"trade_id": 143381772, "side": "buy", "size": "4919.20000000", "price": "0.74060000", "time": "2025-07-13T16:39:05.741453Z", "fetched_at": "2025-07-13T16:39:32.622316+00:00", "symbol": "ADA-USD"}, {"trade_id": 143381771, "side": "buy", "size": "769.76134217", "price": "0.74060000", "time": "2025-07-13T16:39:05.741453Z", "fetched_at": "2025-07-13T16:39:32.622316+00:00", "symbol": "ADA-USD"}, {"trade_id": 143381770, "side": "buy", "size": "1859.68868000", "price": "0.74060000", "time": "2025-07-13T16:39:05.741453Z", "fetched_at": "2025-07-13T16:39:32.622316+00:00", "symbol": "ADA-USD"}, {"trade_id": 143381769, "side": "buy", "size": "275.00859402", "price": "0.74060000", "time": "2025-07-13T16:39:05.741453Z", "fetched_at": "2025-07-13T16:39:32.622316+00:00", "symbol": "ADA-USD"}, {"trade_id": 143381768, "side": "buy", "size": "1245.54285836", "price": "0.74060000", "time": "2025-07-13T16:39:05.741453Z", "fetched_at": "2025-07-13T16:39:32.622316+00:00", "symbol": "ADA-USD"}, {"trade_id": 143381767, "side": "buy", "size": "775.13994091", "price": "0.74060000", "time": "2025-07-13T16:39:05.741453Z", "fetched_at": "2025-07-13T16:39:32.622316+00:00", "symbol": "ADA-USD"}, {"trade_id": 143381766, "side": "buy", "size": "1.50000000", "price": "0.74060000", "time": "2025-07-13T16:39:05.741453Z", "fetched_at": "2025-07-13T16:39:32.622316+00:00", "symbol": "ADA-USD"}, {"trade_id": 143381765, "side": "buy", "size": "727.40703376", "price": "0.74070000", "time": "2025-07-13T16:39:05.741453Z", "fetched_at": "2025-07-13T16:39:32.622316+00:00", "symbol": "ADA-USD"}, {"trade_id": 143381764, "side": "buy", "size": "1856.41012000", "price": "0.74070000", "time": "2025-07-13T16:39:05.741453Z", "fetched_at": "2025-07-13T16:39:32.622316+00:00", "symbol": "ADA-USD"}, {"trade_id": 143381763, "side": "buy", "size": "1858.28870000", "price": "0.74070000", "time": "2025-07-13T16:39:05.741453Z", "fetched_at": "2025-07-13T16:39:32.622316+00:00", "symbol": "ADA-USD"}, {"trade_id": 143381762, "side": "buy", "size": "1573.36702218", "price": "0.74070000", "time": "2025-07-13T16:39:05.741453Z", "fetched_at": "2025-07-13T16:39:32.622316+00:00", "symbol": "ADA-USD"}, {"trade_id": 143381761, "side": "buy", "size": "3300.01786989", "price": "0.74070000", "time": "2025-07-13T16:39:05.741453Z", "fetched_at": "2025-07-13T16:39:32.622316+00:00", "symbol": "ADA-USD"}, {"trade_id": 143381760, "side": "buy", "size": "824.99219992", "price": "0.74070000", "time": "2025-07-13T16:39:05.741453Z", "fetched_at": "2025-07-13T16:39:32.622316+00:00", "symbol": "ADA-USD"}, {"trade_id": 143381759, "side": "buy", "size": "4.27531420", "price": "0.74080000", "time": "2025-07-13T16:39:05.741453Z", "fetched_at": "2025-07-13T16:39:32.622316+00:00", "symbol": "ADA-USD"}, {"trade_id": 143381758, "side": "buy", "size": "291.86792000", "price": "0.74070000", "time": "2025-07-13T16:39:02.824988Z", "fetched_at": "2025-07-13T16:39:32.622316+00:00", "symbol": "ADA-USD"}, {"trade_id": 143381757, "side": "buy", "size": "775.13994091", "price": "0.74070000", "time": "2025-07-13T16:39:02.824988Z", "fetched_at": "2025-07-13T16:39:32.622316+00:00", "symbol": "ADA-USD"}, {"trade_id": 143381756, "side": "buy", "size": "310.50000000", "price": "0.74070000", "time": "2025-07-13T16:39:02.824988Z", "fetched_at": "2025-07-13T16:39:32.622316+00:00", "symbol": "ADA-USD"}, {"trade_id": 143381755, "side": "buy", "size": "119.51898000", "price": "0.74080000", "time": "2025-07-13T16:39:02.824988Z", "fetched_at": "2025-07-13T16:39:32.622316+00:00", "symbol": "ADA-USD"}, {"trade_id": 143381754, "side": "buy", "size": "12.99398109", "price": "0.74080000", "time": "2025-07-13T16:39:02.824988Z", "fetched_at": "2025-07-13T16:39:32.622316+00:00", "symbol": "ADA-USD"}, {"trade_id": 143381753, "side": "sell", "size": "100.00000000", "price": "0.74080000", "time": "2025-07-13T16:39:01.842540Z", "fetched_at": "2025-07-13T16:39:32.622316+00:00", "symbol": "ADA-USD"}, {"trade_id": 143381752, "side": "sell", "size": "13.37295700", "price": "0.74080000", "time": "2025-07-13T16:39:01.037089Z", "fetched_at": "2025-07-13T16:39:32.622316+00:00", "symbol": "ADA-USD"}, {"trade_id": 143381751, "side": "sell", "size": "32.05421100", "price": "0.74080000", "time": "2025-07-13T16:39:00.797271Z", "fetched_at": "2025-07-13T16:39:32.622316+00:00", "symbol": "ADA-USD"}, {"trade_id": 143381750, "side": "sell", "size": "3.67756300", "price": "0.74080000", "time": "2025-07-13T16:39:00.200312Z", "fetched_at": "2025-07-13T16:39:32.622316+00:00", "symbol": "ADA-USD"}, {"trade_id": 143381749, "side": "buy", "size": "12.99398109", "price": "0.74080000", "time": "2025-07-13T16:38:59.807882Z", "fetched_at": "2025-07-13T16:39:32.622316+00:00", "symbol": "ADA-USD"}, {"trade_id": 143381748, "side": "sell", "size": "1.50000000", "price": "0.74090000", "time": "2025-07-13T16:38:57.850033Z", "fetched_at": "2025-07-13T16:39:32.622316+00:00", "symbol": "ADA-USD"}, {"trade_id": 143381747, "side": "buy", "size": "17.67118100", "price": "0.74080000", "time": "2025-07-13T16:38:57.767948Z", "fetched_at": "2025-07-13T16:39:32.622316+00:00", "symbol": "ADA-USD"}, {"trade_id": 143381746, "side": "buy", "size": "86.74503312", "price": "0.74080000", "time": "2025-07-13T16:38:57.635533Z", "fetched_at": "2025-07-13T16:39:32.622316+00:00", "symbol": "ADA-USD"}, {"trade_id": 143381745, "side": "buy", "size": "41.39686188", "price": "0.74080000", "time": "2025-07-13T16:38:57.635533Z", "fetched_at": "2025-07-13T16:39:32.622316+00:00", "symbol": "ADA-USD"}, {"trade_id": 143381744, "side": "buy", "size": "51.00306000", "price": "0.74080000", "time": "2025-07-13T16:38:57.635533Z", "fetched_at": "2025-07-13T16:39:32.622316+00:00", "symbol": "ADA-USD"}, {"trade_id": 143381743, "side": "sell", "size": "1.50000000", "price": "0.74080000", "time": "2025-07-13T16:38:57.301065Z", "fetched_at": "2025-07-13T16:39:32.622316+00:00", "symbol": "ADA-USD"}, {"trade_id": 143381742, "side": "sell", "size": "1.50000000", "price": "0.74070000", "time": "2025-07-13T16:38:57.184091Z", "fetched_at": "2025-07-13T16:39:32.622316+00:00", "symbol": "ADA-USD"}, {"trade_id": 143381741, "side": "sell", "size": "1.50000000", "price": "0.74060000", "time": "2025-07-13T16:38:56.739436Z", "fetched_at": "2025-07-13T16:39:32.622316+00:00", "symbol": "ADA-USD"}, {"trade_id": 143381740, "side": "sell", "size": "174.08729030", "price": "0.74060000", "time": "2025-07-13T16:38:56.739436Z", "fetched_at": "2025-07-13T16:39:32.622316+00:00", "symbol": "ADA-USD"}, {"trade_id": 143381739, "side": "sell", "size": "70.86167000", "price": "0.74060000", "time": "2025-07-13T16:38:55.968946Z", "fetched_at": "2025-07-13T16:39:32.622316+00:00", "symbol": "ADA-USD"}, {"trade_id": 143381738, "side": "sell", "size": "1.50000000", "price": "0.74050000", "time": "2025-07-13T16:38:55.398632Z", "fetched_at": "2025-07-13T16:39:32.622316+00:00", "symbol": "ADA-USD"}, {"trade_id": 143381737, "side": "sell", "size": "1.50000000", "price": "0.74040000", "time": "2025-07-13T16:38:54.790561Z", "fetched_at": "2025-07-13T16:39:32.622316+00:00", "symbol": "ADA-USD"}, {"trade_id": 143381736, "side": "sell", "size": "1.50000000", "price": "0.74030000", "time": "2025-07-13T16:38:50.262165Z", "fetched_at": "2025-07-13T16:39:32.622316+00:00", "symbol": "ADA-USD"}, {"trade_id": 143381735, "side": "buy", "size": "144.64748700", "price": "0.74020000", "time": "2025-07-13T16:38:47.049898Z", "fetched_at": "2025-07-13T16:39:32.622316+00:00", "symbol": "ADA-USD"}, {"trade_id": 143381734, "side": "sell", "size": "3.98922630", "price": "0.74020000", "time": "2025-07-13T16:38:46.496305Z", "fetched_at": "2025-07-13T16:39:32.622316+00:00", "symbol": "ADA-USD"}, {"trade_id": 143381733, "side": "sell", "size": "1.50000000", "price": "0.74020000", "time": "2025-07-13T16:38:46.496305Z", "fetched_at": "2025-07-13T16:39:32.622316+00:00", "symbol": "ADA-USD"}, {"trade_id": 143381732, "side": "sell", "size": "1540.78074661", "price": "0.74010000", "time": "2025-07-13T16:38:46.370908Z", "fetched_at": "2025-07-13T16:39:32.622316+00:00", "symbol": "ADA-USD"}, {"trade_id": 143381731, "side": "sell", "size": "1183.68467129", "price": "0.74010000", "time": "2025-07-13T16:38:46.370908Z", "fetched_at": "2025-07-13T16:39:32.622316+00:00", "symbol": "ADA-USD"}, {"trade_id": 143381730, "side": "sell", "size": "1165.78603420", "price": "0.74010000", "time": "2025-07-13T16:38:46.370908Z", "fetched_at": "2025-07-13T16:39:32.622316+00:00", "symbol": "ADA-USD"}, {"trade_id": 143381729, "side": "sell", "size": "1.50000000", "price": "0.74010000", "time": "2025-07-13T16:38:46.370908Z", "fetched_at": "2025-07-13T16:39:32.622316+00:00", "symbol": "ADA-USD"}, {"trade_id": 143381728, "side": "sell", "size": "1044.60369110", "price": "0.74010000", "time": "2025-07-13T16:38:46.370908Z", "fetched_at": "2025-07-13T16:39:32.622316+00:00", "symbol": "ADA-USD"}, {"trade_id": 143381727, "side": "sell", "size": "627.27320717", "price": "0.74010000", "time": "2025-07-13T16:38:46.370908Z", "fetched_at": "2025-07-13T16:39:32.622316+00:00", "symbol": "ADA-USD"}, {"trade_id": 143381726, "side": "sell", "size": "310.50000000", "price": "0.74010000", "time": "2025-07-13T16:38:46.370908Z", "fetched_at": "2025-07-13T16:39:32.622316+00:00", "symbol": "ADA-USD"}, {"trade_id": 143381725, "side": "sell", "size": "6.06237379", "price": "0.74000000", "time": "2025-07-13T16:38:46.370908Z", "fetched_at": "2025-07-13T16:39:32.622316+00:00", "symbol": "ADA-USD"}, {"trade_id": 143381724, "side": "sell", "size": "1.50000000", "price": "0.74000000", "time": "2025-07-13T16:38:46.370908Z", "fetched_at": "2025-07-13T16:39:32.622316+00:00", "symbol": "ADA-USD"}, {"trade_id": 143381723, "side": "sell", "size": "13.01595891", "price": "0.73990000", "time": "2025-07-13T16:38:46.191333Z", "fetched_at": "2025-07-13T16:39:32.622316+00:00", "symbol": "ADA-USD"}, {"trade_id": 143381722, "side": "sell", "size": "1.50000000", "price": "0.73990000", "time": "2025-07-13T16:38:46.191333Z", "fetched_at": "2025-07-13T16:39:32.622316+00:00", "symbol": "ADA-USD"}, {"trade_id": 143381721, "side": "buy", "size": "12.36119400", "price": "0.73980000", "time": "2025-07-13T16:38:45.603053Z", "fetched_at": "2025-07-13T16:39:32.622316+00:00", "symbol": "ADA-USD"}, {"trade_id": 143381720, "side": "buy", "size": "51.00306000", "price": "0.73980000", "time": "2025-07-13T16:38:45.603053Z", "fetched_at": "2025-07-13T16:39:32.622316+00:00", "symbol": "ADA-USD"}, {"trade_id": 143381719, "side": "sell", "size": "1.50000000", "price": "0.73980000", "time": "2025-07-13T16:38:45.578195Z", "fetched_at": "2025-07-13T16:39:32.622316+00:00", "symbol": "ADA-USD"}, {"trade_id": 143381718, "side": "sell", "size": "13.01589170", "price": "0.73970000", "time": "2025-07-13T16:38:45.034512Z", "fetched_at": "2025-07-13T16:39:32.622316+00:00", "symbol": "ADA-USD"}, {"trade_id": 143381717, "side": "sell", "size": "310.50000000", "price": "0.73970000", "time": "2025-07-13T16:38:45.034512Z", "fetched_at": "2025-07-13T16:39:32.622316+00:00", "symbol": "ADA-USD"}, {"trade_id": 143381716, "side": "buy", "size": "0.66225200", "price": "0.73950000", "time": "2025-07-13T16:38:43.510945Z", "fetched_at": "2025-07-13T16:39:32.622316+00:00", "symbol": "ADA-USD"}, {"trade_id": 143381715, "side": "buy", "size": "0.61737000", "price": "0.73950000", "time": "2025-07-13T16:38:43.303101Z", "fetched_at": "2025-07-13T16:39:32.622316+00:00", "symbol": "ADA-USD"}, {"trade_id": 143381714, "side": "buy", "size": "1.50000000", "price": "0.73950000", "time": "2025-07-13T16:38:43.303101Z", "fetched_at": "2025-07-13T16:39:32.622316+00:00", "symbol": "ADA-USD"}, {"trade_id": 143381713, "side": "buy", "size": "3.72399700", "price": "0.73960000", "time": "2025-07-13T16:38:43.263729Z", "fetched_at": "2025-07-13T16:39:32.622316+00:00", "symbol": "ADA-USD"}, {"trade_id": 143381712, "side": "buy", "size": "1.50000000", "price": "0.73960000", "time": "2025-07-13T16:38:43.263729Z", "fetched_at": "2025-07-13T16:39:32.622316+00:00", "symbol": "ADA-USD"}, {"trade_id": 143381711, "side": "buy", "size": "6.09138670", "price": "0.73970000", "time": "2025-07-13T16:38:42.713883Z", "fetched_at": "2025-07-13T16:39:32.622316+00:00", "symbol": "ADA-USD"}, {"trade_id": 143381710, "side": "buy", "size": "284.29590000", "price": "0.73970000", "time": "2025-07-13T16:38:41.703359Z", "fetched_at": "2025-07-13T16:39:32.622316+00:00", "symbol": "ADA-USD"}, {"trade_id": 143381709, "side": "buy", "size": "1.50000000", "price": "0.73970000", "time": "2025-07-13T16:38:41.703359Z", "fetched_at": "2025-07-13T16:39:32.622316+00:00", "symbol": "ADA-USD"}, {"trade_id": 143381708, "side": "sell", "size": "70.67470350", "price": "0.73990000", "time": "2025-07-13T16:38:39.050363Z", "fetched_at": "2025-07-13T16:39:32.622316+00:00", "symbol": "ADA-USD"}, {"trade_id": 143381707, "side": "sell", "size": "50.42287654", "price": "0.73990000", "time": "2025-07-13T16:38:39.050363Z", "fetched_at": "2025-07-13T16:39:32.622316+00:00", "symbol": "ADA-USD"}, {"trade_id": 143381706, "side": "sell", "size": "13.01241696", "price": "0.73980000", "time": "2025-07-13T16:38:39.050363Z", "fetched_at": "2025-07-13T16:39:32.622316+00:00", "symbol": "ADA-USD"}, {"trade_id": 143381705, "side": "buy", "size": "3.27773937", "price": "0.73980000", "time": "2025-07-13T16:38:35.707685Z", "fetched_at": "2025-07-13T16:39:32.622316+00:00", "symbol": "ADA-USD"}, {"trade_id": 143381704, "side": "sell", "size": "70.86167000", "price": "0.73980000", "time": "2025-07-13T16:38:32.979020Z", "fetched_at": "2025-07-13T16:39:32.622316+00:00", "symbol": "ADA-USD"}, {"trade_id": 143381703, "side": "buy", "size": "4.81284524", "price": "0.73980000", "time": "2025-07-13T16:38:32.965804Z", "fetched_at": "2025-07-13T16:39:32.622316+00:00", "symbol": "ADA-USD"}, {"trade_id": 143381702, "side": "buy", "size": "1.50000000", "price": "0.73980000", "time": "2025-07-13T16:38:32.965804Z", "fetched_at": "2025-07-13T16:39:32.622316+00:00", "symbol": "ADA-USD"}, {"trade_id": 143381701, "side": "buy", "size": "1.50000000", "price": "0.73990000", "time": "2025-07-13T16:38:32.852166Z", "fetched_at": "2025-07-13T16:39:32.622316+00:00", "symbol": "ADA-USD"}, {"trade_id": 143381700, "side": "sell", "size": "27.37378427", "price": "0.74010000", "time": "2025-07-13T16:38:29.903987Z", "fetched_at": "2025-07-13T16:39:32.622316+00:00", "symbol": "ADA-USD"}, {"trade_id": 143381699, "side": "sell", "size": "5.52364073", "price": "0.74000000", "time": "2025-07-13T16:38:29.903987Z", "fetched_at": "2025-07-13T16:39:32.622316+00:00", "symbol": "ADA-USD"}, {"trade_id": 143381698, "side": "buy", "size": "5.86897364", "price": "0.74000000", "time": "2025-07-13T16:38:28.725599Z", "fetched_at": "2025-07-13T16:39:32.622316+00:00", "symbol": "ADA-USD"}, {"trade_id": 143381697, "side": "buy", "size": "1.50000000", "price": "0.74000000", "time": "2025-07-13T16:38:28.725599Z", "fetched_at": "2025-07-13T16:39:32.622316+00:00", "symbol": "ADA-USD"}, {"trade_id": 143381696, "side": "buy", "size": "13.00627103", "price": "0.74010000", "time": "2025-07-13T16:38:27.622815Z", "fetched_at": "2025-07-13T16:39:32.622316+00:00", "symbol": "ADA-USD"}, {"trade_id": 143381695, "side": "buy", "size": "1968.48444109", "price": "0.74010000", "time": "2025-07-13T16:38:27.606100Z", "fetched_at": "2025-07-13T16:39:32.622316+00:00", "symbol": "ADA-USD"}, {"trade_id": 143381694, "side": "buy", "size": "0.10000000", "price": "0.74020000", "time": "2025-07-13T16:38:27.401626Z", "fetched_at": "2025-07-13T16:39:32.622316+00:00", "symbol": "ADA-USD"}, {"trade_id": 143381693, "side": "buy", "size": "13.00451390", "price": "0.74020000", "time": "2025-07-13T16:38:27.401626Z", "fetched_at": "2025-07-13T16:39:32.622316+00:00", "symbol": "ADA-USD"}, {"trade_id": 143381692, "side": "buy", "size": "4923.20000000", "price": "0.74020000", "time": "2025-07-13T16:38:27.401626Z", "fetched_at": "2025-07-13T16:39:32.622316+00:00", "symbol": "ADA-USD"}, {"trade_id": 143381691, "side": "sell", "size": "354.79488077", "price": "0.74040000", "time": "2025-07-13T16:38:17.002323Z", "fetched_at": "2025-07-13T16:39:32.622316+00:00", "symbol": "ADA-USD"}, {"trade_id": 143381690, "side": "sell", "size": "1.50000000", "price": "0.74040000", "time": "2025-07-13T16:38:17.002323Z", "fetched_at": "2025-07-13T16:39:32.622316+00:00", "symbol": "ADA-USD"}, {"trade_id": 143381689, "side": "sell", "size": "404.00000000", "price": "0.74040000", "time": "2025-07-13T16:38:17.002323Z", "fetched_at": "2025-07-13T16:39:32.622316+00:00", "symbol": "ADA-USD"}, {"trade_id": 143381688, "side": "sell", "size": "310.50000000", "price": "0.74040000", "time": "2025-07-13T16:38:17.002323Z", "fetched_at": "2025-07-13T16:39:32.622316+00:00", "symbol": "ADA-USD"}, {"trade_id": 143381687, "side": "sell", "size": "11.34691923", "price": "0.74030000", "time": "2025-07-13T16:38:17.002323Z", "fetched_at": "2025-07-13T16:39:32.622316+00:00", "symbol": "ADA-USD"}, {"trade_id": 143381686, "side": "sell", "size": "1.50000000", "price": "0.74030000", "time": "2025-07-13T16:38:17.002323Z", "fetched_at": "2025-07-13T16:39:32.622316+00:00", "symbol": "ADA-USD"}, {"trade_id": 143381685, "side": "buy", "size": "40.40514833", "price": "0.74000000", "time": "2025-07-13T16:38:13.945569Z", "fetched_at": "2025-07-13T16:39:32.622316+00:00", "symbol": "ADA-USD"}, {"trade_id": 143381684, "side": "buy", "size": "37.58037064", "price": "0.74000000", "time": "2025-07-13T16:38:13.945569Z", "fetched_at": "2025-07-13T16:39:32.622316+00:00", "symbol": "ADA-USD"}, {"trade_id": 143381683, "side": "buy", "size": "13.00627103", "price": "0.74010000", "time": "2025-07-13T16:38:13.945569Z", "fetched_at": "2025-07-13T16:39:32.622316+00:00", "symbol": "ADA-USD"}, {"trade_id": 143381682, "side": "buy", "size": "179.27848000", "price": "0.74010000", "time": "2025-07-13T16:38:13.945569Z", "fetched_at": "2025-07-13T16:39:32.622316+00:00", "symbol": "ADA-USD"}, {"trade_id": 143381681, "side": "sell", "size": "168.60110000", "price": "0.74020000", "time": "2025-07-13T16:38:12.912258Z", "fetched_at": "2025-07-13T16:39:32.622316+00:00", "symbol": "ADA-USD"}, {"trade_id": 143381680, "side": "sell", "size": "1.50000000", "price": "0.74020000", "time": "2025-07-13T16:38:12.912258Z", "fetched_at": "2025-07-13T16:39:32.622316+00:00", "symbol": "ADA-USD"}, {"trade_id": 143381679, "side": "sell", "size": "31395.91841493", "price": "0.74010000", "time": "2025-07-13T16:38:12.907676Z", "fetched_at": "2025-07-13T16:39:32.622316+00:00", "symbol": "ADA-USD"}, {"trade_id": 143381678, "side": "sell", "size": "1978.98539022", "price": "0.74010000", "time": "2025-07-13T16:38:12.903581Z", "fetched_at": "2025-07-13T16:39:32.622316+00:00", "symbol": "ADA-USD"}, {"trade_id": 143381677, "side": "sell", "size": "0.40572879", "price": "0.74010000", "time": "2025-07-13T16:38:12.835967Z", "fetched_at": "2025-07-13T16:39:32.622316+00:00", "symbol": "ADA-USD"}, {"trade_id": 143381676, "side": "sell", "size": "8295.00976000", "price": "0.74010000", "time": "2025-07-13T16:38:12.813614Z", "fetched_at": "2025-07-13T16:39:32.622316+00:00", "symbol": "ADA-USD"}, {"trade_id": 143381675, "side": "sell", "size": "72.20387860", "price": "0.74010000", "time": "2025-07-13T16:38:12.798570Z", "fetched_at": "2025-07-13T16:39:32.622316+00:00", "symbol": "ADA-USD"}, {"trade_id": 143381674, "side": "sell", "size": "1.50000000", "price": "0.74010000", "time": "2025-07-13T16:38:12.798570Z", "fetched_at": "2025-07-13T16:39:32.622316+00:00", "symbol": "ADA-USD"}, {"trade_id": 143381673, "side": "sell", "size": "929.13833000", "price": "0.74010000", "time": "2025-07-13T16:38:12.798570Z", "fetched_at": "2025-07-13T16:39:32.622316+00:00", "symbol": "ADA-USD"}, {"trade_id": 143381672, "side": "sell", "size": "70.86167000", "price": "0.74010000", "time": "2025-07-13T16:38:12.631589Z", "fetched_at": "2025-07-13T16:39:32.622316+00:00", "symbol": "ADA-USD"}, {"trade_id": 143381671, "side": "sell", "size": "1.50000000", "price": "0.74000000", "time": "2025-07-13T16:38:12.567567Z", "fetched_at": "2025-07-13T16:39:32.622316+00:00", "symbol": "ADA-USD"}, {"trade_id": 143381670, "side": "sell", "size": "0.32479662", "price": "0.73990000", "time": "2025-07-13T16:38:03.446648Z", "fetched_at": "2025-07-13T16:39:32.622316+00:00", "symbol": "ADA-USD"}, {"trade_id": 143381669, "side": "sell", "size": "2.24628438", "price": "0.73990000", "time": "2025-07-13T16:38:03.446648Z", "fetched_at": "2025-07-13T16:39:32.622316+00:00", "symbol": "ADA-USD"}, {"trade_id": 143381668, "side": "sell", "size": "1.50000000", "price": "0.73990000", "time": "2025-07-13T16:38:02.854493Z", "fetched_at": "2025-07-13T16:39:32.622316+00:00", "symbol": "ADA-USD"}, {"trade_id": 143381667, "side": "buy", "size": "300.50241918", "price": "0.73970000", "time": "2025-07-13T16:38:02.590578Z", "fetched_at": "2025-07-13T16:39:32.622316+00:00", "symbol": "ADA-USD"}, {"trade_id": 143381666, "side": "buy", "size": "756.83335451", "price": "0.73970000", "time": "2025-07-13T16:38:02.590578Z", "fetched_at": "2025-07-13T16:39:32.622316+00:00", "symbol": "ADA-USD"}, {"trade_id": 143381665, "side": "buy", "size": "500.00000000", "price": "0.73970000", "time": "2025-07-13T16:38:02.590578Z", "fetched_at": "2025-07-13T16:39:32.622316+00:00", "symbol": "ADA-USD"}, {"trade_id": 143381664, "side": "buy", "size": "51.00306000", "price": "0.73980000", "time": "2025-07-13T16:38:02.590578Z", "fetched_at": "2025-07-13T16:39:32.622316+00:00", "symbol": "ADA-USD"}, {"trade_id": 143381663, "side": "buy", "size": "13.01154527", "price": "0.73980000", "time": "2025-07-13T16:38:02.590578Z", "fetched_at": "2025-07-13T16:39:32.622316+00:00", "symbol": "ADA-USD"}, {"trade_id": 143381662, "side": "buy", "size": "669.84699704", "price": "0.73980000", "time": "2025-07-13T16:38:02.590578Z", "fetched_at": "2025-07-13T16:39:32.622316+00:00", "symbol": "ADA-USD"}, {"trade_id": 143381661, "side": "buy", "size": "172.63380000", "price": "0.73980000", "time": "2025-07-13T16:38:02.590578Z", "fetched_at": "2025-07-13T16:39:32.622316+00:00", "symbol": "ADA-USD"}, {"trade_id": 143381660, "side": "buy", "size": "179.27848000", "price": "0.73980000", "time": "2025-07-13T16:38:02.590578Z", "fetched_at": "2025-07-13T16:39:32.622316+00:00", "symbol": "ADA-USD"}, {"trade_id": 143381659, "side": "sell", "size": "70.86167000", "price": "0.73980000", "time": "2025-07-13T16:38:02.386663Z", "fetched_at": "2025-07-13T16:39:32.622316+00:00", "symbol": "ADA-USD"}, {"trade_id": 143381658, "side": "sell", "size": "1.50000000", "price": "0.73980000", "time": "2025-07-13T16:38:00.779438Z", "fetched_at": "2025-07-13T16:39:32.622316+00:00", "symbol": "ADA-USD"}, {"trade_id": 143381657, "side": "sell", "size": "4.91431100", "price": "0.73980000", "time": "2025-07-13T16:38:00.048796Z", "fetched_at": "2025-07-13T16:39:32.622316+00:00", "symbol": "ADA-USD"}, {"trade_id": 143381656, "side": "sell", "size": "1.50000000", "price": "0.73970000", "time": "2025-07-13T16:38:00.048796Z", "fetched_at": "2025-07-13T16:39:32.622316+00:00", "symbol": "ADA-USD"}, {"trade_id": 143381655, "side": "buy", "size": "179.27848000", "price": "0.73960000", "time": "2025-07-13T16:37:56.637243Z", "fetched_at": "2025-07-13T16:39:32.622316+00:00", "symbol": "ADA-USD"}, {"trade_id": 143381654, "side": "sell", "size": "676.07033851", "price": "0.73960000", "time": "2025-07-13T16:37:56.632369Z", "fetched_at": "2025-07-13T16:39:32.622316+00:00", "symbol": "ADA-USD"}, {"trade_id": 143381653, "side": "sell", "size": "4951.50000000", "price": "0.73960000", "time": "2025-07-13T16:37:56.632369Z", "fetched_at": "2025-07-13T16:39:32.622316+00:00", "symbol": "ADA-USD"}, {"trade_id": 143381652, "side": "sell", "size": "756.83335451", "price": "0.73960000", "time": "2025-07-13T16:37:56.632369Z", "fetched_at": "2025-07-13T16:39:32.622316+00:00", "symbol": "ADA-USD"}, {"trade_id": 143381651, "side": "sell", "size": "1.50000000", "price": "0.73960000", "time": "2025-07-13T16:37:56.632369Z", "fetched_at": "2025-07-13T16:39:32.622316+00:00", "symbol": "ADA-USD"}, {"trade_id": 143381650, "side": "sell", "size": "1.96699861", "price": "0.73950000", "time": "2025-07-13T16:37:56.628711Z", "fetched_at": "2025-07-13T16:39:32.622316+00:00", "symbol": "ADA-USD"}, {"trade_id": 143381649, "side": "sell", "size": "500.00000000", "price": "0.73950000", "time": "2025-07-13T16:37:56.628711Z", "fetched_at": "2025-07-13T16:39:32.622316+00:00", "symbol": "ADA-USD"}, {"trade_id": 143381648, "side": "sell", "size": "1.50000000", "price": "0.73950000", "time": "2025-07-13T16:37:56.628711Z", "fetched_at": "2025-07-13T16:39:32.622316+00:00", "symbol": "ADA-USD"}, {"trade_id": 143381647, "side": "sell", "size": "2.58157158", "price": "0.73940000", "time": "2025-07-13T16:37:55.966087Z", "fetched_at": "2025-07-13T16:39:32.622316+00:00", "symbol": "ADA-USD"}, {"trade_id": 143381646, "side": "buy", "size": "119.51898000", "price": "0.73940000", "time": "2025-07-13T16:37:53.398671Z", "fetched_at": "2025-07-13T16:39:32.622316+00:00", "symbol": "ADA-USD"}, {"trade_id": 143381645, "side": "buy", "size": "115.08920000", "price": "0.73940000", "time": "2025-07-13T16:37:53.383160Z", "fetched_at": "2025-07-13T16:39:32.622316+00:00", "symbol": "ADA-USD"}, {"trade_id": 143381644, "side": "sell", "size": "127.98676610", "price": "0.73940000", "time": "2025-07-13T16:37:53.161979Z", "fetched_at": "2025-07-13T16:39:32.622316+00:00", "symbol": "ADA-USD"}, {"trade_id": 143381643, "side": "sell", "size": "3.45973690", "price": "0.73930000", "time": "2025-07-13T16:37:53.161979Z", "fetched_at": "2025-07-13T16:39:32.622316+00:00", "symbol": "ADA-USD"}, {"trade_id": 143381642, "side": "buy", "size": "136.65268600", "price": "0.73920000", "time": "2025-07-13T16:37:52.488644Z", "fetched_at": "2025-07-13T16:39:32.622316+00:00", "symbol": "ADA-USD"}, {"trade_id": 143381641, "side": "buy", "size": "115.08920000", "price": "0.73930000", "time": "2025-07-13T16:37:51.025806Z", "fetched_at": "2025-07-13T16:39:32.622316+00:00", "symbol": "ADA-USD"}, {"trade_id": 143381640, "side": "sell", "size": "378.26556881", "price": "0.73940000", "time": "2025-07-13T16:37:51.017577Z", "fetched_at": "2025-07-13T16:39:32.622316+00:00", "symbol": "ADA-USD"}, {"trade_id": 143381639, "side": "sell", "size": "1.50000000", "price": "0.73940000", "time": "2025-07-13T16:37:51.017577Z", "fetched_at": "2025-07-13T16:39:32.622316+00:00", "symbol": "ADA-USD"}, {"trade_id": 143381638, "side": "sell", "size": "13.02121519", "price": "0.73930000", "time": "2025-07-13T16:37:51.017577Z", "fetched_at": "2025-07-13T16:39:32.622316+00:00", "symbol": "ADA-USD"}, {"trade_id": 143381637, "side": "sell", "size": "1.50000000", "price": "0.73930000", "time": "2025-07-13T16:37:51.017577Z", "fetched_at": "2025-07-13T16:39:32.622316+00:00", "symbol": "ADA-USD"}, {"trade_id": 143381636, "side": "buy", "size": "47.88765854", "price": "0.73920000", "time": "2025-07-13T16:37:45.938883Z", "fetched_at": "2025-07-13T16:39:32.622316+00:00", "symbol": "ADA-USD"}, {"trade_id": 143381635, "side": "buy", "size": "109.83646600", "price": "0.73920000", "time": "2025-07-13T16:37:45.905756Z", "fetched_at": "2025-07-13T16:39:32.622316+00:00", "symbol": "ADA-USD"}, {"trade_id": 143381634, "side": "buy", "size": "249.63952062", "price": "0.73920000", "time": "2025-07-13T16:37:45.889589Z", "fetched_at": "2025-07-13T16:39:32.622316+00:00", "symbol": "ADA-USD"}, {"trade_id": 143381633, "side": "buy", "size": "68.28543057", "price": "0.73920000", "time": "2025-07-13T16:37:45.875033Z", "fetched_at": "2025-07-13T16:39:32.622316+00:00", "symbol": "ADA-USD"}, {"trade_id": 143381632, "side": "buy", "size": "264.95774292", "price": "0.73920000", "time": "2025-07-13T16:37:45.864794Z", "fetched_at": "2025-07-13T16:39:32.622316+00:00", "symbol": "ADA-USD"}, {"trade_id": 143381631, "side": "buy", "size": "720.32864697", "price": "0.73920000", "time": "2025-07-13T16:37:45.854453Z", "fetched_at": "2025-07-13T16:39:32.622316+00:00", "symbol": "ADA-USD"}, {"trade_id": 143381630, "side": "buy", "size": "13.02210659", "price": "0.73920000", "time": "2025-07-13T16:37:45.854453Z", "fetched_at": "2025-07-13T16:39:32.622316+00:00", "symbol": "ADA-USD"}, {"trade_id": 143381629, "side": "sell", "size": "1.50000000", "price": "0.73920000", "time": "2025-07-13T16:37:42.210873Z", "fetched_at": "2025-07-13T16:39:32.622316+00:00", "symbol": "ADA-USD"}, {"trade_id": 143381628, "side": "sell", "size": "13.02484510", "price": "0.73910000", "time": "2025-07-13T16:37:42.108871Z", "fetched_at": "2025-07-13T16:39:32.622316+00:00", "symbol": "ADA-USD"}, {"trade_id": 143381627, "side": "sell", "size": "1.50000000", "price": "0.73910000", "time": "2025-07-13T16:37:42.108871Z", "fetched_at": "2025-07-13T16:39:32.622316+00:00", "symbol": "ADA-USD"}, {"trade_id": 143381626, "side": "buy", "size": "277.79662718", "price": "0.73900000", "time": "2025-07-13T16:37:40.420228Z", "fetched_at": "2025-07-13T16:39:32.622316+00:00", "symbol": "ADA-USD"}, {"trade_id": 143381625, "side": "buy", "size": "13.02563084", "price": "0.73900000", "time": "2025-07-13T16:37:40.420228Z", "fetched_at": "2025-07-13T16:39:32.622316+00:00", "symbol": "ADA-USD"}, {"trade_id": 143381624, "side": "buy", "size": "657.70574955", "price": "0.73900000", "time": "2025-07-13T16:37:40.420228Z", "fetched_at": "2025-07-13T16:39:32.622316+00:00", "symbol": "ADA-USD"}, {"trade_id": 143381623, "side": "buy", "size": "51.00306000", "price": "0.73900000", "time": "2025-07-13T16:37:40.420228Z", "fetched_at": "2025-07-13T16:39:32.622316+00:00", "symbol": "ADA-USD"}, {"trade_id": 143381622, "side": "buy", "size": "64.05266000", "price": "0.73900000", "time": "2025-07-13T16:37:40.420228Z", "fetched_at": "2025-07-13T16:39:32.622316+00:00", "symbol": "ADA-USD"}, {"trade_id": 143381621, "side": "buy", "size": "172.63380000", "price": "0.73900000", "time": "2025-07-13T16:37:40.420228Z", "fetched_at": "2025-07-13T16:39:32.622316+00:00", "symbol": "ADA-USD"}, {"trade_id": 143381620, "side": "buy", "size": "179.27848000", "price": "0.73900000", "time": "2025-07-13T16:37:40.420228Z", "fetched_at": "2025-07-13T16:39:32.622316+00:00", "symbol": "ADA-USD"}, {"trade_id": 143381619, "side": "sell", "size": "454.59164970", "price": "0.73910000", "time": "2025-07-13T16:37:39.823920Z", "fetched_at": "2025-07-13T16:39:32.622316+00:00", "symbol": "ADA-USD"}, {"trade_id": 143381618, "side": "sell", "size": "76.71064189", "price": "0.73910000", "time": "2025-07-13T16:37:39.823920Z", "fetched_at": "2025-07-13T16:39:32.622316+00:00", "symbol": "ADA-USD"}, {"trade_id": 143381617, "side": "sell", "size": "13.02990841", "price": "0.73900000", "time": "2025-07-13T16:37:39.823920Z", "fetched_at": "2025-07-13T16:39:32.622316+00:00", "symbol": "ADA-USD"}, {"trade_id": 143381616, "side": "sell", "size": "1.50000000", "price": "0.73900000", "time": "2025-07-13T16:37:39.823920Z", "fetched_at": "2025-07-13T16:39:32.622316+00:00", "symbol": "ADA-USD"}, {"trade_id": 143381615, "side": "sell", "size": "13.02744509", "price": "0.73890000", "time": "2025-07-13T16:37:39.005778Z", "fetched_at": "2025-07-13T16:39:32.622316+00:00", "symbol": "ADA-USD"}, {"trade_id": 143381614, "side": "buy", "size": "6.94542131", "price": "0.73880000", "time": "2025-07-13T16:37:37.455786Z", "fetched_at": "2025-07-13T16:39:32.622316+00:00", "symbol": "ADA-USD"}, {"trade_id": 143381613, "side": "buy", "size": "6.94542131", "price": "0.73880000", "time": "2025-07-13T16:37:37.441838Z", "fetched_at": "2025-07-13T16:39:32.622316+00:00", "symbol": "ADA-USD"}, {"trade_id": 143381612, "side": "buy", "size": "6.94542131", "price": "0.73880000", "time": "2025-07-13T16:37:37.431395Z", "fetched_at": "2025-07-13T16:39:32.622316+00:00", "symbol": "ADA-USD"}, {"trade_id": 143381611, "side": "buy", "size": "7.36175942", "price": "0.73880000", "time": "2025-07-13T16:37:37.420654Z", "fetched_at": "2025-07-13T16:39:32.622316+00:00", "symbol": "ADA-USD"}, {"trade_id": 143381610, "side": "buy", "size": "1638.40477149", "price": "0.73880000", "time": "2025-07-13T16:37:36.728143Z", "fetched_at": "2025-07-13T16:39:32.622316+00:00", "symbol": "ADA-USD"}, {"trade_id": 143381609, "side": "buy", "size": "756.83335451", "price": "0.73880000", "time": "2025-07-13T16:37:36.728143Z", "fetched_at": "2025-07-13T16:39:32.622316+00:00", "symbol": "ADA-USD"}, {"trade_id": 143381608, "side": "buy", "size": "310.50000000", "price": "0.73880000", "time": "2025-07-13T16:37:36.728143Z", "fetched_at": "2025-07-13T16:39:32.622316+00:00", "symbol": "ADA-USD"}, {"trade_id": 143381607, "side": "sell", "size": "2.98030168", "price": "0.73890000", "time": "2025-07-13T16:37:35.043930Z", "fetched_at": "2025-07-13T16:39:32.622316+00:00", "symbol": "ADA-USD"}, {"trade_id": 143381606, "side": "sell", "size": "1.72815421", "price": "0.73890000", "time": "2025-07-13T16:37:32.763588Z", "fetched_at": "2025-07-13T16:39:32.622316+00:00", "symbol": "ADA-USD"}, {"trade_id": 143381605, "side": "sell", "size": "4.96810479", "price": "0.73890000", "time": "2025-07-13T16:37:32.763588Z", "fetched_at": "2025-07-13T16:39:32.622316+00:00", "symbol": "ADA-USD"}, {"trade_id": 143381604, "side": "buy", "size": "115.08920000", "price": "0.73890000", "time": "2025-07-13T16:37:31.527867Z", "fetched_at": "2025-07-13T16:39:32.622316+00:00", "symbol": "ADA-USD"}, {"trade_id": 143381603, "side": "sell", "size": "249.79313829", "price": "0.73900000", "time": "2025-07-13T16:37:31.462084Z", "fetched_at": "2025-07-13T16:39:32.622316+00:00", "symbol": "ADA-USD"}, {"trade_id": 143381602, "side": "sell", "size": "13.02929571", "price": "0.73890000", "time": "2025-07-13T16:37:31.462084Z", "fetched_at": "2025-07-13T16:39:32.622316+00:00", "symbol": "ADA-USD"}, {"trade_id": 143381601, "side": "sell", "size": "500.00000000", "price": "0.73880000", "time": "2025-07-13T16:37:31.298527Z", "fetched_at": "2025-07-13T16:39:32.622316+00:00", "symbol": "ADA-USD"}, {"trade_id": 143381600, "side": "sell", "size": "13.02920304", "price": "0.73880000", "time": "2025-07-13T16:37:31.298527Z", "fetched_at": "2025-07-13T16:39:32.622316+00:00", "symbol": "ADA-USD"}, {"trade_id": 143381599, "side": "buy", "size": "1.50000000", "price": "0.73870000", "time": "2025-07-13T16:37:30.118517Z", "fetched_at": "2025-07-13T16:39:32.622316+00:00", "symbol": "ADA-USD"}, {"trade_id": 143381598, "side": "buy", "size": "89.76172274", "price": "0.73880000", "time": "2025-07-13T16:37:28.558181Z", "fetched_at": "2025-07-13T16:39:32.622316+00:00", "symbol": "ADA-USD"}, {"trade_id": 143381597, "side": "buy", "size": "39.29588289", "price": "0.73890000", "time": "2025-07-13T16:37:27.345359Z", "fetched_at": "2025-07-13T16:39:32.622316+00:00", "symbol": "ADA-USD"}, {"trade_id": 143381596, "side": "buy", "size": "736.94104966", "price": "0.73890000", "time": "2025-07-13T16:37:27.331902Z", "fetched_at": "2025-07-13T16:39:32.622316+00:00", "symbol": "ADA-USD"}, {"trade_id": 143381595, "side": "buy", "size": "115.08920000", "price": "0.73890000", "time": "2025-07-13T16:37:27.074934Z", "fetched_at": "2025-07-13T16:39:32.622316+00:00", "symbol": "ADA-USD"}, {"trade_id": 143381594, "side": "buy", "size": "1.50000000", "price": "0.73880000", "time": "2025-07-13T16:37:26.442731Z", "fetched_at": "2025-07-13T16:39:32.622316+00:00", "symbol": "ADA-USD"}, {"trade_id": 143381593, "side": "buy", "size": "1.50000000", "price": "0.73890000", "time": "2025-07-13T16:37:26.256574Z", "fetched_at": "2025-07-13T16:39:32.622316+00:00", "symbol": "ADA-USD"}, {"trade_id": 143381592, "side": "buy", "size": "50.00000000", "price": "0.73900000", "time": "2025-07-13T16:37:25.553836Z", "fetched_at": "2025-07-13T16:39:32.622316+00:00", "symbol": "ADA-USD"}, {"trade_id": 143381591, "side": "buy", "size": "115.08920000", "price": "0.73900000", "time": "2025-07-13T16:37:25.543869Z", "fetched_at": "2025-07-13T16:39:32.622316+00:00", "symbol": "ADA-USD"}, {"trade_id": 143381590, "side": "buy", "size": "657.51794257", "price": "0.73900000", "time": "2025-07-13T16:37:24.080168Z", "fetched_at": "2025-07-13T16:39:32.622316+00:00", "symbol": "ADA-USD"}, {"trade_id": 143381589, "side": "buy", "size": "63.73641993", "price": "0.73900000", "time": "2025-07-13T16:37:23.703071Z", "fetched_at": "2025-07-13T16:39:32.622316+00:00", "symbol": "ADA-USD"}, {"trade_id": 143381588, "side": "buy", "size": "1766.85641665", "price": "0.73900000", "time": "2025-07-13T16:37:23.669610Z", "fetched_at": "2025-07-13T16:39:32.622316+00:00", "symbol": "ADA-USD"}, {"trade_id": 143381587, "side": "buy", "size": "8.05669347", "price": "0.73900000", "time": "2025-07-13T16:37:23.556758Z", "fetched_at": "2025-07-13T16:39:32.622316+00:00", "symbol": "ADA-USD"}, {"trade_id": 143381586, "side": "buy", "size": "8.05669347", "price": "0.73900000", "time": "2025-07-13T16:37:23.544685Z", "fetched_at": "2025-07-13T16:39:32.622316+00:00", "symbol": "ADA-USD"}, {"trade_id": 143381585, "side": "buy", "size": "73.99015628", "price": "0.73900000", "time": "2025-07-13T16:37:23.535367Z", "fetched_at": "2025-07-13T16:39:32.622316+00:00", "symbol": "ADA-USD"}, {"trade_id": 143381584, "side": "buy", "size": "756.83335451", "price": "0.73900000", "time": "2025-07-13T16:37:23.535367Z", "fetched_at": "2025-07-13T16:39:32.622316+00:00", "symbol": "ADA-USD"}, {"trade_id": 143381583, "side": "buy", "size": "1.50000000", "price": "0.73900000", "time": "2025-07-13T16:37:23.535367Z", "fetched_at": "2025-07-13T16:39:32.622316+00:00", "symbol": "ADA-USD"}, {"trade_id": 143381582, "side": "buy", "size": "8.05572241", "price": "0.73920000", "time": "2025-07-13T16:37:23.401705Z", "fetched_at": "2025-07-13T16:39:32.622316+00:00", "symbol": "ADA-USD"}, {"trade_id": 143381581, "side": "buy", "size": "7.27694224", "price": "0.73920000", "time": "2025-07-13T16:37:22.781244Z", "fetched_at": "2025-07-13T16:39:32.622316+00:00", "symbol": "ADA-USD"}, {"trade_id": 143381580, "side": "buy", "size": "8.03642348", "price": "0.73930000", "time": "2025-07-13T16:37:22.708043Z", "fetched_at": "2025-07-13T16:39:32.622316+00:00", "symbol": "ADA-USD"}, {"trade_id": 143381579, "side": "buy", "size": "117.15161000", "price": "0.73930000", "time": "2025-07-13T16:37:15.519663Z", "fetched_at": "2025-07-13T16:39:32.622316+00:00", "symbol": "ADA-USD"}, {"trade_id": 143381578, "side": "sell", "size": "3.58978426", "price": "0.73930000", "time": "2025-07-13T16:37:15.362708Z", "fetched_at": "2025-07-13T16:39:32.622316+00:00", "symbol": "ADA-USD"}, {"trade_id": 143381577, "side": "buy", "size": "179.27848000", "price": "0.73930000", "time": "2025-07-13T16:37:14.480473Z", "fetched_at": "2025-07-13T16:39:32.622316+00:00", "symbol": "ADA-USD"}, {"trade_id": 143381576, "side": "sell", "size": "5.49984008", "price": "0.73920000", "time": "2025-07-13T16:37:14.473161Z", "fetched_at": "2025-07-13T16:39:32.622316+00:00", "symbol": "ADA-USD"}, {"trade_id": 143381575, "side": "buy", "size": "805.57784884", "price": "0.73920000", "time": "2025-07-13T16:37:14.070583Z", "fetched_at": "2025-07-13T16:39:32.622316+00:00", "symbol": "ADA-USD"}, {"trade_id": 143381574, "side": "buy", "size": "682.71200175", "price": "0.73920000", "time": "2025-07-13T16:37:13.779465Z", "fetched_at": "2025-07-13T16:39:32.622316+00:00", "symbol": "ADA-USD"}, {"trade_id": 143381573, "side": "buy", "size": "756.83335451", "price": "0.73920000", "time": "2025-07-13T16:37:13.779465Z", "fetched_at": "2025-07-13T16:39:32.622316+00:00", "symbol": "ADA-USD"}, {"trade_id": 143381572, "side": "buy", "size": "7.02868350", "price": "0.73920000", "time": "2025-07-13T16:37:13.779465Z", "fetched_at": "2025-07-13T16:39:32.622316+00:00", "symbol": "ADA-USD"}, {"trade_id": 143381571, "side": "buy", "size": "13.02034517", "price": "0.73930000", "time": "2025-07-13T16:37:13.779465Z", "fetched_at": "2025-07-13T16:39:32.622316+00:00", "symbol": "ADA-USD"}, {"trade_id": 143381570, "side": "sell", "size": "1.50000000", "price": "0.73930000", "time": "2025-07-13T16:37:12.555327Z", "fetched_at": "2025-07-13T16:39:32.622316+00:00", "symbol": "ADA-USD"}, {"trade_id": 143381569, "side": "sell", "size": "1.40170163", "price": "0.73920000", "time": "2025-07-13T16:37:09.178238Z", "fetched_at": "2025-07-13T16:39:32.622316+00:00", "symbol": "ADA-USD"}, {"trade_id": 143381568, "side": "buy", "size": "89.50428591", "price": "0.73900000", "time": "2025-07-13T16:37:07.440731Z", "fetched_at": "2025-07-13T16:39:32.622316+00:00", "symbol": "ADA-USD"}, {"trade_id": 143381567, "side": "buy", "size": "748.13340447", "price": "0.73910000", "time": "2025-07-13T16:37:07.440731Z", "fetched_at": "2025-07-13T16:39:32.622316+00:00", "symbol": "ADA-USD"}, {"trade_id": 143381566, "side": "buy", "size": "2.34289451", "price": "0.73910000", "time": "2025-07-13T16:37:07.440731Z", "fetched_at": "2025-07-13T16:39:32.622316+00:00", "symbol": "ADA-USD"}, {"trade_id": 143381565, "side": "buy", "size": "196.41511370", "price": "0.73910000", "time": "2025-07-13T16:37:07.440731Z", "fetched_at": "2025-07-13T16:39:32.622316+00:00", "symbol": "ADA-USD"}, {"trade_id": 143381564, "side": "buy", "size": "721.39276541", "price": "0.73910000", "time": "2025-07-13T16:37:07.440731Z", "fetched_at": "2025-07-13T16:39:32.622316+00:00", "symbol": "ADA-USD"}, {"trade_id": 143381563, "side": "buy", "size": "7.02868350", "price": "0.73910000", "time": "2025-07-13T16:37:07.440731Z", "fetched_at": "2025-07-13T16:39:32.622316+00:00", "symbol": "ADA-USD"}, {"trade_id": 143381562, "side": "sell", "size": "499.99999592", "price": "0.73920000", "time": "2025-07-13T16:37:07.217849Z", "fetched_at": "2025-07-13T16:39:32.622316+00:00", "symbol": "ADA-USD"}, {"trade_id": 143381561, "side": "sell", "size": "205.31675408", "price": "0.73920000", "time": "2025-07-13T16:37:07.217849Z", "fetched_at": "2025-07-13T16:39:32.622316+00:00", "symbol": "ADA-USD"}, {"trade_id": 143381560, "side": "sell", "size": "0.16971800", "price": "0.73930000", "time": "2025-07-13T16:37:05.353137Z", "fetched_at": "2025-07-13T16:39:32.622316+00:00", "symbol": "ADA-USD"}, {"trade_id": 143381559, "side": "sell", "size": "268.26153697", "price": "0.73950000", "time": "2025-07-13T16:37:03.467411Z", "fetched_at": "2025-07-13T16:39:32.622316+00:00", "symbol": "ADA-USD"}, {"trade_id": 143381558, "side": "sell", "size": "23.04068303", "price": "0.73950000", "time": "2025-07-13T16:37:03.467411Z", "fetched_at": "2025-07-13T16:39:32.622316+00:00", "symbol": "ADA-USD"}, {"trade_id": 143381557, "side": "sell", "size": "310.50000000", "price": "0.73950000", "time": "2025-07-13T16:37:03.467411Z", "fetched_at": "2025-07-13T16:39:32.622316+00:00", "symbol": "ADA-USD"}, {"trade_id": 143381556, "side": "sell", "size": "1.50000000", "price": "0.73950000", "time": "2025-07-13T16:37:03.467411Z", "fetched_at": "2025-07-13T16:39:32.622316+00:00", "symbol": "ADA-USD"}, {"trade_id": 143381555, "side": "buy", "size": "628.79471965", "price": "0.73920000", "time": "2025-07-13T16:37:02.831439Z", "fetched_at": "2025-07-13T16:39:32.622316+00:00", "symbol": "ADA-USD"}, {"trade_id": 143381554, "side": "buy", "size": "175.72742000", "price": "0.73940000", "time": "2025-07-13T16:37:01.892886Z", "fetched_at": "2025-07-13T16:39:32.622316+00:00", "symbol": "ADA-USD"}, {"trade_id": 143381553, "side": "buy", "size": "500.70281600", "price": "0.73930000", "time": "2025-07-13T16:37:01.877322Z", "fetched_at": "2025-07-13T16:39:32.622316+00:00", "symbol": "ADA-USD"}, {"trade_id": 143381552, "side": "buy", "size": "500.00000000", "price": "0.73930000", "time": "2025-07-13T16:37:01.877322Z", "fetched_at": "2025-07-13T16:39:32.622316+00:00", "symbol": "ADA-USD"}, {"trade_id": 143381551, "side": "sell", "size": "1.50000000", "price": "0.73940000", "time": "2025-07-13T16:37:01.420230Z", "fetched_at": "2025-07-13T16:39:32.622316+00:00", "symbol": "ADA-USD"}, {"trade_id": 143381550, "side": "sell", "size": "1.50000000", "price": "0.73930000", "time": "2025-07-13T16:37:01.384814Z", "fetched_at": "2025-07-13T16:39:32.622316+00:00", "symbol": "ADA-USD"}, {"trade_id": 143381549, "side": "sell", "size": "1.50000000", "price": "0.73920000", "time": "2025-07-13T16:37:01.345267Z", "fetched_at": "2025-07-13T16:39:32.622316+00:00", "symbol": "ADA-USD"}, {"trade_id": 143381548, "side": "sell", "size": "1.50000000", "price": "0.73910000", "time": "2025-07-13T16:37:01.267950Z", "fetched_at": "2025-07-13T16:39:32.622316+00:00", "symbol": "ADA-USD"}, {"trade_id": 143381547, "side": "buy", "size": "117.15161000", "price": "0.73900000", "time": "2025-07-13T16:37:00.533653Z", "fetched_at": "2025-07-13T16:39:32.622316+00:00", "symbol": "ADA-USD"}, {"trade_id": 143381546, "side": "sell", "size": "50.00000000", "price": "0.73900000", "time": "2025-07-13T16:36:58.478594Z", "fetched_at": "2025-07-13T16:39:32.622316+00:00", "symbol": "ADA-USD"}, {"trade_id": 143381545, "side": "sell", "size": "2.00223002", "price": "0.73890000", "time": "2025-07-13T16:36:58.478594Z", "fetched_at": "2025-07-13T16:39:32.622316+00:00", "symbol": "ADA-USD"}, {"trade_id": 143381544, "side": "buy", "size": "179.27848000", "price": "0.73900000", "time": "2025-07-13T16:36:58.174789Z", "fetched_at": "2025-07-13T16:39:32.622316+00:00", "symbol": "ADA-USD"}, {"trade_id": 143381543, "side": "buy", "size": "172.63380000", "price": "0.73900000", "time": "2025-07-13T16:36:58.174789Z", "fetched_at": "2025-07-13T16:39:32.622316+00:00", "symbol": "ADA-USD"}, {"trade_id": 143381542, "side": "sell", "size": "500.00000000", "price": "0.73900000", "time": "2025-07-13T16:36:58.166657Z", "fetched_at": "2025-07-13T16:39:32.622316+00:00", "symbol": "ADA-USD"}, {"trade_id": 143381541, "side": "sell", "size": "676.62021803", "price": "0.73900000", "time": "2025-07-13T16:36:58.166657Z", "fetched_at": "2025-07-13T16:39:32.622316+00:00", "symbol": "ADA-USD"}, {"trade_id": 143381540, "side": "sell", "size": "91.60000000", "price": "0.73900000", "time": "2025-07-13T16:36:58.166657Z", "fetched_at": "2025-07-13T16:39:32.622316+00:00", "symbol": "ADA-USD"}, {"trade_id": 143381539, "side": "sell", "size": "1.50000000", "price": "0.73900000", "time": "2025-07-13T16:36:58.166657Z", "fetched_at": "2025-07-13T16:39:32.622316+00:00", "symbol": "ADA-USD"}, {"trade_id": 143381538, "side": "sell", "size": "2.93837916", "price": "0.73890000", "time": "2025-07-13T16:36:58.166429Z", "fetched_at": "2025-07-13T16:39:32.622316+00:00", "symbol": "ADA-USD"}, {"trade_id": 143381537, "side": "sell", "size": "51.00306000", "price": "0.73890000", "time": "2025-07-13T16:36:58.166429Z", "fetched_at": "2025-07-13T16:39:32.622316+00:00", "symbol": "ADA-USD"}, {"trade_id": 143381536, "side": "sell", "size": "310.50000000", "price": "0.73890000", "time": "2025-07-13T16:36:58.166429Z", "fetched_at": "2025-07-13T16:39:32.622316+00:00", "symbol": "ADA-USD"}, {"trade_id": 143381535, "side": "sell", "size": "1.50000000", "price": "0.73890000", "time": "2025-07-13T16:36:58.166429Z", "fetched_at": "2025-07-13T16:39:32.622316+00:00", "symbol": "ADA-USD"}, {"trade_id": 143381534, "side": "sell", "size": "4.31542740", "price": "0.73880000", "time": "2025-07-13T16:36:57.595919Z", "fetched_at": "2025-07-13T16:39:32.622316+00:00", "symbol": "ADA-USD"}, {"trade_id": 143381533, "side": "sell", "size": "1.50000000", "price": "0.73880000", "time": "2025-07-13T16:36:57.595919Z", "fetched_at": "2025-07-13T16:39:32.622316+00:00", "symbol": "ADA-USD"}, {"trade_id": 143381532, "side": "sell", "size": "1.50000000", "price": "0.73870000", "time": "2025-07-13T16:36:57.112108Z", "fetched_at": "2025-07-13T16:39:32.622316+00:00", "symbol": "ADA-USD"}, {"trade_id": 143381531, "side": "sell", "size": "6.33045094", "price": "0.73860000", "time": "2025-07-13T16:36:57.063219Z", "fetched_at": "2025-07-13T16:39:32.622316+00:00", "symbol": "ADA-USD"}, {"trade_id": 143381530, "side": "sell", "size": "6.37022500", "price": "0.73860000", "time": "2025-07-13T16:36:56.628677Z", "fetched_at": "2025-07-13T16:39:32.622316+00:00", "symbol": "ADA-USD"}, {"trade_id": 143381529, "side": "buy", "size": "1779.89614520", "price": "0.73850000", "time": "2025-07-13T16:36:55.959999Z", "fetched_at": "2025-07-13T16:39:32.622316+00:00", "symbol": "ADA-USD"}, {"trade_id": 143381528, "side": "buy", "size": "756.83335451", "price": "0.73850000", "time": "2025-07-13T16:36:55.959999Z", "fetched_at": "2025-07-13T16:39:32.622316+00:00", "symbol": "ADA-USD"}, {"trade_id": 143381527, "side": "buy", "size": "500.00000000", "price": "0.73850000", "time": "2025-07-13T16:36:55.959999Z", "fetched_at": "2025-07-13T16:39:32.622316+00:00", "symbol": "ADA-USD"}, {"trade_id": 143381526, "side": "buy", "size": "117.15161000", "price": "0.73850000", "time": "2025-07-13T16:36:55.959999Z", "fetched_at": "2025-07-13T16:39:32.622316+00:00", "symbol": "ADA-USD"}, {"trade_id": 143381525, "side": "buy", "size": "7.84597229", "price": "0.73860000", "time": "2025-07-13T16:36:55.959999Z", "fetched_at": "2025-07-13T16:39:32.622316+00:00", "symbol": "ADA-USD"}, {"trade_id": 143381524, "side": "buy", "size": "13.03268506", "price": "0.73860000", "time": "2025-07-13T16:36:54.777431Z", "fetched_at": "2025-07-13T16:39:32.622316+00:00", "symbol": "ADA-USD"}, {"trade_id": 143381523, "side": "buy", "size": "10.46129638", "price": "0.73860000", "time": "2025-07-13T16:36:54.777431Z", "fetched_at": "2025-07-13T16:39:32.622316+00:00", "symbol": "ADA-USD"}, {"trade_id": 143381522, "side": "sell", "size": "5.59302552", "price": "0.73860000", "time": "2025-07-13T16:36:54.309586Z", "fetched_at": "2025-07-13T16:39:32.622316+00:00", "symbol": "ADA-USD"}, {"trade_id": 143381521, "side": "sell", "size": "1.50000000", "price": "0.73860000", "time": "2025-07-13T16:36:54.309586Z", "fetched_at": "2025-07-13T16:39:32.622316+00:00", "symbol": "ADA-USD"}, {"trade_id": 143381520, "side": "sell", "size": "13.03538102", "price": "0.73840000", "time": "2025-07-13T16:36:53.209881Z", "fetched_at": "2025-07-13T16:39:32.622316+00:00", "symbol": "ADA-USD"}, {"trade_id": 143381519, "side": "buy", "size": "50.00000000", "price": "0.73840000", "time": "2025-07-13T16:36:51.773341Z", "fetched_at": "2025-07-13T16:39:32.622316+00:00", "symbol": "ADA-USD"}, {"trade_id": 143381518, "side": "buy", "size": "3.25027086", "price": "0.73840000", "time": "2025-07-13T16:36:51.773341Z", "fetched_at": "2025-07-13T16:39:32.622316+00:00", "symbol": "ADA-USD"}, {"trade_id": 143381517, "side": "buy", "size": "13.03621504", "price": "0.73840000", "time": "2025-07-13T16:36:51.773341Z", "fetched_at": "2025-07-13T16:39:32.622316+00:00", "symbol": "ADA-USD"}, {"trade_id": 143381516, "side": "buy", "size": "13.03444981", "price": "0.73850000", "time": "2025-07-13T16:36:49.875133Z", "fetched_at": "2025-07-13T16:39:32.622316+00:00", "symbol": "ADA-USD"}, {"trade_id": 143381515, "side": "buy", "size": "499.35915900", "price": "0.73850000", "time": "2025-07-13T16:36:49.418772Z", "fetched_at": "2025-07-13T16:39:32.622316+00:00", "symbol": "ADA-USD"}, {"trade_id": 143381514, "side": "buy", "size": "51.00306000", "price": "0.73850000", "time": "2025-07-13T16:36:49.418772Z", "fetched_at": "2025-07-13T16:39:32.622316+00:00", "symbol": "ADA-USD"}, {"trade_id": 143381513, "side": "sell", "size": "1.50000000", "price": "0.73850000", "time": "2025-07-13T16:36:49.195974Z", "fetched_at": "2025-07-13T16:39:32.622316+00:00", "symbol": "ADA-USD"}, {"trade_id": 143381512, "side": "sell", "size": "2.77865127", "price": "0.73840000", "time": "2025-07-13T16:36:48.791552Z", "fetched_at": "2025-07-13T16:39:32.622316+00:00", "symbol": "ADA-USD"}, {"trade_id": 143381511, "side": "sell", "size": "1.50000000", "price": "0.73840000", "time": "2025-07-13T16:36:48.791552Z", "fetched_at": "2025-07-13T16:39:32.622316+00:00", "symbol": "ADA-USD"}, {"trade_id": 143381510, "side": "sell", "size": "4.24739260", "price": "0.73830000", "time": "2025-07-13T16:36:47.868956Z", "fetched_at": "2025-07-13T16:39:32.622316+00:00", "symbol": "ADA-USD"}, {"trade_id": 143381509, "side": "buy", "size": "50.00000000", "price": "0.73830000", "time": "2025-07-13T16:36:46.710174Z", "fetched_at": "2025-07-13T16:39:32.622316+00:00", "symbol": "ADA-USD"}, {"trade_id": 143381508, "side": "sell", "size": "0.00000878", "price": "0.73820000", "time": "2025-07-13T16:36:46.659447Z", "fetched_at": "2025-07-13T16:39:32.622316+00:00", "symbol": "ADA-USD"}, {"trade_id": 143381507, "side": "sell", "size": "6.24120412", "price": "0.73820000", "time": "2025-07-13T16:36:46.659089Z", "fetched_at": "2025-07-13T16:39:32.622316+00:00", "symbol": "ADA-USD"}, {"trade_id": 143381506, "side": "sell", "size": "145.02601588", "price": "0.73820000", "time": "2025-07-13T16:36:46.659089Z", "fetched_at": "2025-07-13T16:39:32.622316+00:00", "symbol": "ADA-USD"}, {"trade_id": 143381505, "side": "sell", "size": "103.43602253", "price": "0.73810000", "time": "2025-07-13T16:36:42.552024Z", "fetched_at": "2025-07-13T16:39:32.622316+00:00", "symbol": "ADA-USD"}, {"trade_id": 143381504, "side": "sell", "size": "50.00000000", "price": "0.73810000", "time": "2025-07-13T16:36:42.552024Z", "fetched_at": "2025-07-13T16:39:32.622316+00:00", "symbol": "ADA-USD"}, {"trade_id": 143381503, "side": "sell", "size": "500.00000000", "price": "0.73810000", "time": "2025-07-13T16:36:42.552024Z", "fetched_at": "2025-07-13T16:39:32.622316+00:00", "symbol": "ADA-USD"}, {"trade_id": 143381502, "side": "sell", "size": "103.27768969", "price": "0.73810000", "time": "2025-07-13T16:36:42.552024Z", "fetched_at": "2025-07-13T16:39:32.622316+00:00", "symbol": "ADA-USD"}, {"trade_id": 143381501, "side": "sell", "size": "47.48628778", "price": "0.73800000", "time": "2025-07-13T16:36:42.552024Z", "fetched_at": "2025-07-13T16:39:32.622316+00:00", "symbol": "ADA-USD"}, {"trade_id": 143381500, "side": "sell", "size": "13.04422249", "price": "0.73800000", "time": "2025-07-13T16:36:41.830377Z", "fetched_at": "2025-07-13T16:39:32.622316+00:00", "symbol": "ADA-USD"}, {"trade_id": 143381499, "side": "sell", "size": "553.33171200", "price": "0.73800000", "time": "2025-07-13T16:36:40.940066Z", "fetched_at": "2025-07-13T16:39:32.622316+00:00", "symbol": "ADA-USD"}, {"trade_id": 143381498, "side": "buy", "size": "13.04328074", "price": "0.73800000", "time": "2025-07-13T16:36:40.576936Z", "fetched_at": "2025-07-13T16:39:32.622316+00:00", "symbol": "ADA-USD"}, {"trade_id": 143381497, "side": "sell", "size": "13.04069903", "price": "0.73810000", "time": "2025-07-13T16:36:40.033633Z", "fetched_at": "2025-07-13T16:39:32.622316+00:00", "symbol": "ADA-USD"}, {"trade_id": 143381496, "side": "sell", "size": "804.20000000", "price": "0.73810000", "time": "2025-07-13T16:36:40.029685Z", "fetched_at": "2025-07-13T16:39:32.622316+00:00", "symbol": "ADA-USD"}, {"trade_id": 143381495, "side": "buy", "size": "52.26380977", "price": "0.73800000", "time": "2025-07-13T16:36:39.948308Z", "fetched_at": "2025-07-13T16:39:32.622316+00:00", "symbol": "ADA-USD"}, {"trade_id": 143381494, "side": "buy", "size": "18.59786023", "price": "0.73800000", "time": "2025-07-13T16:36:39.948308Z", "fetched_at": "2025-07-13T16:39:32.622316+00:00", "symbol": "ADA-USD"}, {"trade_id": 143381493, "side": "sell", "size": "13.04075761", "price": "0.73800000", "time": "2025-07-13T16:36:39.936262Z", "fetched_at": "2025-07-13T16:39:32.622316+00:00", "symbol": "ADA-USD"}, {"trade_id": 143381492, "side": "buy", "size": "131.36767750", "price": "0.73790000", "time": "2025-07-13T16:36:39.680347Z", "fetched_at": "2025-07-13T16:39:32.622316+00:00", "symbol": "ADA-USD"}, {"trade_id": 143381491, "side": "buy", "size": "1.50000000", "price": "0.73790000", "time": "2025-07-13T16:36:39.680347Z", "fetched_at": "2025-07-13T16:39:32.622316+00:00", "symbol": "ADA-USD"}, {"trade_id": 143381490, "side": "buy", "size": "0.04154735", "price": "0.73790000", "time": "2025-07-13T16:36:39.680347Z", "fetched_at": "2025-07-13T16:39:32.622316+00:00", "symbol": "ADA-USD"}, {"trade_id": 143381489, "side": "buy", "size": "0.01991799", "price": "0.73790000", "time": "2025-07-13T16:36:39.680347Z", "fetched_at": "2025-07-13T16:39:32.622316+00:00", "symbol": "ADA-USD"}, {"trade_id": 143381488, "side": "buy", "size": "0.03722116", "price": "0.73790000", "time": "2025-07-13T16:36:39.680347Z", "fetched_at": "2025-07-13T16:39:32.622316+00:00", "symbol": "ADA-USD"}, {"trade_id": 143381487, "side": "buy", "size": "5.44163357", "price": "0.73800000", "time": "2025-07-13T16:36:39.443623Z", "fetched_at": "2025-07-13T16:39:32.622316+00:00", "symbol": "ADA-USD"}, {"trade_id": 143381486, "side": "buy", "size": "5.44163357", "price": "0.73800000", "time": "2025-07-13T16:36:39.432509Z", "fetched_at": "2025-07-13T16:39:32.622316+00:00", "symbol": "ADA-USD"}, {"trade_id": 143381485, "side": "buy", "size": "5.44163357", "price": "0.73800000", "time": "2025-07-13T16:36:39.421894Z", "fetched_at": "2025-07-13T16:39:32.622316+00:00", "symbol": "ADA-USD"}, {"trade_id": 143381484, "side": "buy", "size": "5.44018493", "price": "0.73810000", "time": "2025-07-13T16:36:39.338177Z", "fetched_at": "2025-07-13T16:39:32.622316+00:00", "symbol": "ADA-USD"}, {"trade_id": 143381483, "side": "sell", "size": "48.29337167", "price": "0.73800000", "time": "2025-07-13T16:36:38.109626Z", "fetched_at": "2025-07-13T16:39:32.622316+00:00", "symbol": "ADA-USD"}, {"trade_id": 143381482, "side": "sell", "size": "78.83701094", "price": "0.73800000", "time": "2025-07-13T16:36:38.109626Z", "fetched_at": "2025-07-13T16:39:32.622316+00:00", "symbol": "ADA-USD"}, {"trade_id": 143381481, "side": "buy", "size": "50.00000000", "price": "0.73800000", "time": "2025-07-13T16:36:38.092453Z", "fetched_at": "2025-07-13T16:39:32.622316+00:00", "symbol": "ADA-USD"}, {"trade_id": 143381480, "side": "buy", "size": "2.16136568", "price": "0.73800000", "time": "2025-07-13T16:36:38.092453Z", "fetched_at": "2025-07-13T16:39:32.622316+00:00", "symbol": "ADA-USD"}, {"trade_id": 143381479, "side": "buy", "size": "10.88191506", "price": "0.73800000", "time": "2025-07-13T16:36:38.092367Z", "fetched_at": "2025-07-13T16:39:32.622316+00:00", "symbol": "ADA-USD"}, {"trade_id": 143381478, "side": "buy", "size": "1.50000000", "price": "0.73800000", "time": "2025-07-13T16:36:38.092367Z", "fetched_at": "2025-07-13T16:39:32.622316+00:00", "symbol": "ADA-USD"}, {"trade_id": 143381477, "side": "buy", "size": "58.47975494", "price": "0.73800000", "time": "2025-07-13T16:36:38.092367Z", "fetched_at": "2025-07-13T16:39:32.622316+00:00", "symbol": "ADA-USD"}, {"trade_id": 143381476, "side": "buy", "size": "70.86167000", "price": "0.73800000", "time": "2025-07-13T16:36:38.092213Z", "fetched_at": "2025-07-13T16:39:32.622316+00:00", "symbol": "ADA-USD"}, {"trade_id": 143381475, "side": "buy", "size": "70.65857506", "price": "0.73800000", "time": "2025-07-13T16:36:38.091946Z", "fetched_at": "2025-07-13T16:39:32.622316+00:00", "symbol": "ADA-USD"}, {"trade_id": 143381474, "side": "buy", "size": "0.01681772", "price": "0.73800000", "time": "2025-07-13T16:36:38.091946Z", "fetched_at": "2025-07-13T16:39:32.622316+00:00", "symbol": "ADA-USD"}, {"trade_id": 143381473, "side": "buy", "size": "0.04658129", "price": "0.73800000", "time": "2025-07-13T16:36:38.091946Z", "fetched_at": "2025-07-13T16:39:32.622316+00:00", "symbol": "ADA-USD"}, {"trade_id": 143381472, "side": "buy", "size": "0.01030282", "price": "0.73800000", "time": "2025-07-13T16:36:38.091946Z", "fetched_at": "2025-07-13T16:39:32.622316+00:00", "symbol": "ADA-USD"}, {"trade_id": 143381471, "side": "buy", "size": "0.09420164", "price": "0.73800000", "time": "2025-07-13T16:36:38.091946Z", "fetched_at": "2025-07-13T16:39:32.622316+00:00", "symbol": "ADA-USD"}, {"trade_id": 143381470, "side": "buy", "size": "0.03519147", "price": "0.73800000", "time": "2025-07-13T16:36:38.091946Z", "fetched_at": "2025-07-13T16:39:32.622316+00:00", "symbol": "ADA-USD"}, {"trade_id": 143381469, "side": "buy", "size": "366.57859456", "price": "0.73820000", "time": "2025-07-13T16:36:37.600181Z", "fetched_at": "2025-07-13T16:39:32.622316+00:00", "symbol": "ADA-USD"}, {"trade_id": 143381468, "side": "sell", "size": "50.00000000", "price": "0.73820000", "time": "2025-07-13T16:36:37.595459Z", "fetched_at": "2025-07-13T16:39:32.622316+00:00", "symbol": "ADA-USD"}, {"trade_id": 143381467, "side": "sell", "size": "51.00306000", "price": "0.73820000", "time": "2025-07-13T16:36:37.595459Z", "fetched_at": "2025-07-13T16:39:32.622316+00:00", "symbol": "ADA-USD"}, {"trade_id": 143381466, "side": "sell", "size": "310.50000000", "price": "0.73820000", "time": "2025-07-13T16:36:37.595459Z", "fetched_at": "2025-07-13T16:39:32.622316+00:00", "symbol": "ADA-USD"}, {"trade_id": 143381465, "side": "sell", "size": "18.17770012", "price": "0.73820000", "time": "2025-07-13T16:36:37.595459Z", "fetched_at": "2025-07-13T16:39:32.622316+00:00", "symbol": "ADA-USD"}, {"trade_id": 143381464, "side": "sell", "size": "13.04064532", "price": "0.73820000", "time": "2025-07-13T16:36:37.595459Z", "fetched_at": "2025-07-13T16:39:32.622316+00:00", "symbol": "ADA-USD"}, {"trade_id": 143381463, "side": "buy", "size": "2.85507286", "price": "0.73810000", "time": "2025-07-13T16:36:35.109145Z", "fetched_at": "2025-07-13T16:39:32.622316+00:00", "symbol": "ADA-USD"}, {"trade_id": 143381462, "side": "buy", "size": "1.50000000", "price": "0.73810000", "time": "2025-07-13T16:36:35.099330Z", "fetched_at": "2025-07-13T16:39:32.622316+00:00", "symbol": "ADA-USD"}, {"trade_id": 143381461, "side": "buy", "size": "0.01756335", "price": "0.73810000", "time": "2025-07-13T16:36:35.099330Z", "fetched_at": "2025-07-13T16:39:32.622316+00:00", "symbol": "ADA-USD"}, {"trade_id": 143381460, "side": "buy", "size": "0.09409538", "price": "0.73810000", "time": "2025-07-13T16:36:35.099330Z", "fetched_at": "2025-07-13T16:39:32.622316+00:00", "symbol": "ADA-USD"}, {"trade_id": 143381459, "side": "buy", "size": "0.04782400", "price": "0.73810000", "time": "2025-07-13T16:36:35.099330Z", "fetched_at": "2025-07-13T16:39:32.622316+00:00", "symbol": "ADA-USD"}, {"trade_id": 143381458, "side": "sell", "size": "1.70662833", "price": "0.73820000", "time": "2025-07-13T16:36:35.070417Z", "fetched_at": "2025-07-13T16:39:32.622316+00:00", "symbol": "ADA-USD"}, {"trade_id": 143381457, "side": "sell", "size": "13.04073467", "price": "0.73820000", "time": "2025-07-13T16:36:35.070417Z", "fetched_at": "2025-07-13T16:39:32.622316+00:00", "symbol": "ADA-USD"}, {"trade_id": 143381456, "side": "sell", "size": "51.00306000", "price": "0.73820000", "time": "2025-07-13T16:36:35.070417Z", "fetched_at": "2025-07-13T16:39:32.622316+00:00", "symbol": "ADA-USD"}, {"trade_id": 143381455, "side": "buy", "size": "1.50536396", "price": "0.73820000", "time": "2025-07-13T16:36:33.421561Z", "fetched_at": "2025-07-13T16:39:32.622316+00:00", "symbol": "ADA-USD"}, {"trade_id": 143381454, "side": "buy", "size": "1.47716799", "price": "0.73820000", "time": "2025-07-13T16:36:33.412079Z", "fetched_at": "2025-07-13T16:39:32.622316+00:00", "symbol": "ADA-USD"}, {"trade_id": 143381453, "side": "buy", "size": "1.50000000", "price": "0.73820000", "time": "2025-07-13T16:36:33.412079Z", "fetched_at": "2025-07-13T16:39:32.622316+00:00", "symbol": "ADA-USD"}, {"trade_id": 143381452, "side": "buy", "size": "0.04198341", "price": "0.73820000", "time": "2025-07-13T16:36:33.412079Z", "fetched_at": "2025-07-13T16:39:32.622316+00:00", "symbol": "ADA-USD"}, {"trade_id": 143381451, "side": "buy", "size": "0.03658009", "price": "0.73820000", "time": "2025-07-13T16:36:33.412079Z", "fetched_at": "2025-07-13T16:39:32.622316+00:00", "symbol": "ADA-USD"}, {"trade_id": 143381450, "side": "buy", "size": "22.23803418", "price": "0.73820000", "time": "2025-07-13T16:36:33.412079Z", "fetched_at": "2025-07-13T16:39:32.622316+00:00", "symbol": "ADA-USD"}, {"trade_id": 143381449, "side": "buy", "size": "2.00199368", "price": "0.73830000", "time": "2025-07-13T16:36:32.782431Z", "fetched_at": "2025-07-13T16:39:32.622316+00:00", "symbol": "ADA-USD"}, {"trade_id": 143381448, "side": "buy", "size": "2.00199368", "price": "0.73830000", "time": "2025-07-13T16:36:32.740925Z", "fetched_at": "2025-07-13T16:39:32.622316+00:00", "symbol": "ADA-USD"}, {"trade_id": 143381447, "side": "buy", "size": "1.50000000", "price": "0.73830000", "time": "2025-07-13T16:36:32.740925Z", "fetched_at": "2025-07-13T16:39:32.622316+00:00", "symbol": "ADA-USD"}, {"trade_id": 143381446, "side": "buy", "size": "0.00611567", "price": "0.73830000", "time": "2025-07-13T16:36:32.740925Z", "fetched_at": "2025-07-13T16:39:32.622316+00:00", "symbol": "ADA-USD"}, {"trade_id": 143381445, "side": "buy", "size": "0.02522026", "price": "0.73830000", "time": "2025-07-13T16:36:32.740925Z", "fetched_at": "2025-07-13T16:39:32.622316+00:00", "symbol": "ADA-USD"}, {"trade_id": 143381444, "side": "buy", "size": "1.98505372", "price": "0.73840000", "time": "2025-07-13T16:36:32.708059Z", "fetched_at": "2025-07-13T16:39:32.622316+00:00", "symbol": "ADA-USD"}, {"trade_id": 143381443, "side": "buy", "size": "1.50000000", "price": "0.73840000", "time": "2025-07-13T16:36:32.708059Z", "fetched_at": "2025-07-13T16:39:32.622316+00:00", "symbol": "ADA-USD"}, {"trade_id": 143381442, "side": "buy", "size": "0.01031799", "price": "0.73840000", "time": "2025-07-13T16:36:32.708059Z", "fetched_at": "2025-07-13T16:39:32.622316+00:00", "symbol": "ADA-USD"}, {"trade_id": 143381441, "side": "buy", "size": "1.50000000", "price": "0.73850000", "time": "2025-07-13T16:36:32.640512Z", "fetched_at": "2025-07-13T16:39:32.622316+00:00", "symbol": "ADA-USD"}, {"trade_id": 143381440, "side": "buy", "size": "0.00395358", "price": "0.73850000", "time": "2025-07-13T16:36:32.640512Z", "fetched_at": "2025-07-13T16:39:32.622316+00:00", "symbol": "ADA-USD"}, {"trade_id": 143381439, "side": "buy", "size": "0.00453892", "price": "0.73850000", "time": "2025-07-13T16:36:32.640512Z", "fetched_at": "2025-07-13T16:39:32.622316+00:00", "symbol": "ADA-USD"}, {"trade_id": 143381438, "side": "buy", "size": "8.56386945", "price": "0.73860000", "time": "2025-07-13T16:36:32.176306Z", "fetched_at": "2025-07-13T16:39:32.622316+00:00", "symbol": "ADA-USD"}, {"trade_id": 143381437, "side": "buy", "size": "8.48687924", "price": "0.73860000", "time": "2025-07-13T16:36:32.167607Z", "fetched_at": "2025-07-13T16:39:32.622316+00:00", "symbol": "ADA-USD"}, {"trade_id": 143381436, "side": "buy", "size": "1.50000000", "price": "0.73860000", "time": "2025-07-13T16:36:32.167607Z", "fetched_at": "2025-07-13T16:39:32.622316+00:00", "symbol": "ADA-USD"}, {"trade_id": 143381435, "side": "buy", "size": "351.64754500", "price": "0.73860000", "time": "2025-07-13T16:36:32.167607Z", "fetched_at": "2025-07-13T16:39:32.622316+00:00", "symbol": "ADA-USD"}, {"trade_id": 143381434, "side": "buy", "size": "0.17696614", "price": "0.73860000", "time": "2025-07-13T16:36:32.167607Z", "fetched_at": "2025-07-13T16:39:32.622316+00:00", "symbol": "ADA-USD"}, {"trade_id": 143381433, "side": "sell", "size": "0.03898741", "price": "0.73870000", "time": "2025-07-13T16:36:32.031804Z", "fetched_at": "2025-07-13T16:39:32.622316+00:00", "symbol": "ADA-USD"}, {"trade_id": 143381432, "side": "buy", "size": "1.50000000", "price": "0.73870000", "time": "2025-07-13T16:36:31.999177Z", "fetched_at": "2025-07-13T16:39:32.622316+00:00", "symbol": "ADA-USD"}, {"trade_id": 143381431, "side": "buy", "size": "35.49329903", "price": "0.73870000", "time": "2025-07-13T16:36:31.999177Z", "fetched_at": "2025-07-13T16:39:32.622316+00:00", "symbol": "ADA-USD"}, {"trade_id": 143381430, "side": "buy", "size": "3713.48470601", "price": "0.73870000", "time": "2025-07-13T16:36:31.999177Z", "fetched_at": "2025-07-13T16:39:32.622316+00:00", "symbol": "ADA-USD"}, {"trade_id": 143381429, "side": "buy", "size": "99.01878143", "price": "0.73870000", "time": "2025-07-13T16:36:31.996826Z", "fetched_at": "2025-07-13T16:39:32.622316+00:00", "symbol": "ADA-USD"}, {"trade_id": 143381428, "side": "buy", "size": "1267.73222036", "price": "0.73870000", "time": "2025-07-13T16:36:31.994191Z", "fetched_at": "2025-07-13T16:39:32.622316+00:00", "symbol": "ADA-USD"}, {"trade_id": 143381427, "side": "buy", "size": "11030.04455618", "price": "0.73870000", "time": "2025-07-13T16:36:31.989938Z", "fetched_at": "2025-07-13T16:39:32.622316+00:00", "symbol": "ADA-USD"}, {"trade_id": 143381426, "side": "buy", "size": "193.24723685", "price": "0.73870000", "time": "2025-07-13T16:36:31.969858Z", "fetched_at": "2025-07-13T16:39:32.622316+00:00", "symbol": "ADA-USD"}, {"trade_id": 143381425, "side": "buy", "size": "369.55817490", "price": "0.73870000", "time": "2025-07-13T16:36:31.959456Z", "fetched_at": "2025-07-13T16:39:32.622316+00:00", "symbol": "ADA-USD"}, {"trade_id": 143381424, "side": "buy", "size": "1134.01116409", "price": "0.73870000", "time": "2025-07-13T16:36:31.940266Z", "fetched_at": "2025-07-13T16:39:32.622316+00:00", "symbol": "ADA-USD"}, {"trade_id": 143381423, "side": "buy", "size": "20.96925595", "price": "0.73880000", "time": "2025-07-13T16:36:29.983275Z", "fetched_at": "2025-07-13T16:39:32.622316+00:00", "symbol": "ADA-USD"}, {"trade_id": 143381422, "side": "buy", "size": "8.65809505", "price": "0.73880000", "time": "2025-07-13T16:36:29.983275Z", "fetched_at": "2025-07-13T16:39:32.622316+00:00", "symbol": "ADA-USD"}, {"trade_id": 143381421, "side": "buy", "size": "1.50000000", "price": "0.73880000", "time": "2025-07-13T16:36:29.983275Z", "fetched_at": "2025-07-13T16:39:32.622316+00:00", "symbol": "ADA-USD"}, {"trade_id": 143381420, "side": "buy", "size": "3.24763194", "price": "0.73900000", "time": "2025-07-13T16:36:26.544390Z", "fetched_at": "2025-07-13T16:39:32.622316+00:00", "symbol": "ADA-USD"}, {"trade_id": 143381419, "side": "sell", "size": "11.99980993", "price": "0.73890000", "time": "2025-07-13T16:36:26.256870Z", "fetched_at": "2025-07-13T16:39:32.622316+00:00", "symbol": "ADA-USD"}, {"trade_id": 143381418, "side": "buy", "size": "3.32457700", "price": "0.73880000", "time": "2025-07-13T16:36:25.435761Z", "fetched_at": "2025-07-13T16:39:32.622316+00:00", "symbol": "ADA-USD"}, {"trade_id": 143381417, "side": "sell", "size": "265.48879400", "price": "0.73890000", "time": "2025-07-13T16:36:25.232115Z", "fetched_at": "2025-07-13T16:39:32.622316+00:00", "symbol": "ADA-USD"}, {"trade_id": 143381416, "side": "buy", "size": "8.25256735", "price": "0.73880000", "time": "2025-07-13T16:36:23.879084Z", "fetched_at": "2025-07-13T16:39:32.622316+00:00", "symbol": "ADA-USD"}, {"trade_id": 143381415, "side": "buy", "size": "8.28108872", "price": "0.73880000", "time": "2025-07-13T16:36:23.868333Z", "fetched_at": "2025-07-13T16:39:32.622316+00:00", "symbol": "ADA-USD"}, {"trade_id": 143381414, "side": "buy", "size": "1.50000000", "price": "0.73880000", "time": "2025-07-13T16:36:23.868333Z", "fetched_at": "2025-07-13T16:39:32.622316+00:00", "symbol": "ADA-USD"}, {"trade_id": 143381413, "side": "buy", "size": "1.50000000", "price": "0.73890000", "time": "2025-07-13T16:36:22.271534Z", "fetched_at": "2025-07-13T16:39:32.622316+00:00", "symbol": "ADA-USD"}, {"trade_id": 143381412, "side": "buy", "size": "3.24807146", "price": "0.73890000", "time": "2025-07-13T16:36:22.271534Z", "fetched_at": "2025-07-13T16:39:32.622316+00:00", "symbol": "ADA-USD"}, {"trade_id": 143381411, "side": "sell", "size": "8.68866691", "price": "0.73910000", "time": "2025-07-13T16:36:21.177373Z", "fetched_at": "2025-07-13T16:39:32.622316+00:00", "symbol": "ADA-USD"}, {"trade_id": 143381410, "side": "sell", "size": "7.54729574", "price": "0.73900000", "time": "2025-07-13T16:36:21.177373Z", "fetched_at": "2025-07-13T16:39:32.622316+00:00", "symbol": "ADA-USD"}, {"trade_id": 143381409, "side": "sell", "size": "13.02304758", "price": "0.73900000", "time": "2025-07-13T16:36:17.746817Z", "fetched_at": "2025-07-13T16:39:32.622316+00:00", "symbol": "ADA-USD"}, {"trade_id": 143381408, "side": "buy", "size": "89.91756600", "price": "0.73900000", "time": "2025-07-13T16:36:12.398427Z", "fetched_at": "2025-07-13T16:39:32.622316+00:00", "symbol": "ADA-USD"}, {"trade_id": 143381407, "side": "buy", "size": "115.08920000", "price": "0.73900000", "time": "2025-07-13T16:36:12.398427Z", "fetched_at": "2025-07-13T16:39:32.622316+00:00", "symbol": "ADA-USD"}, {"trade_id": 143381406, "side": "sell", "size": "13.02670131", "price": "0.73900000", "time": "2025-07-13T16:36:10.924779Z", "fetched_at": "2025-07-13T16:39:32.622316+00:00", "symbol": "ADA-USD"}, {"trade_id": 143381405, "side": "buy", "size": "2956.64373917", "price": "0.73870000", "time": "2025-07-13T16:36:08.921686Z", "fetched_at": "2025-07-13T16:39:32.622316+00:00", "symbol": "ADA-USD"}, {"trade_id": 143381404, "side": "buy", "size": "754.73741005", "price": "0.73880000", "time": "2025-07-13T16:36:08.921686Z", "fetched_at": "2025-07-13T16:39:32.622316+00:00", "symbol": "ADA-USD"}, {"trade_id": 143381403, "side": "buy", "size": "51.00306000", "price": "0.73880000", "time": "2025-07-13T16:36:08.921686Z", "fetched_at": "2025-07-13T16:39:32.622316+00:00", "symbol": "ADA-USD"}, {"trade_id": 143381402, "side": "buy", "size": "115.08920000", "price": "0.73880000", "time": "2025-07-13T16:36:08.921686Z", "fetched_at": "2025-07-13T16:39:32.622316+00:00", "symbol": "ADA-USD"}, {"trade_id": 143381401, "side": "buy", "size": "119.51898000", "price": "0.73880000", "time": "2025-07-13T16:36:08.921686Z", "fetched_at": "2025-07-13T16:39:32.622316+00:00", "symbol": "ADA-USD"}, {"trade_id": 143381400, "side": "buy", "size": "310.50000000", "price": "0.73880000", "time": "2025-07-13T16:36:08.921686Z", "fetched_at": "2025-07-13T16:39:32.622316+00:00", "symbol": "ADA-USD"}, {"trade_id": 143381399, "side": "buy", "size": "12.11332978", "price": "0.73880000", "time": "2025-07-13T16:36:08.921686Z", "fetched_at": "2025-07-13T16:39:32.622316+00:00", "symbol": "ADA-USD"}, {"trade_id": 143381398, "side": "buy", "size": "1.50000000", "price": "0.73880000", "time": "2025-07-13T16:36:08.921686Z", "fetched_at": "2025-07-13T16:39:32.622316+00:00", "symbol": "ADA-USD"}, {"trade_id": 143381397, "side": "buy", "size": "1.50000000", "price": "0.73890000", "time": "2025-07-13T16:36:08.342048Z", "fetched_at": "2025-07-13T16:39:32.622316+00:00", "symbol": "ADA-USD"}, {"trade_id": 143381396, "side": "sell", "size": "13.02474660", "price": "0.73900000", "time": "2025-07-13T16:36:06.443394Z", "fetched_at": "2025-07-13T16:39:32.622316+00:00", "symbol": "ADA-USD"}, {"trade_id": 143381395, "side": "buy", "size": "91.60220682", "price": "0.73900000", "time": "2025-07-13T16:36:05.675333Z", "fetched_at": "2025-07-13T16:39:32.622316+00:00", "symbol": "ADA-USD"}, {"trade_id": 143381394, "side": "buy", "size": "711.89779318", "price": "0.73900000", "time": "2025-07-13T16:36:05.648740Z", "fetched_at": "2025-07-13T16:39:32.622316+00:00", "symbol": "ADA-USD"}, {"trade_id": 143381393, "side": "buy", "size": "1.50000000", "price": "0.73900000", "time": "2025-07-13T16:36:05.648740Z", "fetched_at": "2025-07-13T16:39:32.622316+00:00", "symbol": "ADA-USD"}, {"trade_id": 143381392, "side": "buy", "size": "8.14000453", "price": "0.73910000", "time": "2025-07-13T16:36:04.586557Z", "fetched_at": "2025-07-13T16:39:32.622316+00:00", "symbol": "ADA-USD"}, {"trade_id": 143381391, "side": "buy", "size": "1.50000000", "price": "0.73910000", "time": "2025-07-13T16:36:04.586557Z", "fetched_at": "2025-07-13T16:39:32.622316+00:00", "symbol": "ADA-USD"}, {"trade_id": 143381390, "side": "sell", "size": "70.86167000", "price": "0.73920000", "time": "2025-07-13T16:36:04.549873Z", "fetched_at": "2025-07-13T16:39:32.622316+00:00", "symbol": "ADA-USD"}, {"trade_id": 143381389, "side": "buy", "size": "8.14178422", "price": "0.73920000", "time": "2025-07-13T16:36:04.533376Z", "fetched_at": "2025-07-13T16:39:32.622316+00:00", "symbol": "ADA-USD"}, {"trade_id": 143381388, "side": "buy", "size": "20.36015519", "price": "0.73920000", "time": "2025-07-13T16:36:04.074615Z", "fetched_at": "2025-07-13T16:39:32.622316+00:00", "symbol": "ADA-USD"}, {"trade_id": 143381387, "side": "buy", "size": "1.50000000", "price": "0.73920000", "time": "2025-07-13T16:36:04.074615Z", "fetched_at": "2025-07-13T16:39:32.622316+00:00", "symbol": "ADA-USD"}, {"trade_id": 143381386, "side": "buy", "size": "7.73773581", "price": "0.73930000", "time": "2025-07-13T16:36:04.074615Z", "fetched_at": "2025-07-13T16:39:32.622316+00:00", "symbol": "ADA-USD"}, {"trade_id": 143381385, "side": "buy", "size": "1.50000000", "price": "0.73930000", "time": "2025-07-13T16:36:04.074615Z", "fetched_at": "2025-07-13T16:39:32.622316+00:00", "symbol": "ADA-USD"}, {"trade_id": 143381384, "side": "buy", "size": "1.50000000", "price": "0.73940000", "time": "2025-07-13T16:36:02.901607Z", "fetched_at": "2025-07-13T16:39:32.622316+00:00", "symbol": "ADA-USD"}, {"trade_id": 143381383, "side": "buy", "size": "1.50000000", "price": "0.73950000", "time": "2025-07-13T16:36:02.683144Z", "fetched_at": "2025-07-13T16:39:32.622316+00:00", "symbol": "ADA-USD"}, {"trade_id": 143381382, "side": "buy", "size": "8.18372363", "price": "0.73960000", "time": "2025-07-13T16:36:02.607432Z", "fetched_at": "2025-07-13T16:39:32.622316+00:00", "symbol": "ADA-USD"}, {"trade_id": 143381381, "side": "buy", "size": "1.50000000", "price": "0.73960000", "time": "2025-07-13T16:36:02.607432Z", "fetched_at": "2025-07-13T16:39:32.622316+00:00", "symbol": "ADA-USD"}, {"trade_id": 143381380, "side": "buy", "size": "8.00282239", "price": "0.73970000", "time": "2025-07-13T16:36:02.533822Z", "fetched_at": "2025-07-13T16:39:32.622316+00:00", "symbol": "ADA-USD"}, {"trade_id": 143381379, "side": "buy", "size": "1.50000000", "price": "0.73960000", "time": "2025-07-13T16:35:59.148394Z", "fetched_at": "2025-07-13T16:39:32.622316+00:00", "symbol": "ADA-USD"}, {"trade_id": 143381378, "side": "buy", "size": "3.65517868", "price": "0.73960000", "time": "2025-07-13T16:35:59.148394Z", "fetched_at": "2025-07-13T16:39:32.622316+00:00", "symbol": "ADA-USD"}, {"trade_id": 143381377, "side": "sell", "size": "1.36033713", "price": "0.73970000", "time": "2025-07-13T16:35:56.651260Z", "fetched_at": "2025-07-13T16:39:32.622316+00:00", "symbol": "ADA-USD"}, {"trade_id": 143381376, "side": "buy", "size": "179.27848000", "price": "0.73980000", "time": "2025-07-13T16:35:55.925568Z", "fetched_at": "2025-07-13T16:39:32.622316+00:00", "symbol": "ADA-USD"}, {"trade_id": 143381375, "side": "sell", "size": "2.49629838", "price": "0.73970000", "time": "2025-07-13T16:35:55.921192Z", "fetched_at": "2025-07-13T16:39:32.622316+00:00", "symbol": "ADA-USD"}, {"trade_id": 143381374, "side": "buy", "size": "117.15161000", "price": "0.73980000", "time": "2025-07-13T16:35:52.698993Z", "fetched_at": "2025-07-13T16:39:32.622316+00:00", "symbol": "ADA-USD"}, {"trade_id": 143381373, "side": "buy", "size": "115.08920000", "price": "0.73980000", "time": "2025-07-13T16:35:52.698993Z", "fetched_at": "2025-07-13T16:39:32.622316+00:00", "symbol": "ADA-USD"}, {"trade_id": 143381372, "side": "buy", "size": "3.95977690", "price": "0.73980000", "time": "2025-07-13T16:35:52.698993Z", "fetched_at": "2025-07-13T16:39:32.622316+00:00", "symbol": "ADA-USD"}, {"trade_id": 143381371, "side": "sell", "size": "1.50000000", "price": "0.73980000", "time": "2025-07-13T16:35:52.534855Z", "fetched_at": "2025-07-13T16:39:32.622316+00:00", "symbol": "ADA-USD"}, {"trade_id": 143381370, "side": "sell", "size": "1.50000000", "price": "0.73970000", "time": "2025-07-13T16:35:52.496119Z", "fetched_at": "2025-07-13T16:39:32.622316+00:00", "symbol": "ADA-USD"}, {"trade_id": 143381369, "side": "sell", "size": "4.62922147", "price": "0.73950000", "time": "2025-07-13T16:35:52.369910Z", "fetched_at": "2025-07-13T16:39:32.622316+00:00", "symbol": "ADA-USD"}, {"trade_id": 143381368, "side": "buy", "size": "6.49809543", "price": "0.73950000", "time": "2025-07-13T16:35:51.922471Z", "fetched_at": "2025-07-13T16:39:32.622316+00:00", "symbol": "ADA-USD"}, {"trade_id": 143381367, "side": "buy", "size": "62.19754277", "price": "0.73950000", "time": "2025-07-13T16:35:48.933352Z", "fetched_at": "2025-07-13T16:39:32.622316+00:00", "symbol": "ADA-USD"}, {"trade_id": 143381366, "side": "buy", "size": "8.66412723", "price": "0.73950000", "time": "2025-07-13T16:35:48.933352Z", "fetched_at": "2025-07-13T16:39:32.622316+00:00", "symbol": "ADA-USD"}, {"trade_id": 143381365, "side": "sell", "size": "7.76139855", "price": "0.73960000", "time": "2025-07-13T16:35:47.351047Z", "fetched_at": "2025-07-13T16:39:32.622316+00:00", "symbol": "ADA-USD"}, {"trade_id": 143381364, "side": "sell", "size": "6.68067007", "price": "0.73960000", "time": "2025-07-13T16:35:47.021517Z", "fetched_at": "2025-07-13T16:39:32.622316+00:00", "symbol": "ADA-USD"}, {"trade_id": 143381363, "side": "buy", "size": "70.86167000", "price": "0.73960000", "time": "2025-07-13T16:35:43.902080Z", "fetched_at": "2025-07-13T16:39:32.622316+00:00", "symbol": "ADA-USD"}, {"trade_id": 143381362, "side": "sell", "size": "3375.96668381", "price": "0.73960000", "time": "2025-07-13T16:35:43.874462Z", "fetched_at": "2025-07-13T16:39:32.622316+00:00", "symbol": "ADA-USD"}, {"trade_id": 143381361, "side": "sell", "size": "1550.63331619", "price": "0.73960000", "time": "2025-07-13T16:35:43.858272Z", "fetched_at": "2025-07-13T16:39:32.622316+00:00", "symbol": "ADA-USD"}, {"trade_id": 143381360, "side": "sell", "size": "1.50000000", "price": "0.73960000", "time": "2025-07-13T16:35:43.858272Z", "fetched_at": "2025-07-13T16:39:32.622316+00:00", "symbol": "ADA-USD"}, {"trade_id": 143381359, "side": "sell", "size": "935.25919415", "price": "0.73960000", "time": "2025-07-13T16:35:43.858272Z", "fetched_at": "2025-07-13T16:39:32.622316+00:00", "symbol": "ADA-USD"}, {"trade_id": 143381358, "side": "sell", "size": "13.01936763", "price": "0.73950000", "time": "2025-07-13T16:35:43.858272Z", "fetched_at": "2025-07-13T16:39:32.622316+00:00", "symbol": "ADA-USD"}, {"trade_id": 143381357, "side": "sell", "size": "13.01938331", "price": "0.73950000", "time": "2025-07-13T16:35:43.186465Z", "fetched_at": "2025-07-13T16:39:32.622316+00:00", "symbol": "ADA-USD"}, {"trade_id": 143381356, "side": "sell", "size": "1333.27812514", "price": "0.73950000", "time": "2025-07-13T16:35:43.186465Z", "fetched_at": "2025-07-13T16:39:32.622316+00:00", "symbol": "ADA-USD"}, {"trade_id": 143381355, "side": "sell", "size": "756.83335451", "price": "0.73950000", "time": "2025-07-13T16:35:43.186465Z", "fetched_at": "2025-07-13T16:39:32.622316+00:00", "symbol": "ADA-USD"}, {"trade_id": 143381354, "side": "sell", "size": "1872.91469000", "price": "0.73950000", "time": "2025-07-13T16:35:43.164707Z", "fetched_at": "2025-07-13T16:39:32.622316+00:00", "symbol": "ADA-USD"}, {"trade_id": 143381353, "side": "sell", "size": "4933.20000000", "price": "0.73950000", "time": "2025-07-13T16:35:43.164707Z", "fetched_at": "2025-07-13T16:39:32.622316+00:00", "symbol": "ADA-USD"}, {"trade_id": 143381352, "side": "sell", "size": "926.74064398", "price": "0.73950000", "time": "2025-07-13T16:35:43.164707Z", "fetched_at": "2025-07-13T16:39:32.622316+00:00", "symbol": "ADA-USD"}, {"trade_id": 143381351, "side": "sell", "size": "756.83335451", "price": "0.73950000", "time": "2025-07-13T16:35:43.164707Z", "fetched_at": "2025-07-13T16:39:32.622316+00:00", "symbol": "ADA-USD"}, {"trade_id": 143381350, "side": "sell", "size": "13.01773890", "price": "0.73940000", "time": "2025-07-13T16:35:43.164707Z", "fetched_at": "2025-07-13T16:39:32.622316+00:00", "symbol": "ADA-USD"}, {"trade_id": 143381349, "side": "buy", "size": "478.55585100", "price": "0.73930000", "time": "2025-07-13T16:35:42.270392Z", "fetched_at": "2025-07-13T16:39:32.622316+00:00", "symbol": "ADA-USD"}, {"trade_id": 143381348, "side": "buy", "size": "1.50000000", "price": "0.73930000", "time": "2025-07-13T16:35:42.270392Z", "fetched_at": "2025-07-13T16:39:32.622316+00:00", "symbol": "ADA-USD"}, {"trade_id": 143381347, "side": "buy", "size": "3.68153445", "price": "0.73940000", "time": "2025-07-13T16:35:35.992649Z", "fetched_at": "2025-07-13T16:39:32.622316+00:00", "symbol": "ADA-USD"}, {"trade_id": 143381346, "side": "buy", "size": "3.68153445", "price": "0.73940000", "time": "2025-07-13T16:35:35.980302Z", "fetched_at": "2025-07-13T16:39:32.622316+00:00", "symbol": "ADA-USD"}, {"trade_id": 143381345, "side": "buy", "size": "3.68153445", "price": "0.73940000", "time": "2025-07-13T16:35:35.968507Z", "fetched_at": "2025-07-13T16:39:32.622316+00:00", "symbol": "ADA-USD"}, {"trade_id": 143381344, "side": "buy", "size": "3.68153445", "price": "0.73940000", "time": "2025-07-13T16:35:35.949102Z", "fetched_at": "2025-07-13T16:39:32.622316+00:00", "symbol": "ADA-USD"}, {"trade_id": 143381343, "side": "buy", "size": "3.55524027", "price": "0.73940000", "time": "2025-07-13T16:35:35.921420Z", "fetched_at": "2025-07-13T16:39:32.622316+00:00", "symbol": "ADA-USD"}, {"trade_id": 143381342, "side": "buy", "size": "3.58088623", "price": "0.73940000", "time": "2025-07-13T16:35:35.910706Z", "fetched_at": "2025-07-13T16:39:32.622316+00:00", "symbol": "ADA-USD"}, {"trade_id": 143381341, "side": "buy", "size": "1.50000000", "price": "0.73940000", "time": "2025-07-13T16:35:35.910706Z", "fetched_at": "2025-07-13T16:39:32.622316+00:00", "symbol": "ADA-USD"}, {"trade_id": 143381340, "side": "buy", "size": "1.50000000", "price": "0.73950000", "time": "2025-07-13T16:35:34.972374Z", "fetched_at": "2025-07-13T16:39:32.622316+00:00", "symbol": "ADA-USD"}, {"trade_id": 143381339, "side": "buy", "size": "67.10615280", "price": "0.73950000", "time": "2025-07-13T16:35:34.972374Z", "fetched_at": "2025-07-13T16:39:32.622316+00:00", "symbol": "ADA-USD"}, {"trade_id": 143381338, "side": "buy", "size": "7.76249700", "price": "0.73960000", "time": "2025-07-13T16:35:34.890550Z", "fetched_at": "2025-07-13T16:39:32.622316+00:00", "symbol": "ADA-USD"}, {"trade_id": 143381337, "side": "buy", "size": "4927.50000000", "price": "0.73960000", "time": "2025-07-13T16:35:34.890550Z", "fetched_at": "2025-07-13T16:39:32.622316+00:00", "symbol": "ADA-USD"}, {"trade_id": 143381336, "side": "buy", "size": "1.50000000", "price": "0.73960000", "time": "2025-07-13T16:35:34.890550Z", "fetched_at": "2025-07-13T16:39:32.622316+00:00", "symbol": "ADA-USD"}, {"trade_id": 143381335, "side": "buy", "size": "11.55216965", "price": "0.73970000", "time": "2025-07-13T16:35:34.804261Z", "fetched_at": "2025-07-13T16:39:32.622316+00:00", "symbol": "ADA-USD"}, {"trade_id": 143381334, "side": "buy", "size": "13.01330430", "price": "0.73970000", "time": "2025-07-13T16:35:34.776619Z", "fetched_at": "2025-07-13T16:39:32.622316+00:00", "symbol": "ADA-USD"}, {"trade_id": 143381333, "side": "buy", "size": "13.01330430", "price": "0.73970000", "time": "2025-07-13T16:35:34.693631Z", "fetched_at": "2025-07-13T16:39:32.622316+00:00", "symbol": "ADA-USD"}, {"trade_id": 143381332, "side": "buy", "size": "20.53719048", "price": "0.73970000", "time": "2025-07-13T16:35:34.693631Z", "fetched_at": "2025-07-13T16:39:32.622316+00:00", "symbol": "ADA-USD"}, {"trade_id": 143381331, "side": "buy", "size": "63.95135514", "price": "0.73980000", "time": "2025-07-13T16:35:31.714028Z", "fetched_at": "2025-07-13T16:39:32.622316+00:00", "symbol": "ADA-USD"}, {"trade_id": 143381330, "side": "buy", "size": "117.15161000", "price": "0.73980000", "time": "2025-07-13T16:35:31.714028Z", "fetched_at": "2025-07-13T16:39:32.622316+00:00", "symbol": "ADA-USD"}, {"trade_id": 143381329, "side": "buy", "size": "119.51898000", "price": "0.73990000", "time": "2025-07-13T16:35:31.714028Z", "fetched_at": "2025-07-13T16:39:32.622316+00:00", "symbol": "ADA-USD"}, {"trade_id": 143381328, "side": "buy", "size": "15.40289286", "price": "0.73990000", "time": "2025-07-13T16:35:31.714028Z", "fetched_at": "2025-07-13T16:39:32.622316+00:00", "symbol": "ADA-USD"}, {"trade_id": 143381327, "side": "buy", "size": "115.08920000", "price": "0.73990000", "time": "2025-07-13T16:35:31.714028Z", "fetched_at": "2025-07-13T16:39:32.622316+00:00", "symbol": "ADA-USD"}, {"trade_id": 143381326, "side": "sell", "size": "709.45950000", "price": "0.74000000", "time": "2025-07-13T16:35:31.705990Z", "fetched_at": "2025-07-13T16:39:32.622316+00:00", "symbol": "ADA-USD"}, {"trade_id": 143381325, "side": "sell", "size": "6.64120872", "price": "0.73990000", "time": "2025-07-13T16:35:29.336966Z", "fetched_at": "2025-07-13T16:39:32.622316+00:00", "symbol": "ADA-USD"}, {"trade_id": 143381324, "side": "sell", "size": "756.83335451", "price": "0.73990000", "time": "2025-07-13T16:35:29.336966Z", "fetched_at": "2025-07-13T16:39:32.622316+00:00", "symbol": "ADA-USD"}, {"trade_id": 143381323, "side": "sell", "size": "51.00306000", "price": "0.73980000", "time": "2025-07-13T16:35:29.336966Z", "fetched_at": "2025-07-13T16:39:32.622316+00:00", "symbol": "ADA-USD"}, {"trade_id": 143381322, "side": "sell", "size": "2.19151977", "price": "0.73980000", "time": "2025-07-13T16:35:29.336966Z", "fetched_at": "2025-07-13T16:39:32.622316+00:00", "symbol": "ADA-USD"}, {"trade_id": 143381321, "side": "sell", "size": "3.89698907", "price": "0.73980000", "time": "2025-07-13T16:35:28.393357Z", "fetched_at": "2025-07-13T16:39:32.622316+00:00", "symbol": "ADA-USD"}, {"trade_id": 143381320, "side": "sell", "size": "304.02659460", "price": "0.73990000", "time": "2025-07-13T16:35:27.086949Z", "fetched_at": "2025-07-13T16:39:32.622316+00:00", "symbol": "ADA-USD"}, {"trade_id": 143381319, "side": "sell", "size": "756.83335451", "price": "0.73990000", "time": "2025-07-13T16:35:27.086949Z", "fetched_at": "2025-07-13T16:39:32.622316+00:00", "symbol": "ADA-USD"}, {"trade_id": 143381318, "side": "sell", "size": "1.50000000", "price": "0.73990000", "time": "2025-07-13T16:35:27.086949Z", "fetched_at": "2025-07-13T16:39:32.622316+00:00", "symbol": "ADA-USD"}, {"trade_id": 143381317, "side": "sell", "size": "36.57826035", "price": "0.73990000", "time": "2025-07-13T16:35:27.086949Z", "fetched_at": "2025-07-13T16:39:32.622316+00:00", "symbol": "ADA-USD"}, {"trade_id": 143381316, "side": "sell", "size": "500.00000000", "price": "0.73980000", "time": "2025-07-13T16:35:27.086949Z", "fetched_at": "2025-07-13T16:39:32.622316+00:00", "symbol": "ADA-USD"}, {"trade_id": 143381315, "side": "sell", "size": "13.01421846", "price": "0.73980000", "time": "2025-07-13T16:35:27.086949Z", "fetched_at": "2025-07-13T16:39:32.622316+00:00", "symbol": "ADA-USD"}, {"trade_id": 143381314, "side": "sell", "size": "13.01244899", "price": "0.73970000", "time": "2025-07-13T16:35:23.551552Z", "fetched_at": "2025-07-13T16:39:32.622316+00:00", "symbol": "ADA-USD"}, {"trade_id": 143381313, "side": "sell", "size": "51.81080986", "price": "0.73980000", "time": "2025-07-13T16:35:23.202073Z", "fetched_at": "2025-07-13T16:39:32.622316+00:00", "symbol": "ADA-USD"}, {"trade_id": 143381312, "side": "sell", "size": "1.50000000", "price": "0.73980000", "time": "2025-07-13T16:35:23.202073Z", "fetched_at": "2025-07-13T16:39:32.622316+00:00", "symbol": "ADA-USD"}, {"trade_id": 143381311, "side": "sell", "size": "13.01247314", "price": "0.73970000", "time": "2025-07-13T16:35:23.202073Z", "fetched_at": "2025-07-13T16:39:32.622316+00:00", "symbol": "ADA-USD"}, {"trade_id": 143381310, "side": "buy", "size": "2.87966760", "price": "0.73970000", "time": "2025-07-13T16:35:19.396198Z", "fetched_at": "2025-07-13T16:39:32.622316+00:00", "symbol": "ADA-USD"}, {"trade_id": 143381309, "side": "sell", "size": "390.94153262", "price": "0.73970000", "time": "2025-07-13T16:35:17.470242Z", "fetched_at": "2025-07-13T16:39:32.622316+00:00", "symbol": "ADA-USD"}, {"trade_id": 143381308, "side": "sell", "size": "13.01236760", "price": "0.73970000", "time": "2025-07-13T16:35:17.470242Z", "fetched_at": "2025-07-13T16:39:32.622316+00:00", "symbol": "ADA-USD"}, {"trade_id": 143381307, "side": "buy", "size": "1.50000000", "price": "0.73950000", "time": "2025-07-13T16:35:14.758435Z", "fetched_at": "2025-07-13T16:39:32.622316+00:00", "symbol": "ADA-USD"}, {"trade_id": 143381306, "side": "buy", "size": "27.38292064", "price": "0.73960000", "time": "2025-07-13T16:35:14.212907Z", "fetched_at": "2025-07-13T16:39:32.622316+00:00", "symbol": "ADA-USD"}, {"trade_id": 143381305, "side": "buy", "size": "1.68646187", "price": "0.73960000", "time": "2025-07-13T16:35:14.193126Z", "fetched_at": "2025-07-13T16:39:32.622316+00:00", "symbol": "ADA-USD"}