[{"trade_id": 143336590, "side": "buy", "size": "1.60000000", "price": "0.73270000", "time": "2025-07-13T12:10:48.395891Z", "fetched_at": "2025-07-13T12:10:52.643737+00:00", "symbol": "ADA-USD"}, {"trade_id": 143336589, "side": "buy", "size": "2047.22260133", "price": "0.73270000", "time": "2025-07-13T12:10:45.219150Z", "fetched_at": "2025-07-13T12:10:52.643737+00:00", "symbol": "ADA-USD"}, {"trade_id": 143336588, "side": "buy", "size": "13.64628821", "price": "0.73280000", "time": "2025-07-13T12:10:43.419957Z", "fetched_at": "2025-07-13T12:10:52.643737+00:00", "symbol": "ADA-USD"}, {"trade_id": 143336587, "side": "buy", "size": "40.74222032", "price": "0.73280000", "time": "2025-07-13T12:10:43.419957Z", "fetched_at": "2025-07-13T12:10:52.643737+00:00", "symbol": "ADA-USD"}, {"trade_id": 143336586, "side": "buy", "size": "222.14000000", "price": "0.73280000", "time": "2025-07-13T12:10:37.878017Z", "fetched_at": "2025-07-13T12:10:52.643737+00:00", "symbol": "ADA-USD"}, {"trade_id": 143336585, "side": "buy", "size": "1.60000000", "price": "0.73280000", "time": "2025-07-13T12:10:37.878017Z", "fetched_at": "2025-07-13T12:10:52.643737+00:00", "symbol": "ADA-USD"}, {"trade_id": 143336584, "side": "buy", "size": "20.86167000", "price": "0.73320000", "time": "2025-07-13T12:10:34.318071Z", "fetched_at": "2025-07-13T12:10:52.643737+00:00", "symbol": "ADA-USD"}, {"trade_id": 143336583, "side": "buy", "size": "50.00000000", "price": "0.73320000", "time": "2025-07-13T12:10:34.318071Z", "fetched_at": "2025-07-13T12:10:52.643737+00:00", "symbol": "ADA-USD"}, {"trade_id": 143336582, "side": "buy", "size": "310.50000000", "price": "0.73320000", "time": "2025-07-13T12:10:33.451784Z", "fetched_at": "2025-07-13T12:10:52.643737+00:00", "symbol": "ADA-USD"}, {"trade_id": 143336581, "side": "buy", "size": "70.86167000", "price": "0.73300000", "time": "2025-07-13T12:10:33.301822Z", "fetched_at": "2025-07-13T12:10:52.643737+00:00", "symbol": "ADA-USD"}, {"trade_id": 143336580, "side": "sell", "size": "26645.45932475", "price": "0.73330000", "time": "2025-07-13T12:10:33.173583Z", "fetched_at": "2025-07-13T12:10:52.643737+00:00", "symbol": "ADA-USD"}, {"trade_id": 143336579, "side": "sell", "size": "310.50000000", "price": "0.73330000", "time": "2025-07-13T12:10:33.173583Z", "fetched_at": "2025-07-13T12:10:52.643737+00:00", "symbol": "ADA-USD"}, {"trade_id": 143336578, "side": "sell", "size": "1.60000000", "price": "0.73330000", "time": "2025-07-13T12:10:33.173583Z", "fetched_at": "2025-07-13T12:10:52.643737+00:00", "symbol": "ADA-USD"}, {"trade_id": 143336577, "side": "sell", "size": "11.51355387", "price": "0.73330000", "time": "2025-07-13T12:10:33.173583Z", "fetched_at": "2025-07-13T12:10:52.643737+00:00", "symbol": "ADA-USD"}, {"trade_id": 143336576, "side": "sell", "size": "1948.45298000", "price": "0.73330000", "time": "2025-07-13T12:10:33.173583Z", "fetched_at": "2025-07-13T12:10:52.643737+00:00", "symbol": "ADA-USD"}, {"trade_id": 143336575, "side": "sell", "size": "162.87047447", "price": "0.73330000", "time": "2025-07-13T12:10:33.173583Z", "fetched_at": "2025-07-13T12:10:52.643737+00:00", "symbol": "ADA-USD"}, {"trade_id": 143336574, "side": "sell", "size": "0.63188206", "price": "0.73330000", "time": "2025-07-13T12:10:33.173583Z", "fetched_at": "2025-07-13T12:10:52.643737+00:00", "symbol": "ADA-USD"}, {"trade_id": 143336573, "side": "sell", "size": "800.00000000", "price": "0.73320000", "time": "2025-07-13T12:10:33.173583Z", "fetched_at": "2025-07-13T12:10:52.643737+00:00", "symbol": "ADA-USD"}, {"trade_id": 143336572, "side": "sell", "size": "52063.04196000", "price": "0.73320000", "time": "2025-07-13T12:10:33.173583Z", "fetched_at": "2025-07-13T12:10:52.643737+00:00", "symbol": "ADA-USD"}, {"trade_id": 143336571, "side": "sell", "size": "4928.60000000", "price": "0.73320000", "time": "2025-07-13T12:10:33.173583Z", "fetched_at": "2025-07-13T12:10:52.643737+00:00", "symbol": "ADA-USD"}, {"trade_id": 143336570, "side": "sell", "size": "776.41585724", "price": "0.73320000", "time": "2025-07-13T12:10:33.173583Z", "fetched_at": "2025-07-13T12:10:52.643737+00:00", "symbol": "ADA-USD"}, {"trade_id": 143336569, "side": "sell", "size": "805.70000000", "price": "0.73320000", "time": "2025-07-13T12:10:33.173583Z", "fetched_at": "2025-07-13T12:10:52.643737+00:00", "symbol": "ADA-USD"}, {"trade_id": 143336568, "side": "sell", "size": "275.00859402", "price": "0.73320000", "time": "2025-07-13T12:10:33.173583Z", "fetched_at": "2025-07-13T12:10:52.643737+00:00", "symbol": "ADA-USD"}, {"trade_id": 143336567, "side": "sell", "size": "310.50000000", "price": "0.73320000", "time": "2025-07-13T12:10:33.173583Z", "fetched_at": "2025-07-13T12:10:52.643737+00:00", "symbol": "ADA-USD"}, {"trade_id": 143336566, "side": "sell", "size": "1.60000000", "price": "0.73320000", "time": "2025-07-13T12:10:33.173583Z", "fetched_at": "2025-07-13T12:10:52.643737+00:00", "symbol": "ADA-USD"}, {"trade_id": 143336565, "side": "sell", "size": "18.34210831", "price": "0.73320000", "time": "2025-07-13T12:10:33.173583Z", "fetched_at": "2025-07-13T12:10:52.643737+00:00", "symbol": "ADA-USD"}, {"trade_id": 143336564, "side": "sell", "size": "0.06188025", "price": "0.73320000", "time": "2025-07-13T12:10:33.173583Z", "fetched_at": "2025-07-13T12:10:52.643737+00:00", "symbol": "ADA-USD"}, {"trade_id": 143336563, "side": "sell", "size": "0.10000000", "price": "0.73320000", "time": "2025-07-13T12:10:33.173583Z", "fetched_at": "2025-07-13T12:10:52.643737+00:00", "symbol": "ADA-USD"}, {"trade_id": 143336562, "side": "sell", "size": "9.38325991", "price": "0.73320000", "time": "2025-07-13T12:10:33.173583Z", "fetched_at": "2025-07-13T12:10:52.643737+00:00", "symbol": "ADA-USD"}, {"trade_id": 143336561, "side": "sell", "size": "20646.80279469", "price": "0.73310000", "time": "2025-07-13T12:10:33.173583Z", "fetched_at": "2025-07-13T12:10:52.643737+00:00", "symbol": "ADA-USD"}, {"trade_id": 143336560, "side": "sell", "size": "776.41585724", "price": "0.73310000", "time": "2025-07-13T12:10:33.173583Z", "fetched_at": "2025-07-13T12:10:52.643737+00:00", "symbol": "ADA-USD"}, {"trade_id": 143336559, "side": "sell", "size": "810.81444132", "price": "0.73310000", "time": "2025-07-13T12:10:33.173583Z", "fetched_at": "2025-07-13T12:10:52.643737+00:00", "symbol": "ADA-USD"}, {"trade_id": 143336558, "side": "sell", "size": "1.60000000", "price": "0.73310000", "time": "2025-07-13T12:10:33.173583Z", "fetched_at": "2025-07-13T12:10:52.643737+00:00", "symbol": "ADA-USD"}, {"trade_id": 143336557, "side": "sell", "size": "310.50000000", "price": "0.73310000", "time": "2025-07-13T12:10:33.173583Z", "fetched_at": "2025-07-13T12:10:52.643737+00:00", "symbol": "ADA-USD"}, {"trade_id": 143336556, "side": "sell", "size": "750.72516925", "price": "0.73300000", "time": "2025-07-13T12:10:33.173583Z", "fetched_at": "2025-07-13T12:10:52.643737+00:00", "symbol": "ADA-USD"}, {"trade_id": 143336555, "side": "sell", "size": "667.05966684", "price": "0.73300000", "time": "2025-07-13T12:10:33.173583Z", "fetched_at": "2025-07-13T12:10:52.643737+00:00", "symbol": "ADA-USD"}, {"trade_id": 143336554, "side": "sell", "size": "614.49251163", "price": "0.73300000", "time": "2025-07-13T12:10:33.173583Z", "fetched_at": "2025-07-13T12:10:52.643737+00:00", "symbol": "ADA-USD"}, {"trade_id": 143336553, "side": "sell", "size": "1.60000000", "price": "0.73300000", "time": "2025-07-13T12:10:33.173583Z", "fetched_at": "2025-07-13T12:10:52.643737+00:00", "symbol": "ADA-USD"}, {"trade_id": 143336552, "side": "sell", "size": "2.20951101", "price": "0.73290000", "time": "2025-07-13T12:10:33.173583Z", "fetched_at": "2025-07-13T12:10:52.643737+00:00", "symbol": "ADA-USD"}, {"trade_id": 143336551, "side": "sell", "size": "777.12562335", "price": "0.73290000", "time": "2025-07-13T12:10:33.173583Z", "fetched_at": "2025-07-13T12:10:52.643737+00:00", "symbol": "ADA-USD"}, {"trade_id": 143336550, "side": "sell", "size": "1.60000000", "price": "0.73290000", "time": "2025-07-13T12:10:33.173583Z", "fetched_at": "2025-07-13T12:10:52.643737+00:00", "symbol": "ADA-USD"}, {"trade_id": 143336549, "side": "sell", "size": "3.57536141", "price": "0.73280000", "time": "2025-07-13T12:10:32.801145Z", "fetched_at": "2025-07-13T12:10:52.643737+00:00", "symbol": "ADA-USD"}, {"trade_id": 143336548, "side": "sell", "size": "4.98752975", "price": "0.73280000", "time": "2025-07-13T12:10:27.302757Z", "fetched_at": "2025-07-13T12:10:52.643737+00:00", "symbol": "ADA-USD"}, {"trade_id": 143336547, "side": "sell", "size": "1.60000000", "price": "0.73280000", "time": "2025-07-13T12:10:27.302757Z", "fetched_at": "2025-07-13T12:10:52.643737+00:00", "symbol": "ADA-USD"}, {"trade_id": 143336546, "side": "sell", "size": "8.64115106", "price": "0.73270000", "time": "2025-07-13T12:10:26.153940Z", "fetched_at": "2025-07-13T12:10:52.643737+00:00", "symbol": "ADA-USD"}, {"trade_id": 143336545, "side": "sell", "size": "0.00990000", "price": "0.73270000", "time": "2025-07-13T12:10:23.900865Z", "fetched_at": "2025-07-13T12:10:52.643737+00:00", "symbol": "ADA-USD"}, {"trade_id": 143336544, "side": "sell", "size": "13.33758152", "price": "0.73260000", "time": "2025-07-13T12:10:22.170630Z", "fetched_at": "2025-07-13T12:10:52.643737+00:00", "symbol": "ADA-USD"}, {"trade_id": 143336543, "side": "sell", "size": "6.85261256", "price": "0.73260000", "time": "2025-07-13T12:10:22.170630Z", "fetched_at": "2025-07-13T12:10:52.643737+00:00", "symbol": "ADA-USD"}, {"trade_id": 143336542, "side": "buy", "size": "67.62070332", "price": "0.73240000", "time": "2025-07-13T12:10:19.981358Z", "fetched_at": "2025-07-13T12:10:52.643737+00:00", "symbol": "ADA-USD"}, {"trade_id": 143336541, "side": "buy", "size": "765.20797254", "price": "0.73240000", "time": "2025-07-13T12:10:19.981358Z", "fetched_at": "2025-07-13T12:10:52.643737+00:00", "symbol": "ADA-USD"}, {"trade_id": 143336540, "side": "buy", "size": "13.65187714", "price": "0.73250000", "time": "2025-07-13T12:10:19.981358Z", "fetched_at": "2025-07-13T12:10:52.643737+00:00", "symbol": "ADA-USD"}, {"trade_id": 143336539, "side": "sell", "size": "0.00777739", "price": "0.73260000", "time": "2025-07-13T12:10:18.055278Z", "fetched_at": "2025-07-13T12:10:52.643737+00:00", "symbol": "ADA-USD"}, {"trade_id": 143336538, "side": "sell", "size": "19.52522293", "price": "0.73260000", "time": "2025-07-13T12:10:18.040647Z", "fetched_at": "2025-07-13T12:10:52.643737+00:00", "symbol": "ADA-USD"}, {"trade_id": 143336537, "side": "sell", "size": "3757.00000000", "price": "0.73260000", "time": "2025-07-13T12:10:15.927750Z", "fetched_at": "2025-07-13T12:10:52.643737+00:00", "symbol": "ADA-USD"}, {"trade_id": 143336536, "side": "sell", "size": "46.40899700", "price": "0.73260000", "time": "2025-07-13T12:10:11.915441Z", "fetched_at": "2025-07-13T12:10:52.643737+00:00", "symbol": "ADA-USD"}, {"trade_id": 143336535, "side": "buy", "size": "9.03046800", "price": "0.73250000", "time": "2025-07-13T12:10:11.636573Z", "fetched_at": "2025-07-13T12:10:52.643737+00:00", "symbol": "ADA-USD"}, {"trade_id": 143336534, "side": "sell", "size": "13.65097626", "price": "0.73260000", "time": "2025-07-13T12:10:09.804889Z", "fetched_at": "2025-07-13T12:10:52.643737+00:00", "symbol": "ADA-USD"}, {"trade_id": 143336533, "side": "sell", "size": "50.00000000", "price": "0.73270000", "time": "2025-07-13T12:10:09.797681Z", "fetched_at": "2025-07-13T12:10:52.643737+00:00", "symbol": "ADA-USD"}, {"trade_id": 143336532, "side": "sell", "size": "1.60000000", "price": "0.73270000", "time": "2025-07-13T12:10:09.797681Z", "fetched_at": "2025-07-13T12:10:52.643737+00:00", "symbol": "ADA-USD"}, {"trade_id": 143336531, "side": "sell", "size": "13.65097626", "price": "0.73260000", "time": "2025-07-13T12:10:09.795457Z", "fetched_at": "2025-07-13T12:10:52.643737+00:00", "symbol": "ADA-USD"}, {"trade_id": 143336530, "side": "sell", "size": "1.60000000", "price": "0.73260000", "time": "2025-07-13T12:10:09.795457Z", "fetched_at": "2025-07-13T12:10:52.643737+00:00", "symbol": "ADA-USD"}, {"trade_id": 143336529, "side": "buy", "size": "70.86167000", "price": "0.73250000", "time": "2025-07-13T12:10:07.478188Z", "fetched_at": "2025-07-13T12:10:52.643737+00:00", "symbol": "ADA-USD"}, {"trade_id": 143336528, "side": "sell", "size": "0.00777845", "price": "0.73250000", "time": "2025-07-13T12:10:01.924266Z", "fetched_at": "2025-07-13T12:10:52.643737+00:00", "symbol": "ADA-USD"}, {"trade_id": 143336527, "side": "sell", "size": "19.44614644", "price": "0.73250000", "time": "2025-07-13T12:10:01.908840Z", "fetched_at": "2025-07-13T12:10:52.643737+00:00", "symbol": "ADA-USD"}, {"trade_id": 143336526, "side": "sell", "size": "3.08472717", "price": "0.73230000", "time": "2025-07-13T12:10:01.085073Z", "fetched_at": "2025-07-13T12:10:52.643737+00:00", "symbol": "ADA-USD"}, {"trade_id": 143336525, "side": "sell", "size": "0.00005212", "price": "0.73220000", "time": "2025-07-13T12:10:00.605678Z", "fetched_at": "2025-07-13T12:10:52.643737+00:00", "symbol": "ADA-USD"}, {"trade_id": 143336524, "side": "sell", "size": "13.65830000", "price": "0.73220000", "time": "2025-07-13T12:10:00.602716Z", "fetched_at": "2025-07-13T12:10:52.643737+00:00", "symbol": "ADA-USD"}, {"trade_id": 143336523, "side": "buy", "size": "1.60000000", "price": "0.73210000", "time": "2025-07-13T12:10:00.475688Z", "fetched_at": "2025-07-13T12:10:52.643737+00:00", "symbol": "ADA-USD"}, {"trade_id": 143336522, "side": "buy", "size": "1.60000000", "price": "0.73220000", "time": "2025-07-13T12:09:58.737008Z", "fetched_at": "2025-07-13T12:10:52.643737+00:00", "symbol": "ADA-USD"}, {"trade_id": 143336521, "side": "buy", "size": "2.02906348", "price": "0.73230000", "time": "2025-07-13T12:09:57.361228Z", "fetched_at": "2025-07-13T12:10:52.643737+00:00", "symbol": "ADA-USD"}, {"trade_id": 143336520, "side": "buy", "size": "1.60000000", "price": "0.73230000", "time": "2025-07-13T12:09:57.361228Z", "fetched_at": "2025-07-13T12:10:52.643737+00:00", "symbol": "ADA-USD"}, {"trade_id": 143336519, "side": "buy", "size": "2.40786089", "price": "0.73240000", "time": "2025-07-13T12:09:57.031007Z", "fetched_at": "2025-07-13T12:10:52.643737+00:00", "symbol": "ADA-USD"}, {"trade_id": 143336518, "side": "buy", "size": "2.29505908", "price": "0.73240000", "time": "2025-07-13T12:09:56.921645Z", "fetched_at": "2025-07-13T12:10:52.643737+00:00", "symbol": "ADA-USD"}, {"trade_id": 143336517, "side": "buy", "size": "275.00859402", "price": "0.73240000", "time": "2025-07-13T12:09:54.980748Z", "fetched_at": "2025-07-13T12:10:52.643737+00:00", "symbol": "ADA-USD"}, {"trade_id": 143336516, "side": "buy", "size": "797.77741694", "price": "0.73240000", "time": "2025-07-13T12:09:54.980748Z", "fetched_at": "2025-07-13T12:10:52.643737+00:00", "symbol": "ADA-USD"}, {"trade_id": 143336515, "side": "buy", "size": "441.33199061", "price": "0.73240000", "time": "2025-07-13T12:09:54.980748Z", "fetched_at": "2025-07-13T12:10:52.643737+00:00", "symbol": "ADA-USD"}, {"trade_id": 143336514, "side": "buy", "size": "776.41585724", "price": "0.73240000", "time": "2025-07-13T12:09:54.980748Z", "fetched_at": "2025-07-13T12:10:52.643737+00:00", "symbol": "ADA-USD"}, {"trade_id": 143336513, "side": "buy", "size": "1.60000000", "price": "0.73240000", "time": "2025-07-13T12:09:54.980748Z", "fetched_at": "2025-07-13T12:10:52.643737+00:00", "symbol": "ADA-USD"}, {"trade_id": 143336512, "side": "buy", "size": "1918.25916518", "price": "0.73250000", "time": "2025-07-13T12:09:54.979797Z", "fetched_at": "2025-07-13T12:10:52.643737+00:00", "symbol": "ADA-USD"}, {"trade_id": 143336511, "side": "buy", "size": "776.41585724", "price": "0.73250000", "time": "2025-07-13T12:09:54.979797Z", "fetched_at": "2025-07-13T12:10:52.643737+00:00", "symbol": "ADA-USD"}, {"trade_id": 143336510, "side": "buy", "size": "310.50000000", "price": "0.73250000", "time": "2025-07-13T12:09:54.979797Z", "fetched_at": "2025-07-13T12:10:52.643737+00:00", "symbol": "ADA-USD"}, {"trade_id": 143336509, "side": "buy", "size": "3.53096244", "price": "0.73260000", "time": "2025-07-13T12:09:54.979797Z", "fetched_at": "2025-07-13T12:10:52.643737+00:00", "symbol": "ADA-USD"}, {"trade_id": 143336508, "side": "buy", "size": "54.32296043", "price": "0.73260000", "time": "2025-07-13T12:09:54.979797Z", "fetched_at": "2025-07-13T12:10:52.643737+00:00", "symbol": "ADA-USD"}, {"trade_id": 143336507, "side": "buy", "size": "9.23345673", "price": "0.73250000", "time": "2025-07-13T12:09:48.201229Z", "fetched_at": "2025-07-13T12:10:52.643737+00:00", "symbol": "ADA-USD"}, {"trade_id": 143336506, "side": "buy", "size": "3.52963697", "price": "0.73250000", "time": "2025-07-13T12:09:48.201229Z", "fetched_at": "2025-07-13T12:10:52.643737+00:00", "symbol": "ADA-USD"}, {"trade_id": 143336505, "side": "sell", "size": "6.61845600", "price": "0.73250000", "time": "2025-07-13T12:09:47.085041Z", "fetched_at": "2025-07-13T12:10:52.643737+00:00", "symbol": "ADA-USD"}, {"trade_id": 143336504, "side": "sell", "size": "2.30000000", "price": "0.73250000", "time": "2025-07-13T12:09:43.846550Z", "fetched_at": "2025-07-13T12:10:52.643737+00:00", "symbol": "ADA-USD"}, {"trade_id": 143336503, "side": "buy", "size": "3.85496313", "price": "0.73250000", "time": "2025-07-13T12:09:43.751091Z", "fetched_at": "2025-07-13T12:10:52.643737+00:00", "symbol": "ADA-USD"}, {"trade_id": 143336502, "side": "buy", "size": "1.60000000", "price": "0.73250000", "time": "2025-07-13T12:09:43.751091Z", "fetched_at": "2025-07-13T12:10:52.643737+00:00", "symbol": "ADA-USD"}, {"trade_id": 143336501, "side": "buy", "size": "8.34844096", "price": "0.73260000", "time": "2025-07-13T12:09:43.529674Z", "fetched_at": "2025-07-13T12:10:52.643737+00:00", "symbol": "ADA-USD"}, {"trade_id": 143336500, "side": "buy", "size": "1.60000000", "price": "0.73260000", "time": "2025-07-13T12:09:43.519281Z", "fetched_at": "2025-07-13T12:10:52.643737+00:00", "symbol": "ADA-USD"}, {"trade_id": 143336499, "side": "buy", "size": "1.60000000", "price": "0.73270000", "time": "2025-07-13T12:09:43.173155Z", "fetched_at": "2025-07-13T12:10:52.643737+00:00", "symbol": "ADA-USD"}, {"trade_id": 143336498, "side": "sell", "size": "15.87621100", "price": "0.73280000", "time": "2025-07-13T12:09:43.087774Z", "fetched_at": "2025-07-13T12:10:52.643737+00:00", "symbol": "ADA-USD"}, {"trade_id": 143336497, "side": "buy", "size": "13.64628821", "price": "0.73280000", "time": "2025-07-13T12:09:42.778588Z", "fetched_at": "2025-07-13T12:10:52.643737+00:00", "symbol": "ADA-USD"}, {"trade_id": 143336496, "side": "buy", "size": "144.14272215", "price": "0.73280000", "time": "2025-07-13T12:09:42.704993Z", "fetched_at": "2025-07-13T12:10:52.643737+00:00", "symbol": "ADA-USD"}, {"trade_id": 143336495, "side": "buy", "size": "50.00000000", "price": "0.73280000", "time": "2025-07-13T12:09:42.704993Z", "fetched_at": "2025-07-13T12:10:52.643737+00:00", "symbol": "ADA-USD"}, {"trade_id": 143336494, "side": "buy", "size": "54.17283785", "price": "0.73280000", "time": "2025-07-13T12:09:42.704993Z", "fetched_at": "2025-07-13T12:10:52.643737+00:00", "symbol": "ADA-USD"}, {"trade_id": 143336493, "side": "sell", "size": "0.00968234", "price": "0.73300000", "time": "2025-07-13T12:09:40.512091Z", "fetched_at": "2025-07-13T12:10:52.643737+00:00", "symbol": "ADA-USD"}, {"trade_id": 143336492, "side": "sell", "size": "2.33233536", "price": "0.73310000", "time": "2025-07-13T12:09:40.496448Z", "fetched_at": "2025-07-13T12:10:52.643737+00:00", "symbol": "ADA-USD"}, {"trade_id": 143336491, "side": "sell", "size": "1.60000000", "price": "0.73310000", "time": "2025-07-13T12:09:40.496448Z", "fetched_at": "2025-07-13T12:10:52.643737+00:00", "symbol": "ADA-USD"}, {"trade_id": 143336490, "side": "sell", "size": "20.39976783", "price": "0.73310000", "time": "2025-07-13T12:09:40.496448Z", "fetched_at": "2025-07-13T12:10:52.643737+00:00", "symbol": "ADA-USD"}, {"trade_id": 143336489, "side": "sell", "size": "10.17806736", "price": "0.73310000", "time": "2025-07-13T12:09:40.391273Z", "fetched_at": "2025-07-13T12:10:52.643737+00:00", "symbol": "ADA-USD"}, {"trade_id": 143336488, "side": "sell", "size": "50.00000000", "price": "0.73300000", "time": "2025-07-13T12:09:40.391273Z", "fetched_at": "2025-07-13T12:10:52.643737+00:00", "symbol": "ADA-USD"}, {"trade_id": 143336487, "side": "sell", "size": "10.68360264", "price": "0.73300000", "time": "2025-07-13T12:09:40.391273Z", "fetched_at": "2025-07-13T12:10:52.643737+00:00", "symbol": "ADA-USD"}, {"trade_id": 143336486, "side": "sell", "size": "772.76831773", "price": "0.73300000", "time": "2025-07-13T12:09:37.444265Z", "fetched_at": "2025-07-13T12:10:52.643737+00:00", "symbol": "ADA-USD"}, {"trade_id": 143336485, "side": "sell", "size": "800.00000000", "price": "0.73300000", "time": "2025-07-13T12:09:37.444265Z", "fetched_at": "2025-07-13T12:10:52.643737+00:00", "symbol": "ADA-USD"}, {"trade_id": 143336484, "side": "sell", "size": "400.00000000", "price": "0.73300000", "time": "2025-07-13T12:09:37.444265Z", "fetched_at": "2025-07-13T12:10:52.643737+00:00", "symbol": "ADA-USD"}, {"trade_id": 143336483, "side": "sell", "size": "274.65133706", "price": "0.73300000", "time": "2025-07-13T12:09:37.444265Z", "fetched_at": "2025-07-13T12:10:52.643737+00:00", "symbol": "ADA-USD"}, {"trade_id": 143336482, "side": "sell", "size": "35.84866294", "price": "0.73300000", "time": "2025-07-13T12:09:37.444103Z", "fetched_at": "2025-07-13T12:10:52.643737+00:00", "symbol": "ADA-USD"}, {"trade_id": 143336481, "side": "sell", "size": "1.60000000", "price": "0.73300000", "time": "2025-07-13T12:09:37.444103Z", "fetched_at": "2025-07-13T12:10:52.643737+00:00", "symbol": "ADA-USD"}, {"trade_id": 143336480, "side": "sell", "size": "32.02286714", "price": "0.73300000", "time": "2025-07-13T12:09:37.444103Z", "fetched_at": "2025-07-13T12:10:52.643737+00:00", "symbol": "ADA-USD"}, {"trade_id": 143336479, "side": "sell", "size": "1.39013992", "price": "0.73300000", "time": "2025-07-13T12:09:37.444103Z", "fetched_at": "2025-07-13T12:10:52.643737+00:00", "symbol": "ADA-USD"}, {"trade_id": 143336478, "side": "sell", "size": "1.60000000", "price": "0.73290000", "time": "2025-07-13T12:09:37.443795Z", "fetched_at": "2025-07-13T12:10:52.643737+00:00", "symbol": "ADA-USD"}, {"trade_id": 143336477, "side": "sell", "size": "3.34585145", "price": "0.73290000", "time": "2025-07-13T12:09:37.443795Z", "fetched_at": "2025-07-13T12:10:52.643737+00:00", "symbol": "ADA-USD"}, {"trade_id": 143336476, "side": "sell", "size": "13.65307591", "price": "0.73280000", "time": "2025-07-13T12:09:37.442428Z", "fetched_at": "2025-07-13T12:10:52.643737+00:00", "symbol": "ADA-USD"}, {"trade_id": 143336475, "side": "sell", "size": "51.00306000", "price": "0.73280000", "time": "2025-07-13T12:09:37.442428Z", "fetched_at": "2025-07-13T12:10:52.643737+00:00", "symbol": "ADA-USD"}, {"trade_id": 143336474, "side": "sell", "size": "1.60000000", "price": "0.73280000", "time": "2025-07-13T12:09:35.007930Z", "fetched_at": "2025-07-13T12:10:52.643737+00:00", "symbol": "ADA-USD"}, {"trade_id": 143336473, "side": "sell", "size": "13.65307591", "price": "0.73270000", "time": "2025-07-13T12:09:34.994798Z", "fetched_at": "2025-07-13T12:10:52.643737+00:00", "symbol": "ADA-USD"}, {"trade_id": 143336472, "side": "sell", "size": "400.00000000", "price": "0.73270000", "time": "2025-07-13T12:09:34.994798Z", "fetched_at": "2025-07-13T12:10:52.643737+00:00", "symbol": "ADA-USD"}, {"trade_id": 143336471, "side": "sell", "size": "768.43566134", "price": "0.73270000", "time": "2025-07-13T12:09:34.994798Z", "fetched_at": "2025-07-13T12:10:52.643737+00:00", "symbol": "ADA-USD"}, {"trade_id": 143336470, "side": "sell", "size": "310.50000000", "price": "0.73270000", "time": "2025-07-13T12:09:34.994798Z", "fetched_at": "2025-07-13T12:10:52.643737+00:00", "symbol": "ADA-USD"}, {"trade_id": 143336469, "side": "sell", "size": "134.20957802", "price": "0.73270000", "time": "2025-07-13T12:09:34.994798Z", "fetched_at": "2025-07-13T12:10:52.643737+00:00", "symbol": "ADA-USD"}, {"trade_id": 143336468, "side": "sell", "size": "70.86167000", "price": "0.73270000", "time": "2025-07-13T12:09:34.994474Z", "fetched_at": "2025-07-13T12:10:52.643737+00:00", "symbol": "ADA-USD"}, {"trade_id": 143336467, "side": "sell", "size": "69.93734600", "price": "0.73270000", "time": "2025-07-13T12:09:34.994262Z", "fetched_at": "2025-07-13T12:10:52.643737+00:00", "symbol": "ADA-USD"}, {"trade_id": 143336466, "side": "sell", "size": "0.92432400", "price": "0.73270000", "time": "2025-07-13T12:09:34.994262Z", "fetched_at": "2025-07-13T12:10:52.643737+00:00", "symbol": "ADA-USD"}, {"trade_id": 143336465, "side": "sell", "size": "48.13717714", "price": "0.73260000", "time": "2025-07-13T12:09:34.993124Z", "fetched_at": "2025-07-13T12:10:52.643737+00:00", "symbol": "ADA-USD"}, {"trade_id": 143336464, "side": "buy", "size": "3.10774468", "price": "0.73260000", "time": "2025-07-13T12:09:33.529468Z", "fetched_at": "2025-07-13T12:10:52.643737+00:00", "symbol": "ADA-USD"}, {"trade_id": 143336463, "side": "sell", "size": "0.67567600", "price": "0.73270000", "time": "2025-07-13T12:09:31.912161Z", "fetched_at": "2025-07-13T12:10:52.643737+00:00", "symbol": "ADA-USD"}, {"trade_id": 143336462, "side": "buy", "size": "4.44990198", "price": "0.73250000", "time": "2025-07-13T12:09:23.578866Z", "fetched_at": "2025-07-13T12:10:52.643737+00:00", "symbol": "ADA-USD"}, {"trade_id": 143336461, "side": "buy", "size": "194.44104483", "price": "0.73250000", "time": "2025-07-13T12:09:22.023862Z", "fetched_at": "2025-07-13T12:10:52.643737+00:00", "symbol": "ADA-USD"}, {"trade_id": 143336460, "side": "buy", "size": "69.15043047", "price": "0.73250000", "time": "2025-07-13T12:09:22.023862Z", "fetched_at": "2025-07-13T12:10:52.643737+00:00", "symbol": "ADA-USD"}, {"trade_id": 143336459, "side": "buy", "size": "7.60556270", "price": "0.73260000", "time": "2025-07-13T12:09:22.023862Z", "fetched_at": "2025-07-13T12:10:52.643737+00:00", "symbol": "ADA-USD"}, {"trade_id": 143336458, "side": "sell", "size": "22.46742111", "price": "0.73270000", "time": "2025-07-13T12:09:21.936736Z", "fetched_at": "2025-07-13T12:10:52.643737+00:00", "symbol": "ADA-USD"}, {"trade_id": 143336457, "side": "sell", "size": "653.30049689", "price": "0.73270000", "time": "2025-07-13T12:09:21.936736Z", "fetched_at": "2025-07-13T12:10:52.643737+00:00", "symbol": "ADA-USD"}, {"trade_id": 143336456, "side": "sell", "size": "370.80846145", "price": "0.73280000", "time": "2025-07-13T12:09:17.006148Z", "fetched_at": "2025-07-13T12:10:52.643737+00:00", "symbol": "ADA-USD"}, {"trade_id": 143336455, "side": "sell", "size": "1.60000000", "price": "0.73280000", "time": "2025-07-13T12:09:17.006148Z", "fetched_at": "2025-07-13T12:10:52.643737+00:00", "symbol": "ADA-USD"}, {"trade_id": 143336454, "side": "sell", "size": "45.56552750", "price": "0.73280000", "time": "2025-07-13T12:09:17.006148Z", "fetched_at": "2025-07-13T12:10:52.643737+00:00", "symbol": "ADA-USD"}, {"trade_id": 143336453, "side": "sell", "size": "110.57573300", "price": "0.73280000", "time": "2025-07-13T12:09:17.006148Z", "fetched_at": "2025-07-13T12:10:52.643737+00:00", "symbol": "ADA-USD"}, {"trade_id": 143336452, "side": "sell", "size": "111.67842100", "price": "0.73280000", "time": "2025-07-13T12:09:17.006148Z", "fetched_at": "2025-07-13T12:10:52.643737+00:00", "symbol": "ADA-USD"}, {"trade_id": 143336451, "side": "sell", "size": "0.00588149", "price": "0.73280000", "time": "2025-07-13T12:09:17.006148Z", "fetched_at": "2025-07-13T12:10:52.643737+00:00", "symbol": "ADA-USD"}, {"trade_id": 143336450, "side": "sell", "size": "7.85045798", "price": "0.73280000", "time": "2025-07-13T12:09:17.006148Z", "fetched_at": "2025-07-13T12:10:52.643737+00:00", "symbol": "ADA-USD"}, {"trade_id": 143336449, "side": "sell", "size": "13.64930558", "price": "0.73270000", "time": "2025-07-13T12:09:17.006148Z", "fetched_at": "2025-07-13T12:10:52.643737+00:00", "symbol": "ADA-USD"}, {"trade_id": 143336448, "side": "sell", "size": "1.60000000", "price": "0.73270000", "time": "2025-07-13T12:09:17.006148Z", "fetched_at": "2025-07-13T12:10:52.643737+00:00", "symbol": "ADA-USD"}, {"trade_id": 143336447, "side": "buy", "size": "4.05643577", "price": "0.73250000", "time": "2025-07-13T12:09:15.021497Z", "fetched_at": "2025-07-13T12:10:52.643737+00:00", "symbol": "ADA-USD"}, {"trade_id": 143336446, "side": "buy", "size": "5.16812615", "price": "0.73230000", "time": "2025-07-13T12:09:08.660893Z", "fetched_at": "2025-07-13T12:10:52.643737+00:00", "symbol": "ADA-USD"}, {"trade_id": 143336445, "side": "buy", "size": "13.65187714", "price": "0.73250000", "time": "2025-07-13T12:09:00.598069Z", "fetched_at": "2025-07-13T12:10:52.643737+00:00", "symbol": "ADA-USD"}, {"trade_id": 143336444, "side": "buy", "size": "50.00000000", "price": "0.73250000", "time": "2025-07-13T12:09:00.598069Z", "fetched_at": "2025-07-13T12:10:52.643737+00:00", "symbol": "ADA-USD"}, {"trade_id": 143336443, "side": "buy", "size": "121.48380000", "price": "0.73250000", "time": "2025-07-13T12:09:00.598069Z", "fetched_at": "2025-07-13T12:10:52.643737+00:00", "symbol": "ADA-USD"}, {"trade_id": 143336442, "side": "buy", "size": "310.50000000", "price": "0.73250000", "time": "2025-07-13T12:09:00.598069Z", "fetched_at": "2025-07-13T12:10:52.643737+00:00", "symbol": "ADA-USD"}, {"trade_id": 143336441, "side": "sell", "size": "806.40000000", "price": "0.73260000", "time": "2025-07-13T12:09:00.417564Z", "fetched_at": "2025-07-13T12:10:52.643737+00:00", "symbol": "ADA-USD"}, {"trade_id": 143336440, "side": "sell", "size": "0.24846400", "price": "0.73260000", "time": "2025-07-13T12:09:00.417564Z", "fetched_at": "2025-07-13T12:10:52.643737+00:00", "symbol": "ADA-USD"}, {"trade_id": 143336439, "side": "sell", "size": "13.65684393", "price": "0.73250000", "time": "2025-07-13T12:09:00.417564Z", "fetched_at": "2025-07-13T12:10:52.643737+00:00", "symbol": "ADA-USD"}, {"trade_id": 143336438, "side": "sell", "size": "1.60000000", "price": "0.73250000", "time": "2025-07-13T12:09:00.417564Z", "fetched_at": "2025-07-13T12:10:52.643737+00:00", "symbol": "ADA-USD"}, {"trade_id": 143336437, "side": "sell", "size": "1.60000000", "price": "0.73240000", "time": "2025-07-13T12:09:00.329346Z", "fetched_at": "2025-07-13T12:10:52.643737+00:00", "symbol": "ADA-USD"}, {"trade_id": 143336436, "side": "sell", "size": "3267.82510787", "price": "0.73220000", "time": "2025-07-13T12:08:52.922540Z", "fetched_at": "2025-07-13T12:10:52.643737+00:00", "symbol": "ADA-USD"}, {"trade_id": 143336435, "side": "sell", "size": "41.13275936", "price": "0.73220000", "time": "2025-07-13T12:08:52.922540Z", "fetched_at": "2025-07-13T12:10:52.643737+00:00", "symbol": "ADA-USD"}, {"trade_id": 143336434, "side": "buy", "size": "18.46815392", "price": "0.73220000", "time": "2025-07-13T12:08:46.118921Z", "fetched_at": "2025-07-13T12:10:52.643737+00:00", "symbol": "ADA-USD"}, {"trade_id": 143336433, "side": "buy", "size": "310.50000000", "price": "0.73220000", "time": "2025-07-13T12:08:46.118921Z", "fetched_at": "2025-07-13T12:10:52.643737+00:00", "symbol": "ADA-USD"}, {"trade_id": 143336432, "side": "buy", "size": "41.55334633", "price": "0.73220000", "time": "2025-07-13T12:08:46.118921Z", "fetched_at": "2025-07-13T12:10:52.643737+00:00", "symbol": "ADA-USD"}, {"trade_id": 143336431, "side": "sell", "size": "1.60000000", "price": "0.73220000", "time": "2025-07-13T12:08:46.083385Z", "fetched_at": "2025-07-13T12:10:52.643737+00:00", "symbol": "ADA-USD"}, {"trade_id": 143336430, "side": "sell", "size": "776.41585724", "price": "0.73220000", "time": "2025-07-13T12:08:46.083385Z", "fetched_at": "2025-07-13T12:10:52.643737+00:00", "symbol": "ADA-USD"}, {"trade_id": 143336429, "side": "sell", "size": "1489.38444600", "price": "0.73220000", "time": "2025-07-13T12:08:46.083385Z", "fetched_at": "2025-07-13T12:10:52.643737+00:00", "symbol": "ADA-USD"}, {"trade_id": 143336428, "side": "sell", "size": "1.60000000", "price": "0.73210000", "time": "2025-07-13T12:08:46.083385Z", "fetched_at": "2025-07-13T12:10:52.643737+00:00", "symbol": "ADA-USD"}, {"trade_id": 143336427, "side": "sell", "size": "1.60000000", "price": "0.73200000", "time": "2025-07-13T12:08:46.078325Z", "fetched_at": "2025-07-13T12:10:52.643737+00:00", "symbol": "ADA-USD"}, {"trade_id": 143336426, "side": "sell", "size": "13.66625018", "price": "0.73190000", "time": "2025-07-13T12:08:46.076333Z", "fetched_at": "2025-07-13T12:10:52.643737+00:00", "symbol": "ADA-USD"}, {"trade_id": 143336425, "side": "sell", "size": "25.99993364", "price": "0.73190000", "time": "2025-07-13T12:08:46.074555Z", "fetched_at": "2025-07-13T12:10:52.643737+00:00", "symbol": "ADA-USD"}, {"trade_id": 143336424, "side": "buy", "size": "339.11388073", "price": "0.73160000", "time": "2025-07-13T12:08:45.111650Z", "fetched_at": "2025-07-13T12:10:52.643737+00:00", "symbol": "ADA-USD"}, {"trade_id": 143336423, "side": "buy", "size": "2.05614927", "price": "0.73170000", "time": "2025-07-13T12:08:45.111650Z", "fetched_at": "2025-07-13T12:10:52.643737+00:00", "symbol": "ADA-USD"}, {"trade_id": 143336422, "side": "buy", "size": "1.60000000", "price": "0.73170000", "time": "2025-07-13T12:08:45.111650Z", "fetched_at": "2025-07-13T12:10:52.643737+00:00", "symbol": "ADA-USD"}, {"trade_id": 143336421, "side": "sell", "size": "13.61041268", "price": "0.73180000", "time": "2025-07-13T12:08:43.683126Z", "fetched_at": "2025-07-13T12:10:52.643737+00:00", "symbol": "ADA-USD"}, {"trade_id": 143336420, "side": "buy", "size": "2.46666049", "price": "0.73180000", "time": "2025-07-13T12:08:43.260813Z", "fetched_at": "2025-07-13T12:10:52.643737+00:00", "symbol": "ADA-USD"}, {"trade_id": 143336419, "side": "buy", "size": "1.60000000", "price": "0.73180000", "time": "2025-07-13T12:08:43.260813Z", "fetched_at": "2025-07-13T12:10:52.643737+00:00", "symbol": "ADA-USD"}, {"trade_id": 143336418, "side": "buy", "size": "50.00000000", "price": "0.73190000", "time": "2025-07-13T12:08:41.975899Z", "fetched_at": "2025-07-13T12:10:52.643737+00:00", "symbol": "ADA-USD"}, {"trade_id": 143336417, "side": "buy", "size": "1.60000000", "price": "0.73190000", "time": "2025-07-13T12:08:41.975899Z", "fetched_at": "2025-07-13T12:10:52.643737+00:00", "symbol": "ADA-USD"}, {"trade_id": 143336416, "side": "buy", "size": "3.04542894", "price": "0.73200000", "time": "2025-07-13T12:08:41.974239Z", "fetched_at": "2025-07-13T12:10:52.643737+00:00", "symbol": "ADA-USD"}, {"trade_id": 143336415, "side": "buy", "size": "1.60000000", "price": "0.73200000", "time": "2025-07-13T12:08:41.974239Z", "fetched_at": "2025-07-13T12:10:52.643737+00:00", "symbol": "ADA-USD"}, {"trade_id": 143336414, "side": "buy", "size": "3.46134358", "price": "0.73210000", "time": "2025-07-13T12:08:41.805899Z", "fetched_at": "2025-07-13T12:10:52.643737+00:00", "symbol": "ADA-USD"}, {"trade_id": 143336413, "side": "sell", "size": "7.91963900", "price": "0.73220000", "time": "2025-07-13T12:08:40.003348Z", "fetched_at": "2025-07-13T12:10:52.643737+00:00", "symbol": "ADA-USD"}, {"trade_id": 143336412, "side": "sell", "size": "39.79338400", "price": "0.73220000", "time": "2025-07-13T12:08:37.968155Z", "fetched_at": "2025-07-13T12:10:52.643737+00:00", "symbol": "ADA-USD"}, {"trade_id": 143336411, "side": "buy", "size": "8.76384078", "price": "0.73210000", "time": "2025-07-13T12:08:35.519360Z", "fetched_at": "2025-07-13T12:10:52.643737+00:00", "symbol": "ADA-USD"}, {"trade_id": 143336410, "side": "sell", "size": "219.59077960", "price": "0.73240000", "time": "2025-07-13T12:08:34.737997Z", "fetched_at": "2025-07-13T12:10:52.643737+00:00", "symbol": "ADA-USD"}, {"trade_id": 143336409, "side": "sell", "size": "1786.36732000", "price": "0.73230000", "time": "2025-07-13T12:08:34.737997Z", "fetched_at": "2025-07-13T12:10:52.643737+00:00", "symbol": "ADA-USD"}, {"trade_id": 143336408, "side": "sell", "size": "653.24066029", "price": "0.73230000", "time": "2025-07-13T12:08:34.737997Z", "fetched_at": "2025-07-13T12:10:52.643737+00:00", "symbol": "ADA-USD"}, {"trade_id": 143336407, "side": "sell", "size": "51.00306000", "price": "0.73220000", "time": "2025-07-13T12:08:34.737997Z", "fetched_at": "2025-07-13T12:10:52.643737+00:00", "symbol": "ADA-USD"}, {"trade_id": 143336406, "side": "sell", "size": "13.65863468", "price": "0.73220000", "time": "2025-07-13T12:08:34.737997Z", "fetched_at": "2025-07-13T12:10:52.643737+00:00", "symbol": "ADA-USD"}, {"trade_id": 143336405, "side": "sell", "size": "40.17898422", "price": "0.73220000", "time": "2025-07-13T12:08:34.737997Z", "fetched_at": "2025-07-13T12:10:52.643737+00:00", "symbol": "ADA-USD"}, {"trade_id": 143336404, "side": "sell", "size": "686.99263721", "price": "0.73220000", "time": "2025-07-13T12:08:34.737997Z", "fetched_at": "2025-07-13T12:10:52.643737+00:00", "symbol": "ADA-USD"}, {"trade_id": 143336403, "side": "buy", "size": "1.60000000", "price": "0.73220000", "time": "2025-07-13T12:08:33.468483Z", "fetched_at": "2025-07-13T12:10:52.643737+00:00", "symbol": "ADA-USD"}, {"trade_id": 143336402, "side": "buy", "size": "1.60000000", "price": "0.73230000", "time": "2025-07-13T12:08:30.660793Z", "fetched_at": "2025-07-13T12:10:52.643737+00:00", "symbol": "ADA-USD"}, {"trade_id": 143336401, "side": "buy", "size": "4.30937343", "price": "0.73240000", "time": "2025-07-13T12:08:30.445981Z", "fetched_at": "2025-07-13T12:10:52.643737+00:00", "symbol": "ADA-USD"}, {"trade_id": 143336400, "side": "sell", "size": "1.35153600", "price": "0.73260000", "time": "2025-07-13T12:08:25.192839Z", "fetched_at": "2025-07-13T12:10:52.643737+00:00", "symbol": "ADA-USD"}, {"trade_id": 143336399, "side": "buy", "size": "2.95653356", "price": "0.73240000", "time": "2025-07-13T12:08:22.465775Z", "fetched_at": "2025-07-13T12:10:52.643737+00:00", "symbol": "ADA-USD"}, {"trade_id": 143336398, "side": "buy", "size": "310.50000000", "price": "0.73240000", "time": "2025-07-13T12:08:22.465775Z", "fetched_at": "2025-07-13T12:10:52.643737+00:00", "symbol": "ADA-USD"}, {"trade_id": 143336397, "side": "buy", "size": "7.86526744", "price": "0.73250000", "time": "2025-07-13T12:08:22.465775Z", "fetched_at": "2025-07-13T12:10:52.643737+00:00", "symbol": "ADA-USD"}, {"trade_id": 143336396, "side": "sell", "size": "1.60000000", "price": "0.73250000", "time": "2025-07-13T12:08:18.199827Z", "fetched_at": "2025-07-13T12:10:52.643737+00:00", "symbol": "ADA-USD"}, {"trade_id": 143336395, "side": "sell", "size": "50.00000000", "price": "0.73240000", "time": "2025-07-13T12:08:16.094966Z", "fetched_at": "2025-07-13T12:10:52.643737+00:00", "symbol": "ADA-USD"}, {"trade_id": 143336394, "side": "sell", "size": "13.65844140", "price": "0.73240000", "time": "2025-07-13T12:08:16.094966Z", "fetched_at": "2025-07-13T12:10:52.643737+00:00", "symbol": "ADA-USD"}, {"trade_id": 143336393, "side": "sell", "size": "1.60000000", "price": "0.73240000", "time": "2025-07-13T12:08:16.094966Z", "fetched_at": "2025-07-13T12:10:52.643737+00:00", "symbol": "ADA-USD"}, {"trade_id": 143336392, "side": "sell", "size": "1.60000000", "price": "0.73230000", "time": "2025-07-13T12:08:16.094841Z", "fetched_at": "2025-07-13T12:10:52.643737+00:00", "symbol": "ADA-USD"}, {"trade_id": 143336391, "side": "sell", "size": "1.60000000", "price": "0.73220000", "time": "2025-07-13T12:08:16.094841Z", "fetched_at": "2025-07-13T12:10:52.643737+00:00", "symbol": "ADA-USD"}, {"trade_id": 143336390, "side": "buy", "size": "7.00326507", "price": "0.73210000", "time": "2025-07-13T12:08:15.488274Z", "fetched_at": "2025-07-13T12:10:52.643737+00:00", "symbol": "ADA-USD"}, {"trade_id": 143336389, "side": "buy", "size": "400.00000000", "price": "0.73210000", "time": "2025-07-13T12:08:15.488274Z", "fetched_at": "2025-07-13T12:10:52.643737+00:00", "symbol": "ADA-USD"}, {"trade_id": 143336388, "side": "buy", "size": "709.83310083", "price": "0.73210000", "time": "2025-07-13T12:08:15.488274Z", "fetched_at": "2025-07-13T12:10:52.643737+00:00", "symbol": "ADA-USD"}, {"trade_id": 143336387, "side": "buy", "size": "124.83840000", "price": "0.73210000", "time": "2025-07-13T12:08:15.488274Z", "fetched_at": "2025-07-13T12:10:52.643737+00:00", "symbol": "ADA-USD"}, {"trade_id": 143336386, "side": "buy", "size": "2.58849810", "price": "0.73210000", "time": "2025-07-13T12:08:15.488274Z", "fetched_at": "2025-07-13T12:10:52.643737+00:00", "symbol": "ADA-USD"}, {"trade_id": 143336385, "side": "buy", "size": "121.48380000", "price": "0.73210000", "time": "2025-07-13T12:08:15.488274Z", "fetched_at": "2025-07-13T12:10:52.643737+00:00", "symbol": "ADA-USD"}, {"trade_id": 143336384, "side": "buy", "size": "2.76142726", "price": "0.73200000", "time": "2025-07-13T12:08:10.353351Z", "fetched_at": "2025-07-13T12:10:52.643737+00:00", "symbol": "ADA-USD"}, {"trade_id": 143336383, "side": "buy", "size": "4.36713962", "price": "0.73210000", "time": "2025-07-13T12:08:09.355365Z", "fetched_at": "2025-07-13T12:10:52.643737+00:00", "symbol": "ADA-USD"}, {"trade_id": 143336382, "side": "buy", "size": "1.60000000", "price": "0.73200000", "time": "2025-07-13T12:08:08.118273Z", "fetched_at": "2025-07-13T12:10:52.643737+00:00", "symbol": "ADA-USD"}, {"trade_id": 143336381, "side": "buy", "size": "62.25804366", "price": "0.73210000", "time": "2025-07-13T12:08:08.115368Z", "fetched_at": "2025-07-13T12:10:52.643737+00:00", "symbol": "ADA-USD"}, {"trade_id": 143336380, "side": "buy", "size": "8.60362634", "price": "0.73220000", "time": "2025-07-13T12:08:08.115368Z", "fetched_at": "2025-07-13T12:10:52.643737+00:00", "symbol": "ADA-USD"}, {"trade_id": 143336379, "side": "sell", "size": "13.27229800", "price": "0.73220000", "time": "2025-07-13T12:08:07.217128Z", "fetched_at": "2025-07-13T12:10:52.643737+00:00", "symbol": "ADA-USD"}, {"trade_id": 143336378, "side": "buy", "size": "1.60000000", "price": "0.73210000", "time": "2025-07-13T12:08:04.379485Z", "fetched_at": "2025-07-13T12:10:52.643737+00:00", "symbol": "ADA-USD"}, {"trade_id": 143336377, "side": "buy", "size": "3.13716772", "price": "0.73230000", "time": "2025-07-13T12:08:01.979457Z", "fetched_at": "2025-07-13T12:10:52.643737+00:00", "symbol": "ADA-USD"}, {"trade_id": 143336376, "side": "buy", "size": "50.00000000", "price": "0.73230000", "time": "2025-07-13T12:07:53.072543Z", "fetched_at": "2025-07-13T12:10:52.643737+00:00", "symbol": "ADA-USD"}, {"trade_id": 143336375, "side": "sell", "size": "13.65653042", "price": "0.73230000", "time": "2025-07-13T12:07:53.008527Z", "fetched_at": "2025-07-13T12:10:52.643737+00:00", "symbol": "ADA-USD"}, {"trade_id": 143336374, "side": "sell", "size": "0.09761186", "price": "0.73220000", "time": "2025-07-13T12:07:51.352738Z", "fetched_at": "2025-07-13T12:10:52.643737+00:00", "symbol": "ADA-USD"}, {"trade_id": 143336373, "side": "sell", "size": "26.77443866", "price": "0.73230000", "time": "2025-07-13T12:07:51.333542Z", "fetched_at": "2025-07-13T12:10:52.643737+00:00", "symbol": "ADA-USD"}, {"trade_id": 143336372, "side": "sell", "size": "13.64920006", "price": "0.73230000", "time": "2025-07-13T12:07:51.333542Z", "fetched_at": "2025-07-13T12:10:52.643737+00:00", "symbol": "ADA-USD"}, {"trade_id": 143336371, "side": "sell", "size": "120.30985000", "price": "0.73230000", "time": "2025-07-13T12:07:51.333542Z", "fetched_at": "2025-07-13T12:10:52.643737+00:00", "symbol": "ADA-USD"}, {"trade_id": 143336370, "side": "sell", "size": "50.00000000", "price": "0.73220000", "time": "2025-07-13T12:07:51.333542Z", "fetched_at": "2025-07-13T12:10:52.643737+00:00", "symbol": "ADA-USD"}, {"trade_id": 143336369, "side": "sell", "size": "33.49198445", "price": "0.73220000", "time": "2025-07-13T12:07:51.333542Z", "fetched_at": "2025-07-13T12:10:52.643737+00:00", "symbol": "ADA-USD"}, {"trade_id": 143336368, "side": "buy", "size": "1.60000000", "price": "0.73220000", "time": "2025-07-13T12:07:51.232900Z", "fetched_at": "2025-07-13T12:10:52.643737+00:00", "symbol": "ADA-USD"}, {"trade_id": 143336367, "side": "sell", "size": "30.81698003", "price": "0.73240000", "time": "2025-07-13T12:07:50.355796Z", "fetched_at": "2025-07-13T12:10:52.643737+00:00", "symbol": "ADA-USD"}, {"trade_id": 143336366, "side": "sell", "size": "4.08237197", "price": "0.73240000", "time": "2025-07-13T12:07:50.355796Z", "fetched_at": "2025-07-13T12:10:52.643737+00:00", "symbol": "ADA-USD"}, {"trade_id": 143336365, "side": "sell", "size": "32.90053902", "price": "0.73240000", "time": "2025-07-13T12:07:50.355796Z", "fetched_at": "2025-07-13T12:10:52.643737+00:00", "symbol": "ADA-USD"}, {"trade_id": 143336364, "side": "sell", "size": "3.06177898", "price": "0.73240000", "time": "2025-07-13T12:07:50.355796Z", "fetched_at": "2025-07-13T12:10:52.643737+00:00", "symbol": "ADA-USD"}, {"trade_id": 143336363, "side": "buy", "size": "50.00000000", "price": "0.73240000", "time": "2025-07-13T12:07:50.351694Z", "fetched_at": "2025-07-13T12:10:52.643737+00:00", "symbol": "ADA-USD"}, {"trade_id": 143336362, "side": "buy", "size": "459.46397598", "price": "0.73240000", "time": "2025-07-13T12:07:50.347983Z", "fetched_at": "2025-07-13T12:10:52.643737+00:00", "symbol": "ADA-USD"}, {"trade_id": 143336361, "side": "buy", "size": "275.00859402", "price": "0.73240000", "time": "2025-07-13T12:07:50.347983Z", "fetched_at": "2025-07-13T12:10:52.643737+00:00", "symbol": "ADA-USD"}, {"trade_id": 143336360, "side": "buy", "size": "1.60000000", "price": "0.73240000", "time": "2025-07-13T12:07:50.347983Z", "fetched_at": "2025-07-13T12:10:52.643737+00:00", "symbol": "ADA-USD"}, {"trade_id": 143336359, "side": "buy", "size": "825.51100356", "price": "0.73250000", "time": "2025-07-13T12:07:50.342521Z", "fetched_at": "2025-07-13T12:10:52.643737+00:00", "symbol": "ADA-USD"}, {"trade_id": 143336358, "side": "buy", "size": "7881.93566008", "price": "0.73250000", "time": "2025-07-13T12:07:50.342521Z", "fetched_at": "2025-07-13T12:10:52.643737+00:00", "symbol": "ADA-USD"}, {"trade_id": 143336357, "side": "buy", "size": "1975.76433992", "price": "0.73250000", "time": "2025-07-13T12:07:50.342361Z", "fetched_at": "2025-07-13T12:10:52.643737+00:00", "symbol": "ADA-USD"}, {"trade_id": 143336356, "side": "buy", "size": "12.24711592", "price": "0.73250000", "time": "2025-07-13T12:07:50.342361Z", "fetched_at": "2025-07-13T12:10:52.643737+00:00", "symbol": "ADA-USD"}, {"trade_id": 143336355, "side": "buy", "size": "275.00859402", "price": "0.73250000", "time": "2025-07-13T12:07:50.342361Z", "fetched_at": "2025-07-13T12:10:52.643737+00:00", "symbol": "ADA-USD"}, {"trade_id": 143336354, "side": "buy", "size": "776.41585724", "price": "0.73250000", "time": "2025-07-13T12:07:50.342361Z", "fetched_at": "2025-07-13T12:10:52.643737+00:00", "symbol": "ADA-USD"}, {"trade_id": 143336353, "side": "buy", "size": "16.32948789", "price": "0.73250000", "time": "2025-07-13T12:07:50.342361Z", "fetched_at": "2025-07-13T12:10:52.643737+00:00", "symbol": "ADA-USD"}, {"trade_id": 143336352, "side": "buy", "size": "36.74134776", "price": "0.73250000", "time": "2025-07-13T12:07:50.342361Z", "fetched_at": "2025-07-13T12:10:52.643737+00:00", "symbol": "ADA-USD"}, {"trade_id": 143336351, "side": "buy", "size": "2.40374485", "price": "0.73260000", "time": "2025-07-13T12:07:50.342361Z", "fetched_at": "2025-07-13T12:10:52.643737+00:00", "symbol": "ADA-USD"}, {"trade_id": 143336350, "side": "sell", "size": "0.19522694", "price": "0.73270000", "time": "2025-07-13T12:07:50.285554Z", "fetched_at": "2025-07-13T12:10:52.643737+00:00", "symbol": "ADA-USD"}, {"trade_id": 143336349, "side": "sell", "size": "488.16149804", "price": "0.73270000", "time": "2025-07-13T12:07:50.269435Z", "fetched_at": "2025-07-13T12:10:52.643737+00:00", "symbol": "ADA-USD"}, {"trade_id": 143336348, "side": "sell", "size": "1.60000000", "price": "0.73270000", "time": "2025-07-13T12:07:45.695018Z", "fetched_at": "2025-07-13T12:10:52.643737+00:00", "symbol": "ADA-USD"}, {"trade_id": 143336347, "side": "sell", "size": "26.58722259", "price": "0.73270000", "time": "2025-07-13T12:07:45.695018Z", "fetched_at": "2025-07-13T12:10:52.643737+00:00", "symbol": "ADA-USD"}, {"trade_id": 143336346, "side": "sell", "size": "0.05994593", "price": "0.73270000", "time": "2025-07-13T12:07:45.695018Z", "fetched_at": "2025-07-13T12:10:52.643737+00:00", "symbol": "ADA-USD"}, {"trade_id": 143336345, "side": "sell", "size": "13.65831887", "price": "0.73260000", "time": "2025-07-13T12:07:45.695018Z", "fetched_at": "2025-07-13T12:10:52.643737+00:00", "symbol": "ADA-USD"}, {"trade_id": 143336344, "side": "sell", "size": "15.58973473", "price": "0.73260000", "time": "2025-07-13T12:07:45.695018Z", "fetched_at": "2025-07-13T12:10:52.643737+00:00", "symbol": "ADA-USD"}, {"trade_id": 143336343, "side": "sell", "size": "1.60000000", "price": "0.73260000", "time": "2025-07-13T12:07:45.695018Z", "fetched_at": "2025-07-13T12:10:52.643737+00:00", "symbol": "ADA-USD"}, {"trade_id": 143336342, "side": "sell", "size": "0.10000000", "price": "0.73260000", "time": "2025-07-13T12:07:45.695018Z", "fetched_at": "2025-07-13T12:10:52.643737+00:00", "symbol": "ADA-USD"}, {"trade_id": 143336341, "side": "sell", "size": "13.65831887", "price": "0.73250000", "time": "2025-07-13T12:07:45.458080Z", "fetched_at": "2025-07-13T12:10:52.643737+00:00", "symbol": "ADA-USD"}, {"trade_id": 143336340, "side": "sell", "size": "4874.05995198", "price": "0.73250000", "time": "2025-07-13T12:07:45.458080Z", "fetched_at": "2025-07-13T12:10:52.643737+00:00", "symbol": "ADA-USD"}, {"trade_id": 143336339, "side": "sell", "size": "47.64004802", "price": "0.73250000", "time": "2025-07-13T12:07:45.457504Z", "fetched_at": "2025-07-13T12:10:52.643737+00:00", "symbol": "ADA-USD"}, {"trade_id": 143336338, "side": "sell", "size": "1.60000000", "price": "0.73250000", "time": "2025-07-13T12:07:45.457504Z", "fetched_at": "2025-07-13T12:10:52.643737+00:00", "symbol": "ADA-USD"}, {"trade_id": 143336337, "side": "sell", "size": "17.03673970", "price": "0.73250000", "time": "2025-07-13T12:07:45.457504Z", "fetched_at": "2025-07-13T12:10:52.643737+00:00", "symbol": "ADA-USD"}, {"trade_id": 143336336, "side": "sell", "size": "4.58488228", "price": "0.73250000", "time": "2025-07-13T12:07:45.457504Z", "fetched_at": "2025-07-13T12:10:52.643737+00:00", "symbol": "ADA-USD"}, {"trade_id": 143336335, "side": "sell", "size": "13.65844950", "price": "0.73240000", "time": "2025-07-13T12:07:45.381122Z", "fetched_at": "2025-07-13T12:10:52.643737+00:00", "symbol": "ADA-USD"}, {"trade_id": 143336334, "side": "sell", "size": "806.90000000", "price": "0.73240000", "time": "2025-07-13T12:07:45.381122Z", "fetched_at": "2025-07-13T12:10:52.643737+00:00", "symbol": "ADA-USD"}, {"trade_id": 143336333, "side": "sell", "size": "55.19886237", "price": "0.73240000", "time": "2025-07-13T12:07:45.381122Z", "fetched_at": "2025-07-13T12:10:52.643737+00:00", "symbol": "ADA-USD"}, {"trade_id": 143336332, "side": "sell", "size": "1.60000000", "price": "0.73240000", "time": "2025-07-13T12:07:45.381122Z", "fetched_at": "2025-07-13T12:10:52.643737+00:00", "symbol": "ADA-USD"}, {"trade_id": 143336331, "side": "sell", "size": "4939.00000000", "price": "0.73230000", "time": "2025-07-13T12:07:45.369572Z", "fetched_at": "2025-07-13T12:10:52.643737+00:00", "symbol": "ADA-USD"}, {"trade_id": 143336330, "side": "sell", "size": "1.60000000", "price": "0.73230000", "time": "2025-07-13T12:07:45.369572Z", "fetched_at": "2025-07-13T12:10:52.643737+00:00", "symbol": "ADA-USD"}, {"trade_id": 143336329, "side": "sell", "size": "3.00000000", "price": "0.73220000", "time": "2025-07-13T12:07:45.368656Z", "fetched_at": "2025-07-13T12:10:52.643737+00:00", "symbol": "ADA-USD"}, {"trade_id": 143336328, "side": "sell", "size": "1.60000000", "price": "0.73220000", "time": "2025-07-13T12:07:45.368656Z", "fetched_at": "2025-07-13T12:10:52.643737+00:00", "symbol": "ADA-USD"}, {"trade_id": 143336327, "side": "sell", "size": "110.55500100", "price": "0.73220000", "time": "2025-07-13T12:07:45.368656Z", "fetched_at": "2025-07-13T12:10:52.643737+00:00", "symbol": "ADA-USD"}, {"trade_id": 143336326, "side": "sell", "size": "33.69279000", "price": "0.73220000", "time": "2025-07-13T12:07:45.368656Z", "fetched_at": "2025-07-13T12:10:52.643737+00:00", "symbol": "ADA-USD"}, {"trade_id": 143336325, "side": "sell", "size": "70.86167000", "price": "0.73220000", "time": "2025-07-13T12:07:44.134729Z", "fetched_at": "2025-07-13T12:10:52.643737+00:00", "symbol": "ADA-USD"}, {"trade_id": 143336324, "side": "sell", "size": "30.44851800", "price": "0.73210000", "time": "2025-07-13T12:07:34.211848Z", "fetched_at": "2025-07-13T12:10:52.643737+00:00", "symbol": "ADA-USD"}, {"trade_id": 143336323, "side": "sell", "size": "120.30985000", "price": "0.73200000", "time": "2025-07-13T12:07:34.211848Z", "fetched_at": "2025-07-13T12:10:52.643737+00:00", "symbol": "ADA-USD"}, {"trade_id": 143336322, "side": "sell", "size": "6.66343500", "price": "0.73220000", "time": "2025-07-13T12:07:30.772898Z", "fetched_at": "2025-07-13T12:10:52.643737+00:00", "symbol": "ADA-USD"}, {"trade_id": 143336321, "side": "sell", "size": "0.10000000", "price": "0.73220000", "time": "2025-07-13T12:07:30.772898Z", "fetched_at": "2025-07-13T12:10:52.643737+00:00", "symbol": "ADA-USD"}, {"trade_id": 143336320, "side": "sell", "size": "13.66222093", "price": "0.73210000", "time": "2025-07-13T12:07:30.751930Z", "fetched_at": "2025-07-13T12:10:52.643737+00:00", "symbol": "ADA-USD"}, {"trade_id": 143336319, "side": "sell", "size": "50.00000000", "price": "0.73210000", "time": "2025-07-13T12:07:30.751930Z", "fetched_at": "2025-07-13T12:10:52.643737+00:00", "symbol": "ADA-USD"}, {"trade_id": 143336318, "side": "sell", "size": "1.60000000", "price": "0.73210000", "time": "2025-07-13T12:07:30.751930Z", "fetched_at": "2025-07-13T12:10:52.643737+00:00", "symbol": "ADA-USD"}, {"trade_id": 143336317, "side": "sell", "size": "3.22713540", "price": "0.73200000", "time": "2025-07-13T12:07:30.751930Z", "fetched_at": "2025-07-13T12:10:52.643737+00:00", "symbol": "ADA-USD"}, {"trade_id": 143336316, "side": "sell", "size": "1.60000000", "price": "0.73200000", "time": "2025-07-13T12:07:30.751930Z", "fetched_at": "2025-07-13T12:10:52.643737+00:00", "symbol": "ADA-USD"}, {"trade_id": 143336315, "side": "sell", "size": "1.60000000", "price": "0.73190000", "time": "2025-07-13T12:07:25.646558Z", "fetched_at": "2025-07-13T12:10:52.643737+00:00", "symbol": "ADA-USD"}, {"trade_id": 143336314, "side": "sell", "size": "1.60000000", "price": "0.73180000", "time": "2025-07-13T12:07:25.182945Z", "fetched_at": "2025-07-13T12:10:52.643737+00:00", "symbol": "ADA-USD"}, {"trade_id": 143336313, "side": "buy", "size": "382.07623902", "price": "0.73160000", "time": "2025-07-13T12:07:13.453567Z", "fetched_at": "2025-07-13T12:10:52.643737+00:00", "symbol": "ADA-USD"}, {"trade_id": 143336312, "side": "buy", "size": "776.41585724", "price": "0.73160000", "time": "2025-07-13T12:07:13.453567Z", "fetched_at": "2025-07-13T12:10:52.643737+00:00", "symbol": "ADA-USD"}, {"trade_id": 143336311, "side": "buy", "size": "50.00000000", "price": "0.73160000", "time": "2025-07-13T12:07:13.453567Z", "fetched_at": "2025-07-13T12:10:52.643737+00:00", "symbol": "ADA-USD"}, {"trade_id": 143336310, "side": "buy", "size": "1.60000000", "price": "0.73160000", "time": "2025-07-13T12:07:11.947334Z", "fetched_at": "2025-07-13T12:10:52.643737+00:00", "symbol": "ADA-USD"}, {"trade_id": 143336309, "side": "sell", "size": "70.86167000", "price": "0.73200000", "time": "2025-07-13T12:06:55.228870Z", "fetched_at": "2025-07-13T12:10:52.643737+00:00", "symbol": "ADA-USD"}, {"trade_id": 143336308, "side": "sell", "size": "82.53641657", "price": "0.73200000", "time": "2025-07-13T12:06:53.169636Z", "fetched_at": "2025-07-13T12:10:52.643737+00:00", "symbol": "ADA-USD"}, {"trade_id": 143336307, "side": "sell", "size": "3.08599643", "price": "0.73200000", "time": "2025-07-13T12:06:53.169636Z", "fetched_at": "2025-07-13T12:10:52.643737+00:00", "symbol": "ADA-USD"}, {"trade_id": 143336306, "side": "sell", "size": "1.60000000", "price": "0.73200000", "time": "2025-07-13T12:06:53.169636Z", "fetched_at": "2025-07-13T12:10:52.643737+00:00", "symbol": "ADA-USD"}, {"trade_id": 143336305, "side": "sell", "size": "24.61893878", "price": "0.73180000", "time": "2025-07-13T12:06:49.486079Z", "fetched_at": "2025-07-13T12:10:52.643737+00:00", "symbol": "ADA-USD"}, {"trade_id": 143336304, "side": "sell", "size": "46.24273122", "price": "0.73180000", "time": "2025-07-13T12:06:49.486079Z", "fetched_at": "2025-07-13T12:10:52.643737+00:00", "symbol": "ADA-USD"}, {"trade_id": 143336303, "side": "buy", "size": "1.60000000", "price": "0.73180000", "time": "2025-07-13T12:06:49.473231Z", "fetched_at": "2025-07-13T12:10:52.643737+00:00", "symbol": "ADA-USD"}, {"trade_id": 143336302, "side": "sell", "size": "69.26167000", "price": "0.73210000", "time": "2025-07-13T12:06:48.119880Z", "fetched_at": "2025-07-13T12:10:52.643737+00:00", "symbol": "ADA-USD"}, {"trade_id": 143336301, "side": "sell", "size": "1.60000000", "price": "0.73210000", "time": "2025-07-13T12:06:48.119880Z", "fetched_at": "2025-07-13T12:10:52.643737+00:00", "symbol": "ADA-USD"}, {"trade_id": 143336300, "side": "sell", "size": "13.66572113", "price": "0.73200000", "time": "2025-07-13T12:06:48.119373Z", "fetched_at": "2025-07-13T12:10:52.643737+00:00", "symbol": "ADA-USD"}, {"trade_id": 143336299, "side": "sell", "size": "1.60000000", "price": "0.73200000", "time": "2025-07-13T12:06:48.119373Z", "fetched_at": "2025-07-13T12:10:52.643737+00:00", "symbol": "ADA-USD"}, {"trade_id": 143336298, "side": "buy", "size": "14.79792300", "price": "0.73170000", "time": "2025-07-13T12:06:47.107700Z", "fetched_at": "2025-07-13T12:10:52.643737+00:00", "symbol": "ADA-USD"}, {"trade_id": 143336297, "side": "buy", "size": "1.60000000", "price": "0.73170000", "time": "2025-07-13T12:06:47.107700Z", "fetched_at": "2025-07-13T12:10:52.643737+00:00", "symbol": "ADA-USD"}, {"trade_id": 143336296, "side": "buy", "size": "21.23957576", "price": "0.73180000", "time": "2025-07-13T12:06:39.416483Z", "fetched_at": "2025-07-13T12:10:52.643737+00:00", "symbol": "ADA-USD"}, {"trade_id": 143336295, "side": "buy", "size": "49.62209424", "price": "0.73190000", "time": "2025-07-13T12:06:39.416483Z", "fetched_at": "2025-07-13T12:10:52.643737+00:00", "symbol": "ADA-USD"}, {"trade_id": 143336294, "side": "sell", "size": "1208.18507291", "price": "0.73180000", "time": "2025-07-13T12:06:39.408495Z", "fetched_at": "2025-07-13T12:10:52.643737+00:00", "symbol": "ADA-USD"}, {"trade_id": 143336293, "side": "sell", "size": "298.42985500", "price": "0.73180000", "time": "2025-07-13T12:06:39.276981Z", "fetched_at": "2025-07-13T12:10:52.643737+00:00", "symbol": "ADA-USD"}, {"trade_id": 143336292, "side": "sell", "size": "1.35264400", "price": "0.73180000", "time": "2025-07-13T12:06:35.110021Z", "fetched_at": "2025-07-13T12:10:52.643737+00:00", "symbol": "ADA-USD"}, {"trade_id": 143336291, "side": "sell", "size": "2.65045800", "price": "0.73190000", "time": "2025-07-13T12:06:31.618573Z", "fetched_at": "2025-07-13T12:10:52.643737+00:00", "symbol": "ADA-USD"}, {"trade_id": 143336290, "side": "sell", "size": "13.60855308", "price": "0.73190000", "time": "2025-07-13T12:06:31.149293Z", "fetched_at": "2025-07-13T12:10:52.643737+00:00", "symbol": "ADA-USD"}, {"trade_id": 143336289, "side": "sell", "size": "800.00000000", "price": "0.73210000", "time": "2025-07-13T12:06:23.735784Z", "fetched_at": "2025-07-13T12:10:52.643737+00:00", "symbol": "ADA-USD"}, {"trade_id": 143336288, "side": "sell", "size": "275.00859402", "price": "0.73210000", "time": "2025-07-13T12:06:23.735784Z", "fetched_at": "2025-07-13T12:10:52.643737+00:00", "symbol": "ADA-USD"}, {"trade_id": 143336287, "side": "sell", "size": "699.37837319", "price": "0.73210000", "time": "2025-07-13T12:06:23.735784Z", "fetched_at": "2025-07-13T12:10:52.643737+00:00", "symbol": "ADA-USD"}, {"trade_id": 143336286, "side": "sell", "size": "1.60000000", "price": "0.73210000", "time": "2025-07-13T12:06:23.735784Z", "fetched_at": "2025-07-13T12:10:52.643737+00:00", "symbol": "ADA-USD"}, {"trade_id": 143336285, "side": "sell", "size": "11.50483851", "price": "0.73210000", "time": "2025-07-13T12:06:23.735784Z", "fetched_at": "2025-07-13T12:10:52.643737+00:00", "symbol": "ADA-USD"}, {"trade_id": 143336284, "side": "sell", "size": "5.74295705", "price": "0.73210000", "time": "2025-07-13T12:06:23.735784Z", "fetched_at": "2025-07-13T12:10:52.643737+00:00", "symbol": "ADA-USD"}, {"trade_id": 143336283, "side": "sell", "size": "10.65993404", "price": "0.73210000", "time": "2025-07-13T12:06:23.735784Z", "fetched_at": "2025-07-13T12:10:52.643737+00:00", "symbol": "ADA-USD"}, {"trade_id": 143336282, "side": "sell", "size": "310.50000000", "price": "0.73200000", "time": "2025-07-13T12:06:23.735377Z", "fetched_at": "2025-07-13T12:10:52.643737+00:00", "symbol": "ADA-USD"}, {"trade_id": 143336281, "side": "sell", "size": "1.22714815", "price": "0.73200000", "time": "2025-07-13T12:06:23.735377Z", "fetched_at": "2025-07-13T12:10:52.643737+00:00", "symbol": "ADA-USD"}, {"trade_id": 143336280, "side": "sell", "size": "20.86167000", "price": "0.73200000", "time": "2025-07-13T12:06:23.734131Z", "fetched_at": "2025-07-13T12:10:52.643737+00:00", "symbol": "ADA-USD"}, {"trade_id": 143336279, "side": "sell", "size": "50.00000000", "price": "0.73200000", "time": "2025-07-13T12:06:23.734131Z", "fetched_at": "2025-07-13T12:10:52.643737+00:00", "symbol": "ADA-USD"}, {"trade_id": 143336278, "side": "sell", "size": "611.90958373", "price": "0.73190000", "time": "2025-07-13T12:06:23.734036Z", "fetched_at": "2025-07-13T12:10:52.643737+00:00", "symbol": "ADA-USD"}, {"trade_id": 143336277, "side": "sell", "size": "70.86167000", "price": "0.73190000", "time": "2025-07-13T12:06:23.734013Z", "fetched_at": "2025-07-13T12:10:52.643737+00:00", "symbol": "ADA-USD"}, {"trade_id": 143336276, "side": "sell", "size": "13.19368500", "price": "0.73190000", "time": "2025-07-13T12:06:22.036812Z", "fetched_at": "2025-07-13T12:10:52.643737+00:00", "symbol": "ADA-USD"}, {"trade_id": 143336275, "side": "sell", "size": "128.03222600", "price": "0.73200000", "time": "2025-07-13T12:06:20.606616Z", "fetched_at": "2025-07-13T12:10:52.643737+00:00", "symbol": "ADA-USD"}, {"trade_id": 143336274, "side": "sell", "size": "1.60000000", "price": "0.73200000", "time": "2025-07-13T12:06:20.606616Z", "fetched_at": "2025-07-13T12:10:52.643737+00:00", "symbol": "ADA-USD"}, {"trade_id": 143336273, "side": "sell", "size": "3.22935276", "price": "0.73190000", "time": "2025-07-13T12:06:18.492959Z", "fetched_at": "2025-07-13T12:10:52.643737+00:00", "symbol": "ADA-USD"}, {"trade_id": 143336272, "side": "buy", "size": "231.49856424", "price": "0.73180000", "time": "2025-07-13T12:06:15.351408Z", "fetched_at": "2025-07-13T12:10:52.643737+00:00", "symbol": "ADA-USD"}, {"trade_id": 143336271, "side": "buy", "size": "61.07334676", "price": "0.73180000", "time": "2025-07-13T12:06:15.351408Z", "fetched_at": "2025-07-13T12:10:52.643737+00:00", "symbol": "ADA-USD"}, {"trade_id": 143336270, "side": "sell", "size": "2602.36972666", "price": "0.73180000", "time": "2025-07-13T12:06:13.906376Z", "fetched_at": "2025-07-13T12:10:52.643737+00:00", "symbol": "ADA-USD"}, {"trade_id": 143336269, "side": "sell", "size": "1.60000000", "price": "0.73180000", "time": "2025-07-13T12:06:13.906376Z", "fetched_at": "2025-07-13T12:10:52.643737+00:00", "symbol": "ADA-USD"}, {"trade_id": 143336268, "side": "sell", "size": "3.22713540", "price": "0.73180000", "time": "2025-07-13T12:06:13.906376Z", "fetched_at": "2025-07-13T12:10:52.643737+00:00", "symbol": "ADA-USD"}, {"trade_id": 143336267, "side": "buy", "size": "70.86167000", "price": "0.73170000", "time": "2025-07-13T12:06:13.842178Z", "fetched_at": "2025-07-13T12:10:52.643737+00:00", "symbol": "ADA-USD"}, {"trade_id": 143336266, "side": "sell", "size": "2602.02466405", "price": "0.73150000", "time": "2025-07-13T12:06:13.780951Z", "fetched_at": "2025-07-13T12:10:52.643737+00:00", "symbol": "ADA-USD"}, {"trade_id": 143336265, "side": "sell", "size": "122.74399462", "price": "0.73150000", "time": "2025-07-13T12:06:13.735551Z", "fetched_at": "2025-07-13T12:10:52.643737+00:00", "symbol": "ADA-USD"}, {"trade_id": 143336264, "side": "sell", "size": "46.86817216", "price": "0.73150000", "time": "2025-07-13T12:06:13.735551Z", "fetched_at": "2025-07-13T12:10:52.643737+00:00", "symbol": "ADA-USD"}, {"trade_id": 143336263, "side": "buy", "size": "4.13488784", "price": "0.73150000", "time": "2025-07-13T12:06:13.626490Z", "fetched_at": "2025-07-13T12:10:52.643737+00:00", "symbol": "ADA-USD"}, {"trade_id": 143336262, "side": "buy", "size": "7.42443941", "price": "0.73160000", "time": "2025-07-13T12:06:12.592935Z", "fetched_at": "2025-07-13T12:10:52.643737+00:00", "symbol": "ADA-USD"}, {"trade_id": 143336261, "side": "sell", "size": "13.66892680", "price": "0.73160000", "time": "2025-07-13T12:06:08.822439Z", "fetched_at": "2025-07-13T12:10:52.643737+00:00", "symbol": "ADA-USD"}, {"trade_id": 143336260, "side": "sell", "size": "16.69236025", "price": "0.73170000", "time": "2025-07-13T12:06:07.807388Z", "fetched_at": "2025-07-13T12:10:52.643737+00:00", "symbol": "ADA-USD"}, {"trade_id": 143336259, "side": "sell", "size": "13.67165144", "price": "0.73150000", "time": "2025-07-13T12:06:06.316371Z", "fetched_at": "2025-07-13T12:10:52.643737+00:00", "symbol": "ADA-USD"}, {"trade_id": 143336258, "side": "sell", "size": "1.60000000", "price": "0.73150000", "time": "2025-07-13T12:06:06.316371Z", "fetched_at": "2025-07-13T12:10:52.643737+00:00", "symbol": "ADA-USD"}, {"trade_id": 143336257, "side": "buy", "size": "1.37228872", "price": "0.73140000", "time": "2025-07-13T12:06:03.366453Z", "fetched_at": "2025-07-13T12:10:52.643737+00:00", "symbol": "ADA-USD"}, {"trade_id": 143336256, "side": "sell", "size": "3053.57075030", "price": "0.73130000", "time": "2025-07-13T12:06:03.297154Z", "fetched_at": "2025-07-13T12:10:52.643737+00:00", "symbol": "ADA-USD"}, {"trade_id": 143336255, "side": "sell", "size": "18.47829112", "price": "0.73130000", "time": "2025-07-13T12:06:03.297154Z", "fetched_at": "2025-07-13T12:10:52.643737+00:00", "symbol": "ADA-USD"}, {"trade_id": 143336254, "side": "buy", "size": "1.65227457", "price": "0.73120000", "time": "2025-07-13T12:06:01.671804Z", "fetched_at": "2025-07-13T12:10:52.643737+00:00", "symbol": "ADA-USD"}, {"trade_id": 143336253, "side": "buy", "size": "1.60000000", "price": "0.73120000", "time": "2025-07-13T12:06:01.671804Z", "fetched_at": "2025-07-13T12:10:52.643737+00:00", "symbol": "ADA-USD"}, {"trade_id": 143336252, "side": "buy", "size": "1.65843706", "price": "0.73130000", "time": "2025-07-13T12:06:01.583884Z", "fetched_at": "2025-07-13T12:10:52.643737+00:00", "symbol": "ADA-USD"}, {"trade_id": 143336251, "side": "buy", "size": "1.60000000", "price": "0.73130000", "time": "2025-07-13T12:06:01.583884Z", "fetched_at": "2025-07-13T12:10:52.643737+00:00", "symbol": "ADA-USD"}, {"trade_id": 143336250, "side": "buy", "size": "2842.83303509", "price": "0.73130000", "time": "2025-07-13T12:06:01.583884Z", "fetched_at": "2025-07-13T12:10:52.643737+00:00", "symbol": "ADA-USD"}, {"trade_id": 143336249, "side": "buy", "size": "92.22450000", "price": "0.73130000", "time": "2025-07-13T12:06:01.566618Z", "fetched_at": "2025-07-13T12:10:52.643737+00:00", "symbol": "ADA-USD"}, {"trade_id": 143336248, "side": "buy", "size": "124.18298000", "price": "0.73130000", "time": "2025-07-13T12:06:01.558233Z", "fetched_at": "2025-07-13T12:10:52.643737+00:00", "symbol": "ADA-USD"}, {"trade_id": 143336247, "side": "buy", "size": "127.28020000", "price": "0.73130000", "time": "2025-07-13T12:06:01.553930Z", "fetched_at": "2025-07-13T12:10:52.643737+00:00", "symbol": "ADA-USD"}, {"trade_id": 143336246, "side": "buy", "size": "20953.35687447", "price": "0.73130000", "time": "2025-07-13T12:06:01.545133Z", "fetched_at": "2025-07-13T12:10:52.643737+00:00", "symbol": "ADA-USD"}, {"trade_id": 143336245, "side": "buy", "size": "2.07918925", "price": "0.73140000", "time": "2025-07-13T12:06:01.295720Z", "fetched_at": "2025-07-13T12:10:52.643737+00:00", "symbol": "ADA-USD"}, {"trade_id": 143336244, "side": "buy", "size": "1.60000000", "price": "0.73140000", "time": "2025-07-13T12:06:01.173457Z", "fetched_at": "2025-07-13T12:10:52.643737+00:00", "symbol": "ADA-USD"}, {"trade_id": 143336243, "side": "buy", "size": "2.09040488", "price": "0.73150000", "time": "2025-07-13T12:06:01.173457Z", "fetched_at": "2025-07-13T12:10:52.643737+00:00", "symbol": "ADA-USD"}, {"trade_id": 143336242, "side": "buy", "size": "1.60000000", "price": "0.73150000", "time": "2025-07-13T12:06:01.173457Z", "fetched_at": "2025-07-13T12:10:52.643737+00:00", "symbol": "ADA-USD"}, {"trade_id": 143336241, "side": "buy", "size": "2.40182463", "price": "0.73160000", "time": "2025-07-13T12:06:01.013999Z", "fetched_at": "2025-07-13T12:10:52.643737+00:00", "symbol": "ADA-USD"}, {"trade_id": 143336240, "side": "buy", "size": "1.60000000", "price": "0.73160000", "time": "2025-07-13T12:06:01.013999Z", "fetched_at": "2025-07-13T12:10:52.643737+00:00", "symbol": "ADA-USD"}, {"trade_id": 143336239, "side": "buy", "size": "3.00628646", "price": "0.73170000", "time": "2025-07-13T12:06:00.317173Z", "fetched_at": "2025-07-13T12:10:52.643737+00:00", "symbol": "ADA-USD"}, {"trade_id": 143336238, "side": "buy", "size": "1.60000000", "price": "0.73170000", "time": "2025-07-13T12:06:00.317173Z", "fetched_at": "2025-07-13T12:10:52.643737+00:00", "symbol": "ADA-USD"}, {"trade_id": 143336237, "side": "buy", "size": "3.93075538", "price": "0.73190000", "time": "2025-07-13T12:05:56.244617Z", "fetched_at": "2025-07-13T12:10:52.643737+00:00", "symbol": "ADA-USD"}, {"trade_id": 143336236, "side": "buy", "size": "761.88023819", "price": "0.73190000", "time": "2025-07-13T12:05:56.244617Z", "fetched_at": "2025-07-13T12:10:52.643737+00:00", "symbol": "ADA-USD"}, {"trade_id": 143336235, "side": "buy", "size": "7982.57060053", "price": "0.73190000", "time": "2025-07-13T12:05:56.225217Z", "fetched_at": "2025-07-13T12:10:52.643737+00:00", "symbol": "ADA-USD"}, {"trade_id": 143336234, "side": "sell", "size": "51.00306000", "price": "0.73190000", "time": "2025-07-13T12:05:56.212334Z", "fetched_at": "2025-07-13T12:10:52.643737+00:00", "symbol": "ADA-USD"}, {"trade_id": 143336233, "side": "sell", "size": "754.82925807", "price": "0.73190000", "time": "2025-07-13T12:05:56.212334Z", "fetched_at": "2025-07-13T12:10:52.643737+00:00", "symbol": "ADA-USD"}, {"trade_id": 143336232, "side": "sell", "size": "1.60000000", "price": "0.73200000", "time": "2025-07-13T12:05:54.985136Z", "fetched_at": "2025-07-13T12:10:52.643737+00:00", "symbol": "ADA-USD"}, {"trade_id": 143336231, "side": "sell", "size": "3416.46270384", "price": "0.73200000", "time": "2025-07-13T12:05:54.985136Z", "fetched_at": "2025-07-13T12:10:52.643737+00:00", "symbol": "ADA-USD"}, {"trade_id": 143336230, "side": "sell", "size": "310.50000000", "price": "0.73200000", "time": "2025-07-13T12:05:54.985136Z", "fetched_at": "2025-07-13T12:10:52.643737+00:00", "symbol": "ADA-USD"}, {"trade_id": 143336229, "side": "sell", "size": "400.00000000", "price": "0.73200000", "time": "2025-07-13T12:05:54.985136Z", "fetched_at": "2025-07-13T12:10:52.643737+00:00", "symbol": "ADA-USD"}, {"trade_id": 143336228, "side": "sell", "size": "46.90510206", "price": "0.73200000", "time": "2025-07-13T12:05:54.985136Z", "fetched_at": "2025-07-13T12:10:52.643737+00:00", "symbol": "ADA-USD"}, {"trade_id": 143336227, "side": "sell", "size": "13.66589568", "price": "0.73180000", "time": "2025-07-13T12:05:54.983098Z", "fetched_at": "2025-07-13T12:10:52.643737+00:00", "symbol": "ADA-USD"}, {"trade_id": 143336226, "side": "sell", "size": "51.00306000", "price": "0.73180000", "time": "2025-07-13T12:05:54.983098Z", "fetched_at": "2025-07-13T12:10:52.643737+00:00", "symbol": "ADA-USD"}, {"trade_id": 143336225, "side": "sell", "size": "130.79282419", "price": "0.73180000", "time": "2025-07-13T12:05:54.983098Z", "fetched_at": "2025-07-13T12:10:52.643737+00:00", "symbol": "ADA-USD"}, {"trade_id": 143336224, "side": "sell", "size": "3286.13683216", "price": "0.73180000", "time": "2025-07-13T12:05:54.983054Z", "fetched_at": "2025-07-13T12:10:52.643737+00:00", "symbol": "ADA-USD"}, {"trade_id": 143336223, "side": "sell", "size": "57.39028999", "price": "0.73180000", "time": "2025-07-13T12:05:53.921722Z", "fetched_at": "2025-07-13T12:10:52.643737+00:00", "symbol": "ADA-USD"}, {"trade_id": 143336222, "side": "sell", "size": "30.91792501", "price": "0.73180000", "time": "2025-07-13T12:05:53.921722Z", "fetched_at": "2025-07-13T12:10:52.643737+00:00", "symbol": "ADA-USD"}, {"trade_id": 143336221, "side": "buy", "size": "1.61043962", "price": "0.73180000", "time": "2025-07-13T12:05:52.253424Z", "fetched_at": "2025-07-13T12:10:52.643737+00:00", "symbol": "ADA-USD"}, {"trade_id": 143336220, "side": "sell", "size": "0.00682973", "price": "0.73180000", "time": "2025-07-13T12:05:52.004338Z", "fetched_at": "2025-07-13T12:10:52.643737+00:00", "symbol": "ADA-USD"}, {"trade_id": 143336219, "side": "sell", "size": "17.03677642", "price": "0.73180000", "time": "2025-07-13T12:05:51.988652Z", "fetched_at": "2025-07-13T12:10:52.643737+00:00", "symbol": "ADA-USD"}, {"trade_id": 143336218, "side": "buy", "size": "5.98879922", "price": "0.73200000", "time": "2025-07-13T12:05:47.569242Z", "fetched_at": "2025-07-13T12:10:52.643737+00:00", "symbol": "ADA-USD"}, {"trade_id": 143336217, "side": "buy", "size": "13.66120219", "price": "0.73200000", "time": "2025-07-13T12:05:46.222456Z", "fetched_at": "2025-07-13T12:10:52.643737+00:00", "symbol": "ADA-USD"}, {"trade_id": 143336216, "side": "buy", "size": "189.33800877", "price": "0.73200000", "time": "2025-07-13T12:05:44.448859Z", "fetched_at": "2025-07-13T12:10:52.643737+00:00", "symbol": "ADA-USD"}, {"trade_id": 143336215, "side": "buy", "size": "13.66120219", "price": "0.73200000", "time": "2025-07-13T12:05:44.448859Z", "fetched_at": "2025-07-13T12:10:52.643737+00:00", "symbol": "ADA-USD"}, {"trade_id": 143336214, "side": "buy", "size": "180.46478000", "price": "0.73200000", "time": "2025-07-13T12:05:44.448859Z", "fetched_at": "2025-07-13T12:10:52.643737+00:00", "symbol": "ADA-USD"}, {"trade_id": 143336213, "side": "buy", "size": "51.00306000", "price": "0.73200000", "time": "2025-07-13T12:05:44.448859Z", "fetched_at": "2025-07-13T12:10:52.643737+00:00", "symbol": "ADA-USD"}, {"trade_id": 143336212, "side": "buy", "size": "133.70749000", "price": "0.73200000", "time": "2025-07-13T12:05:44.448859Z", "fetched_at": "2025-07-13T12:10:52.643737+00:00", "symbol": "ADA-USD"}, {"trade_id": 143336211, "side": "buy", "size": "187.25760000", "price": "0.73200000", "time": "2025-07-13T12:05:44.448859Z", "fetched_at": "2025-07-13T12:10:52.643737+00:00", "symbol": "ADA-USD"}, {"trade_id": 143336210, "side": "buy", "size": "51.96785904", "price": "0.73200000", "time": "2025-07-13T12:05:44.448859Z", "fetched_at": "2025-07-13T12:10:52.643737+00:00", "symbol": "ADA-USD"}, {"trade_id": 143336209, "side": "sell", "size": "1.60000000", "price": "0.73200000", "time": "2025-07-13T12:05:44.370146Z", "fetched_at": "2025-07-13T12:10:52.643737+00:00", "symbol": "ADA-USD"}, {"trade_id": 143336208, "side": "sell", "size": "41.54022195", "price": "0.73200000", "time": "2025-07-13T12:05:44.370146Z", "fetched_at": "2025-07-13T12:10:52.643737+00:00", "symbol": "ADA-USD"}, {"trade_id": 143336207, "side": "sell", "size": "1.60000000", "price": "0.73190000", "time": "2025-07-13T12:05:44.361632Z", "fetched_at": "2025-07-13T12:10:52.643737+00:00", "symbol": "ADA-USD"}, {"trade_id": 143336206, "side": "sell", "size": "36.02531526", "price": "0.73190000", "time": "2025-07-13T12:05:44.361632Z", "fetched_at": "2025-07-13T12:10:52.643737+00:00", "symbol": "ADA-USD"}, {"trade_id": 143336205, "side": "sell", "size": "3416.92965635", "price": "0.73180000", "time": "2025-07-13T12:05:44.186156Z", "fetched_at": "2025-07-13T12:10:52.643737+00:00", "symbol": "ADA-USD"}, {"trade_id": 143336204, "side": "sell", "size": "0.10000000", "price": "0.73190000", "time": "2025-07-13T12:05:41.850508Z", "fetched_at": "2025-07-13T12:10:52.643737+00:00", "symbol": "ADA-USD"}, {"trade_id": 143336203, "side": "buy", "size": "10.99671400", "price": "0.73170000", "time": "2025-07-13T12:05:36.105055Z", "fetched_at": "2025-07-13T12:10:52.643737+00:00", "symbol": "ADA-USD"}, {"trade_id": 143336202, "side": "sell", "size": "12.96187000", "price": "0.73180000", "time": "2025-07-13T12:05:35.532352Z", "fetched_at": "2025-07-13T12:10:52.643737+00:00", "symbol": "ADA-USD"}, {"trade_id": 143336201, "side": "buy", "size": "789.43082420", "price": "0.73170000", "time": "2025-07-13T12:05:34.995506Z", "fetched_at": "2025-07-13T12:10:52.643737+00:00", "symbol": "ADA-USD"}, {"trade_id": 143336200, "side": "buy", "size": "13.66680334", "price": "0.73170000", "time": "2025-07-13T12:05:34.995506Z", "fetched_at": "2025-07-13T12:10:52.643737+00:00", "symbol": "ADA-USD"}, {"trade_id": 143336199, "side": "buy", "size": "8917.34298567", "price": "0.73170000", "time": "2025-07-13T12:05:34.995506Z", "fetched_at": "2025-07-13T12:10:52.643737+00:00", "symbol": "ADA-USD"}, {"trade_id": 143336198, "side": "buy", "size": "990.25701433", "price": "0.73170000", "time": "2025-07-13T12:05:34.168534Z", "fetched_at": "2025-07-13T12:10:52.643737+00:00", "symbol": "ADA-USD"}, {"trade_id": 143336197, "side": "buy", "size": "9.74298567", "price": "0.73170000", "time": "2025-07-13T12:05:34.168534Z", "fetched_at": "2025-07-13T12:10:52.643737+00:00", "symbol": "ADA-USD"}, {"trade_id": 143336196, "side": "buy", "size": "48.47241500", "price": "0.73170000", "time": "2025-07-13T12:05:32.190216Z", "fetched_at": "2025-07-13T12:10:52.643737+00:00", "symbol": "ADA-USD"}, {"trade_id": 143336195, "side": "buy", "size": "50.00000000", "price": "0.73180000", "time": "2025-07-13T12:05:28.478607Z", "fetched_at": "2025-07-13T12:10:52.643737+00:00", "symbol": "ADA-USD"}, {"trade_id": 143336194, "side": "sell", "size": "23.36294069", "price": "0.73180000", "time": "2025-07-13T12:05:28.400469Z", "fetched_at": "2025-07-13T12:10:52.643737+00:00", "symbol": "ADA-USD"}, {"trade_id": 143336193, "side": "sell", "size": "15.14046264", "price": "0.73180000", "time": "2025-07-13T12:05:28.124254Z", "fetched_at": "2025-07-13T12:10:52.643737+00:00", "symbol": "ADA-USD"}, {"trade_id": 143336192, "side": "sell", "size": "40.19382001", "price": "0.73180000", "time": "2025-07-13T12:05:28.124254Z", "fetched_at": "2025-07-13T12:10:52.643737+00:00", "symbol": "ADA-USD"}, {"trade_id": 143336191, "side": "sell", "size": "1.60000000", "price": "0.73180000", "time": "2025-07-13T12:05:28.124254Z", "fetched_at": "2025-07-13T12:10:52.643737+00:00", "symbol": "ADA-USD"}, {"trade_id": 143336190, "side": "sell", "size": "0.10000000", "price": "0.73180000", "time": "2025-07-13T12:05:28.124254Z", "fetched_at": "2025-07-13T12:10:52.643737+00:00", "symbol": "ADA-USD"}, {"trade_id": 143336189, "side": "sell", "size": "1.60000000", "price": "0.73170000", "time": "2025-07-13T12:05:28.124254Z", "fetched_at": "2025-07-13T12:10:52.643737+00:00", "symbol": "ADA-USD"}, {"trade_id": 143336188, "side": "sell", "size": "29.34766935", "price": "0.73170000", "time": "2025-07-13T12:05:28.124254Z", "fetched_at": "2025-07-13T12:10:52.643737+00:00", "symbol": "ADA-USD"}, {"trade_id": 143336187, "side": "sell", "size": "0.00000176", "price": "0.73160000", "time": "2025-07-13T12:05:23.679945Z", "fetched_at": "2025-07-13T12:10:52.643737+00:00", "symbol": "ADA-USD"}, {"trade_id": 143336186, "side": "sell", "size": "52.06735000", "price": "0.73160000", "time": "2025-07-13T12:05:23.677081Z", "fetched_at": "2025-07-13T12:10:52.643737+00:00", "symbol": "ADA-USD"}, {"trade_id": 143336185, "side": "sell", "size": "3366.96984736", "price": "0.73160000", "time": "2025-07-13T12:05:23.672482Z", "fetched_at": "2025-07-13T12:10:52.643737+00:00", "symbol": "ADA-USD"}, {"trade_id": 143336184, "side": "buy", "size": "12.43677993", "price": "0.73150000", "time": "2025-07-13T12:05:23.641184Z", "fetched_at": "2025-07-13T12:10:52.643737+00:00", "symbol": "ADA-USD"}, {"trade_id": 143336183, "side": "sell", "size": "807.90000000", "price": "0.73160000", "time": "2025-07-13T12:05:21.630780Z", "fetched_at": "2025-07-13T12:10:52.643737+00:00", "symbol": "ADA-USD"}, {"trade_id": 143336182, "side": "sell", "size": "53.84747242", "price": "0.73160000", "time": "2025-07-13T12:05:21.630780Z", "fetched_at": "2025-07-13T12:10:52.643737+00:00", "symbol": "ADA-USD"}, {"trade_id": 143336181, "side": "sell", "size": "1.60000000", "price": "0.73160000", "time": "2025-07-13T12:05:21.630780Z", "fetched_at": "2025-07-13T12:10:52.643737+00:00", "symbol": "ADA-USD"}, {"trade_id": 143336180, "side": "sell", "size": "110.75980000", "price": "0.73160000", "time": "2025-07-13T12:05:21.630780Z", "fetched_at": "2025-07-13T12:10:52.643737+00:00", "symbol": "ADA-USD"}, {"trade_id": 143336179, "side": "buy", "size": "50.00000000", "price": "0.73150000", "time": "2025-07-13T12:05:21.628580Z", "fetched_at": "2025-07-13T12:10:52.643737+00:00", "symbol": "ADA-USD"}, {"trade_id": 143336178, "side": "sell", "size": "0.00001400", "price": "0.73150000", "time": "2025-07-13T12:05:21.621097Z", "fetched_at": "2025-07-13T12:10:52.643737+00:00", "symbol": "ADA-USD"}, {"trade_id": 143336177, "side": "sell", "size": "1.59998600", "price": "0.73150000", "time": "2025-07-13T12:05:21.613679Z", "fetched_at": "2025-07-13T12:10:52.643737+00:00", "symbol": "ADA-USD"}, {"trade_id": 143336176, "side": "sell", "size": "31.99287999", "price": "0.73150000", "time": "2025-07-13T12:05:21.613679Z", "fetched_at": "2025-07-13T12:10:52.643737+00:00", "symbol": "ADA-USD"}, {"trade_id": 143336175, "side": "sell", "size": "22.63043401", "price": "0.73150000", "time": "2025-07-13T12:05:21.613679Z", "fetched_at": "2025-07-13T12:10:52.643737+00:00", "symbol": "ADA-USD"}, {"trade_id": 143336174, "side": "sell", "size": "1.60000000", "price": "0.73140000", "time": "2025-07-13T12:05:21.206684Z", "fetched_at": "2025-07-13T12:10:52.643737+00:00", "symbol": "ADA-USD"}, {"trade_id": 143336173, "side": "sell", "size": "23.85667315", "price": "0.73140000", "time": "2025-07-13T12:05:21.206684Z", "fetched_at": "2025-07-13T12:10:52.643737+00:00", "symbol": "ADA-USD"}, {"trade_id": 143336172, "side": "buy", "size": "149.55814000", "price": "0.73130000", "time": "2025-07-13T12:05:16.985785Z", "fetched_at": "2025-07-13T12:10:52.643737+00:00", "symbol": "ADA-USD"}, {"trade_id": 143336171, "side": "buy", "size": "51.00306000", "price": "0.73130000", "time": "2025-07-13T12:05:16.985785Z", "fetched_at": "2025-07-13T12:10:52.643737+00:00", "symbol": "ADA-USD"}, {"trade_id": 143336170, "side": "buy", "size": "200.56124000", "price": "0.73110000", "time": "2025-07-13T12:05:16.970848Z", "fetched_at": "2025-07-13T12:10:52.643737+00:00", "symbol": "ADA-USD"}, {"trade_id": 143336169, "side": "buy", "size": "187.25760000", "price": "0.73110000", "time": "2025-07-13T12:05:16.970848Z", "fetched_at": "2025-07-13T12:10:52.643737+00:00", "symbol": "ADA-USD"}, {"trade_id": 143336168, "side": "buy", "size": "180.46478000", "price": "0.73110000", "time": "2025-07-13T12:05:16.970848Z", "fetched_at": "2025-07-13T12:10:52.643737+00:00", "symbol": "ADA-USD"}, {"trade_id": 143336167, "side": "sell", "size": "310.50000000", "price": "0.73120000", "time": "2025-07-13T12:05:16.970730Z", "fetched_at": "2025-07-13T12:10:52.643737+00:00", "symbol": "ADA-USD"}, {"trade_id": 143336166, "side": "sell", "size": "676.82030928", "price": "0.73130000", "time": "2025-07-13T12:05:16.970284Z", "fetched_at": "2025-07-13T12:10:52.643737+00:00", "symbol": "ADA-USD"}, {"trade_id": 143336165, "side": "sell", "size": "310.50000000", "price": "0.73130000", "time": "2025-07-13T12:05:16.970284Z", "fetched_at": "2025-07-13T12:10:52.643737+00:00", "symbol": "ADA-USD"}, {"trade_id": 143336164, "side": "sell", "size": "275.00859402", "price": "0.73130000", "time": "2025-07-13T12:05:16.970284Z", "fetched_at": "2025-07-13T12:10:52.643737+00:00", "symbol": "ADA-USD"}, {"trade_id": 143336163, "side": "sell", "size": "1.60000000", "price": "0.73130000", "time": "2025-07-13T12:05:16.970284Z", "fetched_at": "2025-07-13T12:10:52.643737+00:00", "symbol": "ADA-USD"}, {"trade_id": 143336162, "side": "sell", "size": "21.08016145", "price": "0.73130000", "time": "2025-07-13T12:05:16.970284Z", "fetched_at": "2025-07-13T12:10:52.643737+00:00", "symbol": "ADA-USD"}, {"trade_id": 143336161, "side": "sell", "size": "3.12000000", "price": "0.73130000", "time": "2025-07-13T12:05:16.970284Z", "fetched_at": "2025-07-13T12:10:52.643737+00:00", "symbol": "ADA-USD"}, {"trade_id": 143336160, "side": "sell", "size": "3.12000000", "price": "0.73130000", "time": "2025-07-13T12:05:16.970284Z", "fetched_at": "2025-07-13T12:10:52.643737+00:00", "symbol": "ADA-USD"}, {"trade_id": 143336159, "side": "sell", "size": "50.00000000", "price": "0.73120000", "time": "2025-07-13T12:05:16.969613Z", "fetched_at": "2025-07-13T12:10:52.643737+00:00", "symbol": "ADA-USD"}, {"trade_id": 143336158, "side": "sell", "size": "269.86886423", "price": "0.73120000", "time": "2025-07-13T12:05:16.968659Z", "fetched_at": "2025-07-13T12:10:52.643737+00:00", "symbol": "ADA-USD"}, {"trade_id": 143336157, "side": "sell", "size": "1.60000000", "price": "0.73120000", "time": "2025-07-13T12:05:16.968659Z", "fetched_at": "2025-07-13T12:10:52.643737+00:00", "symbol": "ADA-USD"}, {"trade_id": 143336156, "side": "sell", "size": "4946.40000000", "price": "0.73100000", "time": "2025-07-13T12:05:16.963467Z", "fetched_at": "2025-07-13T12:10:52.643737+00:00", "symbol": "ADA-USD"}, {"trade_id": 143336155, "side": "sell", "size": "310.50000000", "price": "0.73090000", "time": "2025-07-13T12:05:16.963467Z", "fetched_at": "2025-07-13T12:10:52.643737+00:00", "symbol": "ADA-USD"}, {"trade_id": 143336154, "side": "sell", "size": "463.56079883", "price": "0.73110000", "time": "2025-07-13T12:05:16.961478Z", "fetched_at": "2025-07-13T12:10:52.643737+00:00", "symbol": "ADA-USD"}, {"trade_id": 143336153, "side": "sell", "size": "3601.30150238", "price": "0.73110000", "time": "2025-07-13T12:05:16.960803Z", "fetched_at": "2025-07-13T12:10:52.643737+00:00", "symbol": "ADA-USD"}, {"trade_id": 143336152, "side": "sell", "size": "1.60000000", "price": "0.73110000", "time": "2025-07-13T12:05:16.960803Z", "fetched_at": "2025-07-13T12:10:52.643737+00:00", "symbol": "ADA-USD"}, {"trade_id": 143336151, "side": "sell", "size": "275.00859402", "price": "0.73110000", "time": "2025-07-13T12:05:16.960803Z", "fetched_at": "2025-07-13T12:10:52.643737+00:00", "symbol": "ADA-USD"}, {"trade_id": 143336150, "side": "sell", "size": "3421.13797997", "price": "0.73110000", "time": "2025-07-13T12:05:16.960803Z", "fetched_at": "2025-07-13T12:10:52.643737+00:00", "symbol": "ADA-USD"}, {"trade_id": 143336149, "side": "sell", "size": "13994.31894861", "price": "0.73100000", "time": "2025-07-13T12:05:16.960115Z", "fetched_at": "2025-07-13T12:10:52.643737+00:00", "symbol": "ADA-USD"}, {"trade_id": 143336148, "side": "sell", "size": "1070.23881321", "price": "0.73100000", "time": "2025-07-13T12:05:16.959061Z", "fetched_at": "2025-07-13T12:10:52.643737+00:00", "symbol": "ADA-USD"}, {"trade_id": 143336147, "side": "sell", "size": "1345.18010500", "price": "0.73100000", "time": "2025-07-13T12:05:16.959061Z", "fetched_at": "2025-07-13T12:10:52.643737+00:00", "symbol": "ADA-USD"}, {"trade_id": 143336146, "side": "sell", "size": "768.22996924", "price": "0.73100000", "time": "2025-07-13T12:05:16.959061Z", "fetched_at": "2025-07-13T12:10:52.643737+00:00", "symbol": "ADA-USD"}, {"trade_id": 143336145, "side": "sell", "size": "776.41585724", "price": "0.73100000", "time": "2025-07-13T12:05:16.959061Z", "fetched_at": "2025-07-13T12:10:52.643737+00:00", "symbol": "ADA-USD"}, {"trade_id": 143336144, "side": "sell", "size": "310.50000000", "price": "0.73100000", "time": "2025-07-13T12:05:16.959061Z", "fetched_at": "2025-07-13T12:10:52.643737+00:00", "symbol": "ADA-USD"}, {"trade_id": 143336143, "side": "sell", "size": "34.41651046", "price": "0.73100000", "time": "2025-07-13T12:05:16.959061Z", "fetched_at": "2025-07-13T12:10:52.643737+00:00", "symbol": "ADA-USD"}, {"trade_id": 143336142, "side": "sell", "size": "628.21618682", "price": "0.73090000", "time": "2025-07-13T12:05:16.958241Z", "fetched_at": "2025-07-13T12:10:52.643737+00:00", "symbol": "ADA-USD"}, {"trade_id": 143336141, "side": "sell", "size": "171.78381318", "price": "0.73090000", "time": "2025-07-13T12:05:16.958173Z", "fetched_at": "2025-07-13T12:10:52.643737+00:00", "symbol": "ADA-USD"}, {"trade_id": 143336140, "side": "sell", "size": "4940.70000000", "price": "0.73090000", "time": "2025-07-13T12:05:16.958173Z", "fetched_at": "2025-07-13T12:10:52.643737+00:00", "symbol": "ADA-USD"}, {"trade_id": 143336139, "side": "sell", "size": "50.00000000", "price": "0.73080000", "time": "2025-07-13T12:05:16.958173Z", "fetched_at": "2025-07-13T12:10:52.643737+00:00", "symbol": "ADA-USD"}, {"trade_id": 143336138, "side": "sell", "size": "13.68460486", "price": "0.73080000", "time": "2025-07-13T12:05:16.958173Z", "fetched_at": "2025-07-13T12:10:52.643737+00:00", "symbol": "ADA-USD"}, {"trade_id": 143336137, "side": "sell", "size": "25.81238284", "price": "0.73080000", "time": "2025-07-13T12:05:16.958173Z", "fetched_at": "2025-07-13T12:10:52.643737+00:00", "symbol": "ADA-USD"}, {"trade_id": 143336136, "side": "sell", "size": "51.00306000", "price": "0.73080000", "time": "2025-07-13T12:05:16.958173Z", "fetched_at": "2025-07-13T12:10:52.643737+00:00", "symbol": "ADA-USD"}, {"trade_id": 143336135, "side": "buy", "size": "50.00000000", "price": "0.73080000", "time": "2025-07-13T12:05:14.936947Z", "fetched_at": "2025-07-13T12:10:52.643737+00:00", "symbol": "ADA-USD"}, {"trade_id": 143336134, "side": "buy", "size": "3.46048127", "price": "0.73080000", "time": "2025-07-13T12:05:14.936947Z", "fetched_at": "2025-07-13T12:10:52.643737+00:00", "symbol": "ADA-USD"}, {"trade_id": 143336133, "side": "buy", "size": "59.13015000", "price": "0.73090000", "time": "2025-07-13T12:05:05.366495Z", "fetched_at": "2025-07-13T12:10:52.643737+00:00", "symbol": "ADA-USD"}, {"trade_id": 143336132, "side": "buy", "size": "120.30985000", "price": "0.73090000", "time": "2025-07-13T12:05:05.366495Z", "fetched_at": "2025-07-13T12:10:52.643737+00:00", "symbol": "ADA-USD"}, {"trade_id": 143336131, "side": "sell", "size": "210.51888727", "price": "0.73120000", "time": "2025-07-13T12:05:05.086506Z", "fetched_at": "2025-07-13T12:10:52.643737+00:00", "symbol": "ADA-USD"}, {"trade_id": 143336130, "side": "sell", "size": "1.60000000", "price": "0.73120000", "time": "2025-07-13T12:05:05.086506Z", "fetched_at": "2025-07-13T12:10:52.643737+00:00", "symbol": "ADA-USD"}, {"trade_id": 143336129, "side": "sell", "size": "19.81272251", "price": "0.73120000", "time": "2025-07-13T12:05:05.086506Z", "fetched_at": "2025-07-13T12:10:52.643737+00:00", "symbol": "ADA-USD"}, {"trade_id": 143336128, "side": "sell", "size": "13.68106588", "price": "0.73110000", "time": "2025-07-13T12:05:05.086506Z", "fetched_at": "2025-07-13T12:10:52.643737+00:00", "symbol": "ADA-USD"}, {"trade_id": 143336127, "side": "sell", "size": "616.27785510", "price": "0.73110000", "time": "2025-07-13T12:05:05.086506Z", "fetched_at": "2025-07-13T12:10:52.643737+00:00", "symbol": "ADA-USD"}, {"trade_id": 143336126, "side": "sell", "size": "1.60000000", "price": "0.73110000", "time": "2025-07-13T12:05:05.086506Z", "fetched_at": "2025-07-13T12:10:52.643737+00:00", "symbol": "ADA-USD"}, {"trade_id": 143336125, "side": "sell", "size": "3.23290686", "price": "0.73100000", "time": "2025-07-13T12:05:05.086506Z", "fetched_at": "2025-07-13T12:10:52.643737+00:00", "symbol": "ADA-USD"}, {"trade_id": 143336124, "side": "sell", "size": "1.60000000", "price": "0.73100000", "time": "2025-07-13T12:05:05.086506Z", "fetched_at": "2025-07-13T12:10:52.643737+00:00", "symbol": "ADA-USD"}, {"trade_id": 143336123, "side": "sell", "size": "111.40410100", "price": "0.73100000", "time": "2025-07-13T12:05:05.086506Z", "fetched_at": "2025-07-13T12:10:52.643737+00:00", "symbol": "ADA-USD"}, {"trade_id": 143336122, "side": "sell", "size": "20.27246138", "price": "0.73100000", "time": "2025-07-13T12:05:05.086506Z", "fetched_at": "2025-07-13T12:10:52.643737+00:00", "symbol": "ADA-USD"}, {"trade_id": 143336121, "side": "buy", "size": "50.00000000", "price": "0.73080000", "time": "2025-07-13T12:05:03.237479Z", "fetched_at": "2025-07-13T12:10:52.643737+00:00", "symbol": "ADA-USD"}, {"trade_id": 143336120, "side": "buy", "size": "1.71362771", "price": "0.73080000", "time": "2025-07-13T12:05:03.237479Z", "fetched_at": "2025-07-13T12:10:52.643737+00:00", "symbol": "ADA-USD"}, {"trade_id": 143336119, "side": "buy", "size": "9887.40000000", "price": "0.73090000", "time": "2025-07-13T12:05:02.660396Z", "fetched_at": "2025-07-13T12:10:52.643737+00:00", "symbol": "ADA-USD"}, {"trade_id": 143336118, "side": "buy", "size": "2.09904758", "price": "0.73090000", "time": "2025-07-13T12:05:02.660396Z", "fetched_at": "2025-07-13T12:10:52.643737+00:00", "symbol": "ADA-USD"}, {"trade_id": 143336117, "side": "sell", "size": "0.02830604", "price": "0.73100000", "time": "2025-07-13T12:05:02.617169Z", "fetched_at": "2025-07-13T12:10:52.643737+00:00", "symbol": "ADA-USD"}, {"trade_id": 143336116, "side": "sell", "size": "23.92747000", "price": "0.73100000", "time": "2025-07-13T12:05:02.598701Z", "fetched_at": "2025-07-13T12:10:52.643737+00:00", "symbol": "ADA-USD"}, {"trade_id": 143336115, "side": "sell", "size": "66.07588458", "price": "0.73100000", "time": "2025-07-13T12:05:02.598701Z", "fetched_at": "2025-07-13T12:10:52.643737+00:00", "symbol": "ADA-USD"}, {"trade_id": 143336114, "side": "sell", "size": "1.60000000", "price": "0.73090000", "time": "2025-07-13T12:05:02.598701Z", "fetched_at": "2025-07-13T12:10:52.643737+00:00", "symbol": "ADA-USD"}, {"trade_id": 143336113, "side": "sell", "size": "3421.60152850", "price": "0.73080000", "time": "2025-07-13T12:05:00.286083Z", "fetched_at": "2025-07-13T12:10:52.643737+00:00", "symbol": "ADA-USD"}, {"trade_id": 143336112, "side": "sell", "size": "1.60000000", "price": "0.73080000", "time": "2025-07-13T12:05:00.286083Z", "fetched_at": "2025-07-13T12:10:52.643737+00:00", "symbol": "ADA-USD"}, {"trade_id": 143336111, "side": "sell", "size": "2.95399823", "price": "0.73070000", "time": "2025-07-13T12:04:57.148397Z", "fetched_at": "2025-07-13T12:10:52.643737+00:00", "symbol": "ADA-USD"}, {"trade_id": 143336110, "side": "sell", "size": "1.60000000", "price": "0.73070000", "time": "2025-07-13T12:04:57.148397Z", "fetched_at": "2025-07-13T12:10:52.643737+00:00", "symbol": "ADA-USD"}, {"trade_id": 143336109, "side": "sell", "size": "1.60000000", "price": "0.73060000", "time": "2025-07-13T12:04:53.782411Z", "fetched_at": "2025-07-13T12:10:52.643737+00:00", "symbol": "ADA-USD"}, {"trade_id": 143336108, "side": "sell", "size": "1.60000000", "price": "0.73050000", "time": "2025-07-13T12:04:53.459271Z", "fetched_at": "2025-07-13T12:10:52.643737+00:00", "symbol": "ADA-USD"}, {"trade_id": 143336107, "side": "sell", "size": "1.60000000", "price": "0.73040000", "time": "2025-07-13T12:04:52.597892Z", "fetched_at": "2025-07-13T12:10:52.643737+00:00", "symbol": "ADA-USD"}, {"trade_id": 143336106, "side": "sell", "size": "3423.47573167", "price": "0.73030000", "time": "2025-07-13T12:04:52.583981Z", "fetched_at": "2025-07-13T12:10:52.643737+00:00", "symbol": "ADA-USD"}, {"trade_id": 143336105, "side": "buy", "size": "1.84581870", "price": "0.73030000", "time": "2025-07-13T12:04:48.395942Z", "fetched_at": "2025-07-13T12:10:52.643737+00:00", "symbol": "ADA-USD"}, {"trade_id": 143336104, "side": "sell", "size": "3.23335168", "price": "0.73030000", "time": "2025-07-13T12:04:45.986737Z", "fetched_at": "2025-07-13T12:10:52.643737+00:00", "symbol": "ADA-USD"}, {"trade_id": 143336103, "side": "buy", "size": "2.06707480", "price": "0.73030000", "time": "2025-07-13T12:04:44.424826Z", "fetched_at": "2025-07-13T12:10:52.643737+00:00", "symbol": "ADA-USD"}, {"trade_id": 143336102, "side": "sell", "size": "741.44725954", "price": "0.73030000", "time": "2025-07-13T12:04:44.413736Z", "fetched_at": "2025-07-13T12:10:52.643737+00:00", "symbol": "ADA-USD"}, {"trade_id": 143336101, "side": "sell", "size": "1.60000000", "price": "0.73030000", "time": "2025-07-13T12:04:44.413736Z", "fetched_at": "2025-07-13T12:10:52.643737+00:00", "symbol": "ADA-USD"}, {"trade_id": 143336100, "side": "sell", "size": "1925.38953530", "price": "0.73000000", "time": "2025-07-13T12:04:42.949726Z", "fetched_at": "2025-07-13T12:10:52.643737+00:00", "symbol": "ADA-USD"}, {"trade_id": 143336099, "side": "sell", "size": "500.00000000", "price": "0.73000000", "time": "2025-07-13T12:04:42.945923Z", "fetched_at": "2025-07-13T12:10:52.643737+00:00", "symbol": "ADA-USD"}, {"trade_id": 143336098, "side": "sell", "size": "1000.00000000", "price": "0.73000000", "time": "2025-07-13T12:04:42.942417Z", "fetched_at": "2025-07-13T12:10:52.643737+00:00", "symbol": "ADA-USD"}, {"trade_id": 143336097, "side": "buy", "size": "2.46270225", "price": "0.72990000", "time": "2025-07-13T12:04:41.022054Z", "fetched_at": "2025-07-13T12:10:52.643737+00:00", "symbol": "ADA-USD"}, {"trade_id": 143336096, "side": "buy", "size": "1.60000000", "price": "0.72990000", "time": "2025-07-13T12:04:41.022054Z", "fetched_at": "2025-07-13T12:10:52.643737+00:00", "symbol": "ADA-USD"}, {"trade_id": 143336095, "side": "buy", "size": "2.80635952", "price": "0.73000000", "time": "2025-07-13T12:04:38.549098Z", "fetched_at": "2025-07-13T12:10:52.643737+00:00", "symbol": "ADA-USD"}, {"trade_id": 143336094, "side": "buy", "size": "1.60000000", "price": "0.73000000", "time": "2025-07-13T12:04:38.549098Z", "fetched_at": "2025-07-13T12:10:52.643737+00:00", "symbol": "ADA-USD"}, {"trade_id": 143336093, "side": "buy", "size": "3.73571837", "price": "0.73010000", "time": "2025-07-13T12:04:36.567103Z", "fetched_at": "2025-07-13T12:10:52.643737+00:00", "symbol": "ADA-USD"}, {"trade_id": 143336092, "side": "buy", "size": "1.60000000", "price": "0.73010000", "time": "2025-07-13T12:04:36.567103Z", "fetched_at": "2025-07-13T12:10:52.643737+00:00", "symbol": "ADA-USD"}, {"trade_id": 143336091, "side": "buy", "size": "5.27298336", "price": "0.73020000", "time": "2025-07-13T12:04:35.675452Z", "fetched_at": "2025-07-13T12:10:52.643737+00:00", "symbol": "ADA-USD"}, {"trade_id": 143336090, "side": "sell", "size": "6.49069300", "price": "0.73040000", "time": "2025-07-13T12:04:34.764082Z", "fetched_at": "2025-07-13T12:10:52.643737+00:00", "symbol": "ADA-USD"}, {"trade_id": 143336089, "side": "sell", "size": "17.94445000", "price": "0.73030000", "time": "2025-07-13T12:04:32.208064Z", "fetched_at": "2025-07-13T12:10:52.643737+00:00", "symbol": "ADA-USD"}, {"trade_id": 143336088, "side": "sell", "size": "1.01614900", "price": "0.73030000", "time": "2025-07-13T12:04:31.612858Z", "fetched_at": "2025-07-13T12:10:52.643737+00:00", "symbol": "ADA-USD"}, {"trade_id": 143336087, "side": "sell", "size": "5.42012415", "price": "0.73030000", "time": "2025-07-13T12:04:31.545863Z", "fetched_at": "2025-07-13T12:10:52.643737+00:00", "symbol": "ADA-USD"}, {"trade_id": 143336086, "side": "sell", "size": "270.01697738", "price": "0.73050000", "time": "2025-07-13T12:04:31.523688Z", "fetched_at": "2025-07-13T12:10:52.643737+00:00", "symbol": "ADA-USD"}, {"trade_id": 143336085, "side": "sell", "size": "1.60000000", "price": "0.73040000", "time": "2025-07-13T12:04:31.523688Z", "fetched_at": "2025-07-13T12:10:52.643737+00:00", "symbol": "ADA-USD"}, {"trade_id": 143336084, "side": "sell", "size": "4969.66048244", "price": "0.73040000", "time": "2025-07-13T12:04:31.523688Z", "fetched_at": "2025-07-13T12:10:52.643737+00:00", "symbol": "ADA-USD"}, {"trade_id": 143336083, "side": "sell", "size": "781.64467397", "price": "0.73040000", "time": "2025-07-13T12:04:31.523688Z", "fetched_at": "2025-07-13T12:10:52.643737+00:00", "symbol": "ADA-USD"}