[{"trade_id": 143378005, "side": "buy", "size": "1.50000000", "price": "0.74270000", "time": "2025-07-13T16:10:45.803051Z", "fetched_at": "2025-07-13T16:10:49.644162+00:00", "symbol": "ADA-USD"}, {"trade_id": 143378004, "side": "buy", "size": "482.14483752", "price": "0.74280000", "time": "2025-07-13T16:10:44.777511Z", "fetched_at": "2025-07-13T16:10:49.644162+00:00", "symbol": "ADA-USD"}, {"trade_id": 143378003, "side": "buy", "size": "1.50000000", "price": "0.74280000", "time": "2025-07-13T16:10:44.777511Z", "fetched_at": "2025-07-13T16:10:49.644162+00:00", "symbol": "ADA-USD"}, {"trade_id": 143378002, "side": "buy", "size": "199.07973451", "price": "0.74280000", "time": "2025-07-13T16:10:44.777511Z", "fetched_at": "2025-07-13T16:10:49.644162+00:00", "symbol": "ADA-USD"}, {"trade_id": 143378001, "side": "sell", "size": "111.03134345", "price": "0.74300000", "time": "2025-07-13T16:10:44.639306Z", "fetched_at": "2025-07-13T16:10:49.644162+00:00", "symbol": "ADA-USD"}, {"trade_id": 143378000, "side": "sell", "size": "16.49204955", "price": "0.74290000", "time": "2025-07-13T16:10:44.639306Z", "fetched_at": "2025-07-13T16:10:49.644162+00:00", "symbol": "ADA-USD"}, {"trade_id": 143377999, "side": "buy", "size": "543.22979700", "price": "0.74280000", "time": "2025-07-13T16:10:44.284324Z", "fetched_at": "2025-07-13T16:10:49.644162+00:00", "symbol": "ADA-USD"}, {"trade_id": 143377998, "side": "buy", "size": "66.49616368", "price": "0.74290000", "time": "2025-07-13T16:10:43.911426Z", "fetched_at": "2025-07-13T16:10:49.644162+00:00", "symbol": "ADA-USD"}, {"trade_id": 143377997, "side": "buy", "size": "1.50000000", "price": "0.74290000", "time": "2025-07-13T16:10:43.911426Z", "fetched_at": "2025-07-13T16:10:49.644162+00:00", "symbol": "ADA-USD"}, {"trade_id": 143377996, "side": "buy", "size": "1.50000000", "price": "0.74300000", "time": "2025-07-13T16:10:43.644072Z", "fetched_at": "2025-07-13T16:10:49.644162+00:00", "symbol": "ADA-USD"}, {"trade_id": 143377995, "side": "buy", "size": "1.50000000", "price": "0.74310000", "time": "2025-07-13T16:10:43.460654Z", "fetched_at": "2025-07-13T16:10:49.644162+00:00", "symbol": "ADA-USD"}, {"trade_id": 143377994, "side": "buy", "size": "676.97920990", "price": "0.74320000", "time": "2025-07-13T16:10:43.366137Z", "fetched_at": "2025-07-13T16:10:49.644162+00:00", "symbol": "ADA-USD"}, {"trade_id": 143377993, "side": "buy", "size": "1.50000000", "price": "0.74320000", "time": "2025-07-13T16:10:43.366137Z", "fetched_at": "2025-07-13T16:10:49.644162+00:00", "symbol": "ADA-USD"}, {"trade_id": 143377992, "side": "buy", "size": "0.00000461", "price": "0.74330000", "time": "2025-07-13T16:10:43.027798Z", "fetched_at": "2025-07-13T16:10:49.644162+00:00", "symbol": "ADA-USD"}, {"trade_id": 143377991, "side": "buy", "size": "365.43555000", "price": "0.74330000", "time": "2025-07-13T16:10:43.025890Z", "fetched_at": "2025-07-13T16:10:49.644162+00:00", "symbol": "ADA-USD"}, {"trade_id": 143377990, "side": "buy", "size": "866.23885129", "price": "0.74330000", "time": "2025-07-13T16:10:43.016491Z", "fetched_at": "2025-07-13T16:10:49.644162+00:00", "symbol": "ADA-USD"}, {"trade_id": 143377989, "side": "buy", "size": "51.91497559", "price": "0.74330000", "time": "2025-07-13T16:10:42.012267Z", "fetched_at": "2025-07-13T16:10:49.644162+00:00", "symbol": "ADA-USD"}, {"trade_id": 143377988, "side": "buy", "size": "1.50000000", "price": "0.74330000", "time": "2025-07-13T16:10:42.012267Z", "fetched_at": "2025-07-13T16:10:49.644162+00:00", "symbol": "ADA-USD"}, {"trade_id": 143377987, "side": "buy", "size": "943.39342120", "price": "0.74340000", "time": "2025-07-13T16:10:41.966422Z", "fetched_at": "2025-07-13T16:10:49.644162+00:00", "symbol": "ADA-USD"}, {"trade_id": 143377986, "side": "buy", "size": "1.50000000", "price": "0.74340000", "time": "2025-07-13T16:10:41.966422Z", "fetched_at": "2025-07-13T16:10:49.644162+00:00", "symbol": "ADA-USD"}, {"trade_id": 143377985, "side": "buy", "size": "115.08920000", "price": "0.74350000", "time": "2025-07-13T16:10:38.759316Z", "fetched_at": "2025-07-13T16:10:49.644162+00:00", "symbol": "ADA-USD"}, {"trade_id": 143377984, "side": "sell", "size": "6.65501500", "price": "0.74350000", "time": "2025-07-13T16:10:37.276012Z", "fetched_at": "2025-07-13T16:10:49.644162+00:00", "symbol": "ADA-USD"}, {"trade_id": 143377983, "side": "buy", "size": "1.50000000", "price": "0.74350000", "time": "2025-07-13T16:10:37.185939Z", "fetched_at": "2025-07-13T16:10:49.644162+00:00", "symbol": "ADA-USD"}, {"trade_id": 143377982, "side": "buy", "size": "9.51671197", "price": "0.74360000", "time": "2025-07-13T16:10:34.294759Z", "fetched_at": "2025-07-13T16:10:49.644162+00:00", "symbol": "ADA-USD"}, {"trade_id": 143377981, "side": "sell", "size": "31.87752100", "price": "0.74370000", "time": "2025-07-13T16:10:34.286715Z", "fetched_at": "2025-07-13T16:10:49.644162+00:00", "symbol": "ADA-USD"}, {"trade_id": 143377980, "side": "buy", "size": "1.50000000", "price": "0.74360000", "time": "2025-07-13T16:10:31.488369Z", "fetched_at": "2025-07-13T16:10:49.644162+00:00", "symbol": "ADA-USD"}, {"trade_id": 143377979, "side": "buy", "size": "1075.96560025", "price": "0.74360000", "time": "2025-07-13T16:10:31.476558Z", "fetched_at": "2025-07-13T16:10:49.644162+00:00", "symbol": "ADA-USD"}, {"trade_id": 143377978, "side": "buy", "size": "115.08920000", "price": "0.74370000", "time": "2025-07-13T16:10:28.749733Z", "fetched_at": "2025-07-13T16:10:49.644162+00:00", "symbol": "ADA-USD"}, {"trade_id": 143377977, "side": "buy", "size": "12.44865004", "price": "0.74370000", "time": "2025-07-13T16:10:27.805820Z", "fetched_at": "2025-07-13T16:10:49.644162+00:00", "symbol": "ADA-USD"}, {"trade_id": 143377976, "side": "sell", "size": "113.72089300", "price": "0.74380000", "time": "2025-07-13T16:10:27.798349Z", "fetched_at": "2025-07-13T16:10:49.644162+00:00", "symbol": "ADA-USD"}, {"trade_id": 143377975, "side": "buy", "size": "50.00000000", "price": "0.74370000", "time": "2025-07-13T16:10:25.311175Z", "fetched_at": "2025-07-13T16:10:49.644162+00:00", "symbol": "ADA-USD"}, {"trade_id": 143377974, "side": "buy", "size": "310.50000000", "price": "0.74370000", "time": "2025-07-13T16:10:25.311175Z", "fetched_at": "2025-07-13T16:10:49.644162+00:00", "symbol": "ADA-USD"}, {"trade_id": 143377973, "side": "buy", "size": "115.08920000", "price": "0.74370000", "time": "2025-07-13T16:10:25.264651Z", "fetched_at": "2025-07-13T16:10:49.644162+00:00", "symbol": "ADA-USD"}, {"trade_id": 143377972, "side": "sell", "size": "198.03914697", "price": "0.74380000", "time": "2025-07-13T16:10:25.256184Z", "fetched_at": "2025-07-13T16:10:49.644162+00:00", "symbol": "ADA-USD"}, {"trade_id": 143377971, "side": "sell", "size": "116.07976916", "price": "0.74380000", "time": "2025-07-13T16:10:25.256184Z", "fetched_at": "2025-07-13T16:10:49.644162+00:00", "symbol": "ADA-USD"}, {"trade_id": 143377970, "side": "sell", "size": "981.50000000", "price": "0.74380000", "time": "2025-07-13T16:10:25.256184Z", "fetched_at": "2025-07-13T16:10:49.644162+00:00", "symbol": "ADA-USD"}, {"trade_id": 143377969, "side": "sell", "size": "605.00134444", "price": "0.74380000", "time": "2025-07-13T16:10:25.256184Z", "fetched_at": "2025-07-13T16:10:49.644162+00:00", "symbol": "ADA-USD"}, {"trade_id": 143377968, "side": "sell", "size": "29.57522208", "price": "0.74380000", "time": "2025-07-13T16:10:25.256184Z", "fetched_at": "2025-07-13T16:10:49.644162+00:00", "symbol": "ADA-USD"}, {"trade_id": 143377967, "side": "buy", "size": "12.94431529", "price": "0.74370000", "time": "2025-07-13T16:10:24.691330Z", "fetched_at": "2025-07-13T16:10:49.644162+00:00", "symbol": "ADA-USD"}, {"trade_id": 143377966, "side": "buy", "size": "12.94431529", "price": "0.74370000", "time": "2025-07-13T16:10:24.655375Z", "fetched_at": "2025-07-13T16:10:49.644162+00:00", "symbol": "ADA-USD"}, {"trade_id": 143377965, "side": "buy", "size": "12.94431529", "price": "0.74370000", "time": "2025-07-13T16:10:24.638258Z", "fetched_at": "2025-07-13T16:10:49.644162+00:00", "symbol": "ADA-USD"}, {"trade_id": 143377964, "side": "buy", "size": "12.94431529", "price": "0.74370000", "time": "2025-07-13T16:10:24.599452Z", "fetched_at": "2025-07-13T16:10:49.644162+00:00", "symbol": "ADA-USD"}, {"trade_id": 143377963, "side": "buy", "size": "12.94431529", "price": "0.74370000", "time": "2025-07-13T16:10:24.514968Z", "fetched_at": "2025-07-13T16:10:49.644162+00:00", "symbol": "ADA-USD"}, {"trade_id": 143377962, "side": "buy", "size": "1.50000000", "price": "0.74370000", "time": "2025-07-13T16:10:24.514968Z", "fetched_at": "2025-07-13T16:10:49.644162+00:00", "symbol": "ADA-USD"}, {"trade_id": 143377961, "side": "buy", "size": "12.94257499", "price": "0.74380000", "time": "2025-07-13T16:10:24.500189Z", "fetched_at": "2025-07-13T16:10:49.644162+00:00", "symbol": "ADA-USD"}, {"trade_id": 143377960, "side": "buy", "size": "310.50000000", "price": "0.74380000", "time": "2025-07-13T16:10:24.500189Z", "fetched_at": "2025-07-13T16:10:49.644162+00:00", "symbol": "ADA-USD"}, {"trade_id": 143377959, "side": "buy", "size": "6.54947130", "price": "0.74390000", "time": "2025-07-13T16:10:22.669504Z", "fetched_at": "2025-07-13T16:10:49.644162+00:00", "symbol": "ADA-USD"}, {"trade_id": 143377958, "side": "buy", "size": "8.71864579", "price": "0.74390000", "time": "2025-07-13T16:10:22.650208Z", "fetched_at": "2025-07-13T16:10:49.644162+00:00", "symbol": "ADA-USD"}, {"trade_id": 143377957, "side": "buy", "size": "8.03692711", "price": "0.74380000", "time": "2025-07-13T16:10:21.859491Z", "fetched_at": "2025-07-13T16:10:49.644162+00:00", "symbol": "ADA-USD"}, {"trade_id": 143377956, "side": "sell", "size": "113.51004441", "price": "0.74390000", "time": "2025-07-13T16:10:21.843891Z", "fetched_at": "2025-07-13T16:10:49.644162+00:00", "symbol": "ADA-USD"}, {"trade_id": 143377955, "side": "sell", "size": "800.00000000", "price": "0.74390000", "time": "2025-07-13T16:10:21.843891Z", "fetched_at": "2025-07-13T16:10:49.644162+00:00", "symbol": "ADA-USD"}, {"trade_id": 143377954, "side": "sell", "size": "778.50606051", "price": "0.74390000", "time": "2025-07-13T16:10:21.843891Z", "fetched_at": "2025-07-13T16:10:49.644162+00:00", "symbol": "ADA-USD"}, {"trade_id": 143377953, "side": "sell", "size": "566.07485271", "price": "0.74390000", "time": "2025-07-13T16:10:21.843891Z", "fetched_at": "2025-07-13T16:10:49.644162+00:00", "symbol": "ADA-USD"}, {"trade_id": 143377952, "side": "sell", "size": "307.21259195", "price": "0.74390000", "time": "2025-07-13T16:10:21.843891Z", "fetched_at": "2025-07-13T16:10:49.644162+00:00", "symbol": "ADA-USD"}, {"trade_id": 143377951, "side": "sell", "size": "1.50000000", "price": "0.74390000", "time": "2025-07-13T16:10:21.843891Z", "fetched_at": "2025-07-13T16:10:49.644162+00:00", "symbol": "ADA-USD"}, {"trade_id": 143377950, "side": "sell", "size": "50.00000000", "price": "0.74380000", "time": "2025-07-13T16:10:21.843891Z", "fetched_at": "2025-07-13T16:10:49.644162+00:00", "symbol": "ADA-USD"}, {"trade_id": 143377949, "side": "sell", "size": "51.00306000", "price": "0.74380000", "time": "2025-07-13T16:10:21.843891Z", "fetched_at": "2025-07-13T16:10:49.644162+00:00", "symbol": "ADA-USD"}, {"trade_id": 143377948, "side": "sell", "size": "8.53033535", "price": "0.74380000", "time": "2025-07-13T16:10:21.843891Z", "fetched_at": "2025-07-13T16:10:49.644162+00:00", "symbol": "ADA-USD"}, {"trade_id": 143377947, "side": "sell", "size": "1.50000000", "price": "0.74380000", "time": "2025-07-13T16:10:21.843891Z", "fetched_at": "2025-07-13T16:10:49.644162+00:00", "symbol": "ADA-USD"}, {"trade_id": 143377946, "side": "buy", "size": "27.16879600", "price": "0.74370000", "time": "2025-07-13T16:10:21.638934Z", "fetched_at": "2025-07-13T16:10:49.644162+00:00", "symbol": "ADA-USD"}, {"trade_id": 143377945, "side": "buy", "size": "172.55950774", "price": "0.74350000", "time": "2025-07-13T16:10:20.283752Z", "fetched_at": "2025-07-13T16:10:49.644162+00:00", "symbol": "ADA-USD"}, {"trade_id": 143377944, "side": "buy", "size": "744.70248577", "price": "0.74350000", "time": "2025-07-13T16:10:20.283752Z", "fetched_at": "2025-07-13T16:10:49.644162+00:00", "symbol": "ADA-USD"}, {"trade_id": 143377943, "side": "buy", "size": "808.94272470", "price": "0.74350000", "time": "2025-07-13T16:10:20.283752Z", "fetched_at": "2025-07-13T16:10:49.644162+00:00", "symbol": "ADA-USD"}, {"trade_id": 143377942, "side": "buy", "size": "3669.83858305", "price": "0.74350000", "time": "2025-07-13T16:10:20.283752Z", "fetched_at": "2025-07-13T16:10:49.644162+00:00", "symbol": "ADA-USD"}, {"trade_id": 143377941, "side": "buy", "size": "1.50000000", "price": "0.74350000", "time": "2025-07-13T16:10:20.283752Z", "fetched_at": "2025-07-13T16:10:49.644162+00:00", "symbol": "ADA-USD"}, {"trade_id": 143377940, "side": "buy", "size": "500.00000000", "price": "0.74350000", "time": "2025-07-13T16:10:20.283752Z", "fetched_at": "2025-07-13T16:10:49.644162+00:00", "symbol": "ADA-USD"}, {"trade_id": 143377939, "side": "buy", "size": "742.30953151", "price": "0.74350000", "time": "2025-07-13T16:10:20.283752Z", "fetched_at": "2025-07-13T16:10:49.644162+00:00", "symbol": "ADA-USD"}, {"trade_id": 143377938, "side": "buy", "size": "12.94605605", "price": "0.74360000", "time": "2025-07-13T16:10:20.283752Z", "fetched_at": "2025-07-13T16:10:49.644162+00:00", "symbol": "ADA-USD"}, {"trade_id": 143377937, "side": "buy", "size": "1461.15196733", "price": "0.74360000", "time": "2025-07-13T16:10:20.283752Z", "fetched_at": "2025-07-13T16:10:49.644162+00:00", "symbol": "ADA-USD"}, {"trade_id": 143377936, "side": "buy", "size": "500.00000000", "price": "0.74360000", "time": "2025-07-13T16:10:20.283752Z", "fetched_at": "2025-07-13T16:10:49.644162+00:00", "symbol": "ADA-USD"}, {"trade_id": 143377935, "side": "buy", "size": "742.30953151", "price": "0.74360000", "time": "2025-07-13T16:10:20.283752Z", "fetched_at": "2025-07-13T16:10:49.644162+00:00", "symbol": "ADA-USD"}, {"trade_id": 143377934, "side": "buy", "size": "700.55043966", "price": "0.74360000", "time": "2025-07-13T16:10:20.283752Z", "fetched_at": "2025-07-13T16:10:49.644162+00:00", "symbol": "ADA-USD"}, {"trade_id": 143377933, "side": "buy", "size": "310.50000000", "price": "0.74360000", "time": "2025-07-13T16:10:20.283752Z", "fetched_at": "2025-07-13T16:10:49.644162+00:00", "symbol": "ADA-USD"}, {"trade_id": 143377932, "side": "buy", "size": "14.19817268", "price": "0.74360000", "time": "2025-07-13T16:10:20.283752Z", "fetched_at": "2025-07-13T16:10:49.644162+00:00", "symbol": "ADA-USD"}, {"trade_id": 143377931, "side": "buy", "size": "115.08920000", "price": "0.74370000", "time": "2025-07-13T16:10:20.148483Z", "fetched_at": "2025-07-13T16:10:49.644162+00:00", "symbol": "ADA-USD"}, {"trade_id": 143377930, "side": "buy", "size": "310.50000000", "price": "0.74370000", "time": "2025-07-13T16:10:19.532746Z", "fetched_at": "2025-07-13T16:10:49.644162+00:00", "symbol": "ADA-USD"}, {"trade_id": 143377929, "side": "buy", "size": "119.51898000", "price": "0.74370000", "time": "2025-07-13T16:10:19.532746Z", "fetched_at": "2025-07-13T16:10:49.644162+00:00", "symbol": "ADA-USD"}, {"trade_id": 143377928, "side": "buy", "size": "115.08920000", "price": "0.74370000", "time": "2025-07-13T16:10:19.520768Z", "fetched_at": "2025-07-13T16:10:49.644162+00:00", "symbol": "ADA-USD"}, {"trade_id": 143377927, "side": "buy", "size": "310.50000000", "price": "0.74370000", "time": "2025-07-13T16:10:19.506840Z", "fetched_at": "2025-07-13T16:10:49.644162+00:00", "symbol": "ADA-USD"}, {"trade_id": 143377926, "side": "buy", "size": "115.08920000", "price": "0.74370000", "time": "2025-07-13T16:10:19.494941Z", "fetched_at": "2025-07-13T16:10:49.644162+00:00", "symbol": "ADA-USD"}, {"trade_id": 143377925, "side": "buy", "size": "189.50000000", "price": "0.74370000", "time": "2025-07-13T16:10:19.095892Z", "fetched_at": "2025-07-13T16:10:49.644162+00:00", "symbol": "ADA-USD"}, {"trade_id": 143377924, "side": "buy", "size": "310.50000000", "price": "0.74370000", "time": "2025-07-13T16:10:19.084895Z", "fetched_at": "2025-07-13T16:10:49.644162+00:00", "symbol": "ADA-USD"}, {"trade_id": 143377923, "side": "buy", "size": "309.01898000", "price": "0.74370000", "time": "2025-07-13T16:10:18.977146Z", "fetched_at": "2025-07-13T16:10:49.644162+00:00", "symbol": "ADA-USD"}, {"trade_id": 143377922, "side": "buy", "size": "190.98102000", "price": "0.74370000", "time": "2025-07-13T16:10:18.957359Z", "fetched_at": "2025-07-13T16:10:49.644162+00:00", "symbol": "ADA-USD"}, {"trade_id": 143377921, "side": "buy", "size": "119.51898000", "price": "0.74370000", "time": "2025-07-13T16:10:18.957359Z", "fetched_at": "2025-07-13T16:10:49.644162+00:00", "symbol": "ADA-USD"}, {"trade_id": 143377920, "side": "buy", "size": "172.63380000", "price": "0.74370000", "time": "2025-07-13T16:10:18.758044Z", "fetched_at": "2025-07-13T16:10:49.644162+00:00", "symbol": "ADA-USD"}, {"trade_id": 143377919, "side": "buy", "size": "115.08920000", "price": "0.74360000", "time": "2025-07-13T16:10:18.739384Z", "fetched_at": "2025-07-13T16:10:49.644162+00:00", "symbol": "ADA-USD"}, {"trade_id": 143377918, "side": "buy", "size": "115.08920000", "price": "0.74360000", "time": "2025-07-13T16:10:17.355072Z", "fetched_at": "2025-07-13T16:10:49.644162+00:00", "symbol": "ADA-USD"}, {"trade_id": 143377917, "side": "buy", "size": "18.80831131", "price": "0.74360000", "time": "2025-07-13T16:10:16.126802Z", "fetched_at": "2025-07-13T16:10:49.644162+00:00", "symbol": "ADA-USD"}, {"trade_id": 143377916, "side": "sell", "size": "235.39129225", "price": "0.74370000", "time": "2025-07-13T16:10:16.118724Z", "fetched_at": "2025-07-13T16:10:49.644162+00:00", "symbol": "ADA-USD"}, {"trade_id": 143377915, "side": "sell", "size": "38.72586989", "price": "0.74370000", "time": "2025-07-13T16:10:16.118724Z", "fetched_at": "2025-07-13T16:10:49.644162+00:00", "symbol": "ADA-USD"}, {"trade_id": 143377914, "side": "sell", "size": "981.50000000", "price": "0.74370000", "time": "2025-07-13T16:10:16.118724Z", "fetched_at": "2025-07-13T16:10:49.644162+00:00", "symbol": "ADA-USD"}, {"trade_id": 143377913, "side": "sell", "size": "605.11116292", "price": "0.74370000", "time": "2025-07-13T16:10:16.118724Z", "fetched_at": "2025-07-13T16:10:49.644162+00:00", "symbol": "ADA-USD"}, {"trade_id": 143377912, "side": "sell", "size": "1.50000000", "price": "0.74370000", "time": "2025-07-13T16:10:16.118724Z", "fetched_at": "2025-07-13T16:10:49.644162+00:00", "symbol": "ADA-USD"}, {"trade_id": 143377911, "side": "sell", "size": "20.25117494", "price": "0.74370000", "time": "2025-07-13T16:10:16.118724Z", "fetched_at": "2025-07-13T16:10:49.644162+00:00", "symbol": "ADA-USD"}, {"trade_id": 143377910, "side": "buy", "size": "11.09885044", "price": "0.74360000", "time": "2025-07-13T16:10:15.511957Z", "fetched_at": "2025-07-13T16:10:49.644162+00:00", "symbol": "ADA-USD"}, {"trade_id": 143377909, "side": "buy", "size": "488.90114956", "price": "0.74360000", "time": "2025-07-13T16:10:15.501630Z", "fetched_at": "2025-07-13T16:10:49.644162+00:00", "symbol": "ADA-USD"}, {"trade_id": 143377908, "side": "buy", "size": "51.00306000", "price": "0.74360000", "time": "2025-07-13T16:10:15.501630Z", "fetched_at": "2025-07-13T16:10:49.644162+00:00", "symbol": "ADA-USD"}, {"trade_id": 143377907, "side": "buy", "size": "119.51898000", "price": "0.74360000", "time": "2025-07-13T16:10:15.501630Z", "fetched_at": "2025-07-13T16:10:49.644162+00:00", "symbol": "ADA-USD"}, {"trade_id": 143377906, "side": "buy", "size": "115.08920000", "price": "0.74360000", "time": "2025-07-13T16:10:15.501630Z", "fetched_at": "2025-07-13T16:10:49.644162+00:00", "symbol": "ADA-USD"}, {"trade_id": 143377905, "side": "buy", "size": "115.08920000", "price": "0.74360000", "time": "2025-07-13T16:10:15.444953Z", "fetched_at": "2025-07-13T16:10:49.644162+00:00", "symbol": "ADA-USD"}, {"trade_id": 143377904, "side": "buy", "size": "50.00000000", "price": "0.74360000", "time": "2025-07-13T16:10:15.444953Z", "fetched_at": "2025-07-13T16:10:49.644162+00:00", "symbol": "ADA-USD"}, {"trade_id": 143377903, "side": "buy", "size": "119.51898000", "price": "0.74360000", "time": "2025-07-13T16:10:15.444953Z", "fetched_at": "2025-07-13T16:10:49.644162+00:00", "symbol": "ADA-USD"}, {"trade_id": 143377902, "side": "buy", "size": "115.08920000", "price": "0.74360000", "time": "2025-07-13T16:10:15.374639Z", "fetched_at": "2025-07-13T16:10:49.644162+00:00", "symbol": "ADA-USD"}, {"trade_id": 143377901, "side": "sell", "size": "1.50000000", "price": "0.74370000", "time": "2025-07-13T16:10:11.370226Z", "fetched_at": "2025-07-13T16:10:49.644162+00:00", "symbol": "ADA-USD"}, {"trade_id": 143377900, "side": "buy", "size": "172.63380000", "price": "0.74360000", "time": "2025-07-13T16:10:11.360849Z", "fetched_at": "2025-07-13T16:10:49.644162+00:00", "symbol": "ADA-USD"}, {"trade_id": 143377899, "side": "sell", "size": "981.50000000", "price": "0.74360000", "time": "2025-07-13T16:10:11.355384Z", "fetched_at": "2025-07-13T16:10:49.644162+00:00", "symbol": "ADA-USD"}, {"trade_id": 143377898, "side": "sell", "size": "800.00000000", "price": "0.74360000", "time": "2025-07-13T16:10:11.355384Z", "fetched_at": "2025-07-13T16:10:49.644162+00:00", "symbol": "ADA-USD"}, {"trade_id": 143377897, "side": "sell", "size": "500.00000000", "price": "0.74360000", "time": "2025-07-13T16:10:11.355384Z", "fetched_at": "2025-07-13T16:10:49.644162+00:00", "symbol": "ADA-USD"}, {"trade_id": 143377896, "side": "sell", "size": "5.21112840", "price": "0.74350000", "time": "2025-07-13T16:10:09.711541Z", "fetched_at": "2025-07-13T16:10:49.644162+00:00", "symbol": "ADA-USD"}, {"trade_id": 143377895, "side": "sell", "size": "1.44746760", "price": "0.74340000", "time": "2025-07-13T16:10:09.711541Z", "fetched_at": "2025-07-13T16:10:49.644162+00:00", "symbol": "ADA-USD"}, {"trade_id": 143377894, "side": "sell", "size": "3.94190845", "price": "0.74340000", "time": "2025-07-13T16:10:07.607692Z", "fetched_at": "2025-07-13T16:10:49.644162+00:00", "symbol": "ADA-USD"}, {"trade_id": 143377893, "side": "buy", "size": "169.31073920", "price": "0.74350000", "time": "2025-07-13T16:10:06.869958Z", "fetched_at": "2025-07-13T16:10:49.644162+00:00", "symbol": "ADA-USD"}, {"trade_id": 143377892, "side": "sell", "size": "3056.66844761", "price": "0.74390000", "time": "2025-07-13T16:10:06.853351Z", "fetched_at": "2025-07-13T16:10:49.644162+00:00", "symbol": "ADA-USD"}, {"trade_id": 143377891, "side": "sell", "size": "742.30953151", "price": "0.74390000", "time": "2025-07-13T16:10:06.853351Z", "fetched_at": "2025-07-13T16:10:49.644162+00:00", "symbol": "ADA-USD"}, {"trade_id": 143377890, "side": "sell", "size": "1.50000000", "price": "0.74390000", "time": "2025-07-13T16:10:06.853351Z", "fetched_at": "2025-07-13T16:10:49.644162+00:00", "symbol": "ADA-USD"}, {"trade_id": 143377889, "side": "sell", "size": "310.50000000", "price": "0.74390000", "time": "2025-07-13T16:10:06.853351Z", "fetched_at": "2025-07-13T16:10:49.644162+00:00", "symbol": "ADA-USD"}, {"trade_id": 143377888, "side": "sell", "size": "165.78945298", "price": "0.74380000", "time": "2025-07-13T16:10:06.853351Z", "fetched_at": "2025-07-13T16:10:49.644162+00:00", "symbol": "ADA-USD"}, {"trade_id": 143377887, "side": "sell", "size": "635.40201946", "price": "0.74380000", "time": "2025-07-13T16:10:06.853351Z", "fetched_at": "2025-07-13T16:10:49.644162+00:00", "symbol": "ADA-USD"}, {"trade_id": 143377886, "side": "sell", "size": "1300.00000000", "price": "0.74380000", "time": "2025-07-13T16:10:06.853351Z", "fetched_at": "2025-07-13T16:10:49.644162+00:00", "symbol": "ADA-USD"}, {"trade_id": 143377885, "side": "sell", "size": "275.00859402", "price": "0.74380000", "time": "2025-07-13T16:10:06.853351Z", "fetched_at": "2025-07-13T16:10:49.644162+00:00", "symbol": "ADA-USD"}, {"trade_id": 143377884, "side": "sell", "size": "1.50000000", "price": "0.74380000", "time": "2025-07-13T16:10:06.853351Z", "fetched_at": "2025-07-13T16:10:49.644162+00:00", "symbol": "ADA-USD"}, {"trade_id": 143377883, "side": "sell", "size": "310.50000000", "price": "0.74380000", "time": "2025-07-13T16:10:06.853351Z", "fetched_at": "2025-07-13T16:10:49.644162+00:00", "symbol": "ADA-USD"}, {"trade_id": 143377882, "side": "sell", "size": "4929.20000000", "price": "0.74370000", "time": "2025-07-13T16:10:06.853351Z", "fetched_at": "2025-07-13T16:10:49.644162+00:00", "symbol": "ADA-USD"}, {"trade_id": 143377881, "side": "sell", "size": "310.50000000", "price": "0.74370000", "time": "2025-07-13T16:10:06.853351Z", "fetched_at": "2025-07-13T16:10:49.644162+00:00", "symbol": "ADA-USD"}, {"trade_id": 143377880, "side": "sell", "size": "1.50000000", "price": "0.74370000", "time": "2025-07-13T16:10:06.853351Z", "fetched_at": "2025-07-13T16:10:49.644162+00:00", "symbol": "ADA-USD"}, {"trade_id": 143377879, "side": "sell", "size": "11.91198417", "price": "0.74360000", "time": "2025-07-13T16:10:06.853351Z", "fetched_at": "2025-07-13T16:10:49.644162+00:00", "symbol": "ADA-USD"}, {"trade_id": 143377878, "side": "sell", "size": "605.21329629", "price": "0.74360000", "time": "2025-07-13T16:10:06.853351Z", "fetched_at": "2025-07-13T16:10:49.644162+00:00", "symbol": "ADA-USD"}, {"trade_id": 143377877, "side": "sell", "size": "500.00000000", "price": "0.74360000", "time": "2025-07-13T16:10:06.853351Z", "fetched_at": "2025-07-13T16:10:49.644162+00:00", "symbol": "ADA-USD"}, {"trade_id": 143377876, "side": "sell", "size": "310.50000000", "price": "0.74360000", "time": "2025-07-13T16:10:06.853351Z", "fetched_at": "2025-07-13T16:10:49.644162+00:00", "symbol": "ADA-USD"}, {"trade_id": 143377875, "side": "sell", "size": "1.50000000", "price": "0.74360000", "time": "2025-07-13T16:10:06.853351Z", "fetched_at": "2025-07-13T16:10:49.644162+00:00", "symbol": "ADA-USD"}, {"trade_id": 143377874, "side": "sell", "size": "795.21646499", "price": "0.74350000", "time": "2025-07-13T16:10:06.853351Z", "fetched_at": "2025-07-13T16:10:49.644162+00:00", "symbol": "ADA-USD"}, {"trade_id": 143377873, "side": "sell", "size": "512.94060788", "price": "0.74350000", "time": "2025-07-13T16:10:06.853351Z", "fetched_at": "2025-07-13T16:10:49.644162+00:00", "symbol": "ADA-USD"}, {"trade_id": 143377872, "side": "sell", "size": "981.50000000", "price": "0.74350000", "time": "2025-07-13T16:10:06.853351Z", "fetched_at": "2025-07-13T16:10:49.644162+00:00", "symbol": "ADA-USD"}, {"trade_id": 143377871, "side": "sell", "size": "800.00000000", "price": "0.74350000", "time": "2025-07-13T16:10:06.853351Z", "fetched_at": "2025-07-13T16:10:49.644162+00:00", "symbol": "ADA-USD"}, {"trade_id": 143377870, "side": "sell", "size": "499.00000000", "price": "0.74350000", "time": "2025-07-13T16:10:06.853351Z", "fetched_at": "2025-07-13T16:10:49.644162+00:00", "symbol": "ADA-USD"}, {"trade_id": 143377869, "side": "sell", "size": "156.18906563", "price": "0.74350000", "time": "2025-07-13T16:10:06.853351Z", "fetched_at": "2025-07-13T16:10:49.644162+00:00", "symbol": "ADA-USD"}, {"trade_id": 143377868, "side": "sell", "size": "1.50000000", "price": "0.74350000", "time": "2025-07-13T16:10:06.853351Z", "fetched_at": "2025-07-13T16:10:49.644162+00:00", "symbol": "ADA-USD"}, {"trade_id": 143377867, "side": "sell", "size": "93.29511684", "price": "0.74350000", "time": "2025-07-13T16:10:06.853351Z", "fetched_at": "2025-07-13T16:10:49.644162+00:00", "symbol": "ADA-USD"}, {"trade_id": 143377866, "side": "buy", "size": "12.86477518", "price": "0.74320000", "time": "2025-07-13T16:10:04.068262Z", "fetched_at": "2025-07-13T16:10:49.644162+00:00", "symbol": "ADA-USD"}, {"trade_id": 143377865, "side": "buy", "size": "17.54804402", "price": "0.74320000", "time": "2025-07-13T16:10:04.068262Z", "fetched_at": "2025-07-13T16:10:49.644162+00:00", "symbol": "ADA-USD"}, {"trade_id": 143377864, "side": "sell", "size": "98.85150174", "price": "0.74360000", "time": "2025-07-13T16:10:01.476001Z", "fetched_at": "2025-07-13T16:10:49.644162+00:00", "symbol": "ADA-USD"}, {"trade_id": 143377863, "side": "sell", "size": "605.21231878", "price": "0.74360000", "time": "2025-07-13T16:10:01.476001Z", "fetched_at": "2025-07-13T16:10:49.644162+00:00", "symbol": "ADA-USD"}, {"trade_id": 143377862, "side": "sell", "size": "14.85121389", "price": "0.74360000", "time": "2025-07-13T16:10:01.476001Z", "fetched_at": "2025-07-13T16:10:49.644162+00:00", "symbol": "ADA-USD"}, {"trade_id": 143377861, "side": "sell", "size": "1.50000000", "price": "0.74360000", "time": "2025-07-13T16:10:01.476001Z", "fetched_at": "2025-07-13T16:10:49.644162+00:00", "symbol": "ADA-USD"}, {"trade_id": 143377860, "side": "sell", "size": "310.50000000", "price": "0.74360000", "time": "2025-07-13T16:10:01.476001Z", "fetched_at": "2025-07-13T16:10:49.644162+00:00", "symbol": "ADA-USD"}, {"trade_id": 143377859, "side": "sell", "size": "721.07752964", "price": "0.74350000", "time": "2025-07-13T16:10:01.476001Z", "fetched_at": "2025-07-13T16:10:49.644162+00:00", "symbol": "ADA-USD"}, {"trade_id": 143377858, "side": "sell", "size": "50.00000000", "price": "0.74350000", "time": "2025-07-13T16:10:01.476001Z", "fetched_at": "2025-07-13T16:10:49.644162+00:00", "symbol": "ADA-USD"}, {"trade_id": 143377857, "side": "sell", "size": "800.00000000", "price": "0.74350000", "time": "2025-07-13T16:10:01.476001Z", "fetched_at": "2025-07-13T16:10:49.644162+00:00", "symbol": "ADA-USD"}, {"trade_id": 143377856, "side": "sell", "size": "1.50000000", "price": "0.74350000", "time": "2025-07-13T16:10:01.476001Z", "fetched_at": "2025-07-13T16:10:49.644162+00:00", "symbol": "ADA-USD"}, {"trade_id": 143377855, "side": "sell", "size": "8.93137995", "price": "0.74340000", "time": "2025-07-13T16:10:01.476001Z", "fetched_at": "2025-07-13T16:10:49.644162+00:00", "symbol": "ADA-USD"}, {"trade_id": 143377854, "side": "sell", "size": "1.50000000", "price": "0.74340000", "time": "2025-07-13T16:10:01.476001Z", "fetched_at": "2025-07-13T16:10:49.644162+00:00", "symbol": "ADA-USD"}, {"trade_id": 143377853, "side": "buy", "size": "0.25123900", "price": "0.74330000", "time": "2025-07-13T16:10:00.638609Z", "fetched_at": "2025-07-13T16:10:49.644162+00:00", "symbol": "ADA-USD"}, {"trade_id": 143377852, "side": "sell", "size": "605.43469758", "price": "0.74330000", "time": "2025-07-13T16:09:55.082002Z", "fetched_at": "2025-07-13T16:10:49.644162+00:00", "symbol": "ADA-USD"}, {"trade_id": 143377851, "side": "sell", "size": "1.50000000", "price": "0.74330000", "time": "2025-07-13T16:09:55.082002Z", "fetched_at": "2025-07-13T16:10:49.644162+00:00", "symbol": "ADA-USD"}, {"trade_id": 143377850, "side": "sell", "size": "210.26730960", "price": "0.74330000", "time": "2025-07-13T16:09:55.082002Z", "fetched_at": "2025-07-13T16:10:49.644162+00:00", "symbol": "ADA-USD"}, {"trade_id": 143377849, "side": "sell", "size": "12.86567451", "price": "0.74320000", "time": "2025-07-13T16:09:55.078004Z", "fetched_at": "2025-07-13T16:10:49.644162+00:00", "symbol": "ADA-USD"}, {"trade_id": 143377848, "side": "buy", "size": "455.33392059", "price": "0.74300000", "time": "2025-07-13T16:09:50.183497Z", "fetched_at": "2025-07-13T16:10:49.644162+00:00", "symbol": "ADA-USD"}, {"trade_id": 143377847, "side": "buy", "size": "310.50000000", "price": "0.74300000", "time": "2025-07-13T16:09:50.183497Z", "fetched_at": "2025-07-13T16:10:49.644162+00:00", "symbol": "ADA-USD"}, {"trade_id": 143377846, "side": "buy", "size": "50.00000000", "price": "0.74300000", "time": "2025-07-13T16:09:50.183497Z", "fetched_at": "2025-07-13T16:10:49.644162+00:00", "symbol": "ADA-USD"}, {"trade_id": 143377845, "side": "buy", "size": "1.50000000", "price": "0.74300000", "time": "2025-07-13T16:09:50.183497Z", "fetched_at": "2025-07-13T16:10:49.644162+00:00", "symbol": "ADA-USD"}, {"trade_id": 143377844, "side": "buy", "size": "12.86650641", "price": "0.74310000", "time": "2025-07-13T16:09:50.183497Z", "fetched_at": "2025-07-13T16:10:49.644162+00:00", "symbol": "ADA-USD"}, {"trade_id": 143377843, "side": "buy", "size": "119.51898000", "price": "0.74310000", "time": "2025-07-13T16:09:50.183497Z", "fetched_at": "2025-07-13T16:10:49.644162+00:00", "symbol": "ADA-USD"}, {"trade_id": 143377842, "side": "buy", "size": "115.08920000", "price": "0.74310000", "time": "2025-07-13T16:09:50.183497Z", "fetched_at": "2025-07-13T16:10:49.644162+00:00", "symbol": "ADA-USD"}, {"trade_id": 143377841, "side": "buy", "size": "12.86650641", "price": "0.74310000", "time": "2025-07-13T16:09:47.277239Z", "fetched_at": "2025-07-13T16:10:49.644162+00:00", "symbol": "ADA-USD"}, {"trade_id": 143377840, "side": "buy", "size": "29.67070849", "price": "0.74300000", "time": "2025-07-13T16:09:46.842878Z", "fetched_at": "2025-07-13T16:10:49.644162+00:00", "symbol": "ADA-USD"}, {"trade_id": 143377839, "side": "buy", "size": "401.52599151", "price": "0.74300000", "time": "2025-07-13T16:09:46.842878Z", "fetched_at": "2025-07-13T16:10:49.644162+00:00", "symbol": "ADA-USD"}, {"trade_id": 143377838, "side": "buy", "size": "310.50000000", "price": "0.74310000", "time": "2025-07-13T16:09:46.842878Z", "fetched_at": "2025-07-13T16:10:49.644162+00:00", "symbol": "ADA-USD"}, {"trade_id": 143377837, "side": "buy", "size": "340.78354000", "price": "0.74300000", "time": "2025-07-13T16:09:46.822548Z", "fetched_at": "2025-07-13T16:10:49.644162+00:00", "symbol": "ADA-USD"}, {"trade_id": 143377836, "side": "buy", "size": "310.50000000", "price": "0.74310000", "time": "2025-07-13T16:09:46.822548Z", "fetched_at": "2025-07-13T16:10:49.644162+00:00", "symbol": "ADA-USD"}, {"trade_id": 143377835, "side": "buy", "size": "51.00306000", "price": "0.74310000", "time": "2025-07-13T16:09:46.822548Z", "fetched_at": "2025-07-13T16:10:49.644162+00:00", "symbol": "ADA-USD"}, {"trade_id": 143377834, "side": "buy", "size": "1.50000000", "price": "0.74320000", "time": "2025-07-13T16:09:46.584606Z", "fetched_at": "2025-07-13T16:10:49.644162+00:00", "symbol": "ADA-USD"}, {"trade_id": 143377833, "side": "buy", "size": "49.00357200", "price": "0.74350000", "time": "2025-07-13T16:09:42.734331Z", "fetched_at": "2025-07-13T16:10:49.644162+00:00", "symbol": "ADA-USD"}, {"trade_id": 143377832, "side": "buy", "size": "51.00306000", "price": "0.74350000", "time": "2025-07-13T16:09:42.734331Z", "fetched_at": "2025-07-13T16:10:49.644162+00:00", "symbol": "ADA-USD"}, {"trade_id": 143377831, "side": "sell", "size": "101.87101881", "price": "0.74360000", "time": "2025-07-13T16:09:41.059530Z", "fetched_at": "2025-07-13T16:10:49.644162+00:00", "symbol": "ADA-USD"}, {"trade_id": 143377830, "side": "sell", "size": "1.50000000", "price": "0.74360000", "time": "2025-07-13T16:09:41.059530Z", "fetched_at": "2025-07-13T16:10:49.644162+00:00", "symbol": "ADA-USD"}, {"trade_id": 143377829, "side": "sell", "size": "191.10638119", "price": "0.74350000", "time": "2025-07-13T16:09:41.059530Z", "fetched_at": "2025-07-13T16:10:49.644162+00:00", "symbol": "ADA-USD"}, {"trade_id": 143377828, "side": "sell", "size": "1.50000000", "price": "0.74350000", "time": "2025-07-13T16:09:41.059530Z", "fetched_at": "2025-07-13T16:10:49.644162+00:00", "symbol": "ADA-USD"}, {"trade_id": 143377827, "side": "sell", "size": "1.50000000", "price": "0.74340000", "time": "2025-07-13T16:09:40.372981Z", "fetched_at": "2025-07-13T16:10:49.644162+00:00", "symbol": "ADA-USD"}, {"trade_id": 143377826, "side": "sell", "size": "1.50000000", "price": "0.74330000", "time": "2025-07-13T16:09:40.369067Z", "fetched_at": "2025-07-13T16:10:49.644162+00:00", "symbol": "ADA-USD"}, {"trade_id": 143377825, "side": "sell", "size": "5.15407595", "price": "0.74330000", "time": "2025-07-13T16:09:40.369067Z", "fetched_at": "2025-07-13T16:10:49.644162+00:00", "symbol": "ADA-USD"}, {"trade_id": 143377824, "side": "sell", "size": "130.82714100", "price": "0.74330000", "time": "2025-07-13T16:09:38.192212Z", "fetched_at": "2025-07-13T16:10:49.644162+00:00", "symbol": "ADA-USD"}, {"trade_id": 143377823, "side": "sell", "size": "1270.35732000", "price": "0.74320000", "time": "2025-07-13T16:09:35.983087Z", "fetched_at": "2025-07-13T16:10:49.644162+00:00", "symbol": "ADA-USD"}, {"trade_id": 143377822, "side": "sell", "size": "1.50000000", "price": "0.74320000", "time": "2025-07-13T16:09:35.983087Z", "fetched_at": "2025-07-13T16:10:49.644162+00:00", "symbol": "ADA-USD"}, {"trade_id": 143377821, "side": "sell", "size": "981.50000000", "price": "0.74310000", "time": "2025-07-13T16:09:35.799157Z", "fetched_at": "2025-07-13T16:10:49.644162+00:00", "symbol": "ADA-USD"}, {"trade_id": 143377820, "side": "sell", "size": "500.00000000", "price": "0.74310000", "time": "2025-07-13T16:09:35.799157Z", "fetched_at": "2025-07-13T16:10:49.644162+00:00", "symbol": "ADA-USD"}, {"trade_id": 143377819, "side": "sell", "size": "800.00000000", "price": "0.74310000", "time": "2025-07-13T16:09:35.799157Z", "fetched_at": "2025-07-13T16:10:49.644162+00:00", "symbol": "ADA-USD"}, {"trade_id": 143377818, "side": "sell", "size": "1.50000000", "price": "0.74310000", "time": "2025-07-13T16:09:35.799157Z", "fetched_at": "2025-07-13T16:10:49.644162+00:00", "symbol": "ADA-USD"}, {"trade_id": 143377817, "side": "sell", "size": "1.50000000", "price": "0.74300000", "time": "2025-07-13T16:09:34.870049Z", "fetched_at": "2025-07-13T16:10:49.644162+00:00", "symbol": "ADA-USD"}, {"trade_id": 143377816, "side": "buy", "size": "22.44181721", "price": "0.74270000", "time": "2025-07-13T16:09:29.288509Z", "fetched_at": "2025-07-13T16:10:49.644162+00:00", "symbol": "ADA-USD"}, {"trade_id": 143377815, "side": "sell", "size": "51.00061599", "price": "0.74300000", "time": "2025-07-13T16:09:29.276368Z", "fetched_at": "2025-07-13T16:10:49.644162+00:00", "symbol": "ADA-USD"}, {"trade_id": 143377814, "side": "sell", "size": "805.63855429", "price": "0.74290000", "time": "2025-07-13T16:09:29.276368Z", "fetched_at": "2025-07-13T16:10:49.644162+00:00", "symbol": "ADA-USD"}, {"trade_id": 143377813, "side": "sell", "size": "690.38848575", "price": "0.74290000", "time": "2025-07-13T16:09:29.276368Z", "fetched_at": "2025-07-13T16:10:49.644162+00:00", "symbol": "ADA-USD"}, {"trade_id": 143377812, "side": "sell", "size": "310.50000000", "price": "0.74290000", "time": "2025-07-13T16:09:29.276368Z", "fetched_at": "2025-07-13T16:10:49.644162+00:00", "symbol": "ADA-USD"}, {"trade_id": 143377811, "side": "sell", "size": "500.00000000", "price": "0.74290000", "time": "2025-07-13T16:09:29.276368Z", "fetched_at": "2025-07-13T16:10:49.644162+00:00", "symbol": "ADA-USD"}, {"trade_id": 143377810, "side": "sell", "size": "605.83559843", "price": "0.74280000", "time": "2025-07-13T16:09:29.276368Z", "fetched_at": "2025-07-13T16:10:49.644162+00:00", "symbol": "ADA-USD"}, {"trade_id": 143377809, "side": "sell", "size": "310.50000000", "price": "0.74280000", "time": "2025-07-13T16:09:29.276368Z", "fetched_at": "2025-07-13T16:10:49.644162+00:00", "symbol": "ADA-USD"}, {"trade_id": 143377808, "side": "sell", "size": "51.00306000", "price": "0.74270000", "time": "2025-07-13T16:09:29.276368Z", "fetched_at": "2025-07-13T16:10:49.644162+00:00", "symbol": "ADA-USD"}, {"trade_id": 143377807, "side": "sell", "size": "670.86963854", "price": "0.74270000", "time": "2025-07-13T16:09:29.276368Z", "fetched_at": "2025-07-13T16:10:49.644162+00:00", "symbol": "ADA-USD"}, {"trade_id": 143377806, "side": "sell", "size": "800.00000000", "price": "0.74270000", "time": "2025-07-13T16:09:29.276368Z", "fetched_at": "2025-07-13T16:10:49.644162+00:00", "symbol": "ADA-USD"}, {"trade_id": 143377805, "side": "sell", "size": "906.96356241", "price": "0.74270000", "time": "2025-07-13T16:09:29.082248Z", "fetched_at": "2025-07-13T16:10:49.644162+00:00", "symbol": "ADA-USD"}, {"trade_id": 143377804, "side": "sell", "size": "310.50000000", "price": "0.74270000", "time": "2025-07-13T16:09:29.082248Z", "fetched_at": "2025-07-13T16:10:49.644162+00:00", "symbol": "ADA-USD"}, {"trade_id": 143377803, "side": "sell", "size": "50.00000000", "price": "0.74270000", "time": "2025-07-13T16:09:29.082248Z", "fetched_at": "2025-07-13T16:10:49.644162+00:00", "symbol": "ADA-USD"}, {"trade_id": 143377802, "side": "sell", "size": "12.00624685", "price": "0.74270000", "time": "2025-07-13T16:09:29.082248Z", "fetched_at": "2025-07-13T16:10:49.644162+00:00", "symbol": "ADA-USD"}, {"trade_id": 143377801, "side": "sell", "size": "51.00306000", "price": "0.74270000", "time": "2025-07-13T16:09:29.082248Z", "fetched_at": "2025-07-13T16:10:49.644162+00:00", "symbol": "ADA-USD"}, {"trade_id": 143377800, "side": "sell", "size": "196.16148600", "price": "0.74290000", "time": "2025-07-13T16:09:26.169082Z", "fetched_at": "2025-07-13T16:10:49.644162+00:00", "symbol": "ADA-USD"}, {"trade_id": 143377799, "side": "buy", "size": "313.24544400", "price": "0.74270000", "time": "2025-07-13T16:09:25.576380Z", "fetched_at": "2025-07-13T16:10:49.644162+00:00", "symbol": "ADA-USD"}, {"trade_id": 143377798, "side": "buy", "size": "119.51898000", "price": "0.74270000", "time": "2025-07-13T16:09:25.576380Z", "fetched_at": "2025-07-13T16:10:49.644162+00:00", "symbol": "ADA-USD"}, {"trade_id": 143377797, "side": "buy", "size": "115.08920000", "price": "0.74270000", "time": "2025-07-13T16:09:25.576380Z", "fetched_at": "2025-07-13T16:10:49.644162+00:00", "symbol": "ADA-USD"}, {"trade_id": 143377796, "side": "buy", "size": "1.50000000", "price": "0.74260000", "time": "2025-07-13T16:09:24.230636Z", "fetched_at": "2025-07-13T16:10:49.644162+00:00", "symbol": "ADA-USD"}, {"trade_id": 143377795, "side": "buy", "size": "1.50000000", "price": "0.74270000", "time": "2025-07-13T16:09:22.219360Z", "fetched_at": "2025-07-13T16:10:49.644162+00:00", "symbol": "ADA-USD"}, {"trade_id": 143377794, "side": "buy", "size": "13.25109100", "price": "0.74280000", "time": "2025-07-13T16:09:21.798499Z", "fetched_at": "2025-07-13T16:10:49.644162+00:00", "symbol": "ADA-USD"}, {"trade_id": 143377793, "side": "buy", "size": "50.00000000", "price": "0.74280000", "time": "2025-07-13T16:09:21.798499Z", "fetched_at": "2025-07-13T16:10:49.644162+00:00", "symbol": "ADA-USD"}, {"trade_id": 143377792, "side": "sell", "size": "2.94575469", "price": "0.74290000", "time": "2025-07-13T16:09:21.265980Z", "fetched_at": "2025-07-13T16:10:49.644162+00:00", "symbol": "ADA-USD"}, {"trade_id": 143377791, "side": "sell", "size": "981.50000000", "price": "0.74290000", "time": "2025-07-13T16:09:21.265980Z", "fetched_at": "2025-07-13T16:10:49.644162+00:00", "symbol": "ADA-USD"}, {"trade_id": 143377790, "side": "sell", "size": "15.55424531", "price": "0.74290000", "time": "2025-07-13T16:09:21.265980Z", "fetched_at": "2025-07-13T16:10:49.644162+00:00", "symbol": "ADA-USD"}, {"trade_id": 143377789, "side": "sell", "size": "360.83283714", "price": "0.74280000", "time": "2025-07-13T16:09:18.503468Z", "fetched_at": "2025-07-13T16:10:49.644162+00:00", "symbol": "ADA-USD"}, {"trade_id": 143377788, "side": "sell", "size": "160.27452563", "price": "0.74280000", "time": "2025-07-13T16:09:17.289182Z", "fetched_at": "2025-07-13T16:10:49.644162+00:00", "symbol": "ADA-USD"}, {"trade_id": 143377787, "side": "buy", "size": "1.50000000", "price": "0.74280000", "time": "2025-07-13T16:09:17.226339Z", "fetched_at": "2025-07-13T16:10:49.644162+00:00", "symbol": "ADA-USD"}, {"trade_id": 143377786, "side": "buy", "size": "1.50000000", "price": "0.74290000", "time": "2025-07-13T16:09:16.157136Z", "fetched_at": "2025-07-13T16:10:49.644162+00:00", "symbol": "ADA-USD"}, {"trade_id": 143377785, "side": "buy", "size": "1.50000000", "price": "0.74300000", "time": "2025-07-13T16:09:10.010326Z", "fetched_at": "2025-07-13T16:10:49.644162+00:00", "symbol": "ADA-USD"}, {"trade_id": 143377784, "side": "buy", "size": "115.08920000", "price": "0.74320000", "time": "2025-07-13T16:09:08.659878Z", "fetched_at": "2025-07-13T16:10:49.644162+00:00", "symbol": "ADA-USD"}, {"trade_id": 143377783, "side": "sell", "size": "2.19038922", "price": "0.74300000", "time": "2025-07-13T16:09:04.113908Z", "fetched_at": "2025-07-13T16:10:49.644162+00:00", "symbol": "ADA-USD"}, {"trade_id": 143377782, "side": "buy", "size": "1.50000000", "price": "0.74300000", "time": "2025-07-13T16:09:03.158817Z", "fetched_at": "2025-07-13T16:10:49.644162+00:00", "symbol": "ADA-USD"}, {"trade_id": 143377781, "side": "sell", "size": "4.68299570", "price": "0.74320000", "time": "2025-07-13T16:09:01.301765Z", "fetched_at": "2025-07-13T16:10:49.644162+00:00", "symbol": "ADA-USD"}, {"trade_id": 143377780, "side": "sell", "size": "17.76511234", "price": "0.74320000", "time": "2025-07-13T16:09:01.301765Z", "fetched_at": "2025-07-13T16:10:49.644162+00:00", "symbol": "ADA-USD"}, {"trade_id": 143377779, "side": "sell", "size": "981.50000000", "price": "0.74320000", "time": "2025-07-13T16:09:00.951669Z", "fetched_at": "2025-07-13T16:10:49.644162+00:00", "symbol": "ADA-USD"}, {"trade_id": 143377778, "side": "sell", "size": "11.21029283", "price": "0.74320000", "time": "2025-07-13T16:09:00.951669Z", "fetched_at": "2025-07-13T16:10:49.644162+00:00", "symbol": "ADA-USD"}, {"trade_id": 143377777, "side": "buy", "size": "310.50000000", "price": "0.74310000", "time": "2025-07-13T16:09:00.867580Z", "fetched_at": "2025-07-13T16:10:49.644162+00:00", "symbol": "ADA-USD"}, {"trade_id": 143377776, "side": "buy", "size": "172.63380000", "price": "0.74310000", "time": "2025-07-13T16:09:00.848034Z", "fetched_at": "2025-07-13T16:10:49.644162+00:00", "symbol": "ADA-USD"}, {"trade_id": 143377775, "side": "buy", "size": "179.27848000", "price": "0.74310000", "time": "2025-07-13T16:09:00.837584Z", "fetched_at": "2025-07-13T16:10:49.644162+00:00", "symbol": "ADA-USD"}, {"trade_id": 143377774, "side": "sell", "size": "51.00306000", "price": "0.74310000", "time": "2025-07-13T16:09:00.830897Z", "fetched_at": "2025-07-13T16:10:49.644162+00:00", "symbol": "ADA-USD"}, {"trade_id": 143377773, "side": "sell", "size": "50.00000000", "price": "0.74310000", "time": "2025-07-13T16:09:00.830897Z", "fetched_at": "2025-07-13T16:10:49.644162+00:00", "symbol": "ADA-USD"}, {"trade_id": 143377772, "side": "sell", "size": "7.93690932", "price": "0.74310000", "time": "2025-07-13T16:09:00.830897Z", "fetched_at": "2025-07-13T16:10:49.644162+00:00", "symbol": "ADA-USD"}, {"trade_id": 143377771, "side": "buy", "size": "1.50000000", "price": "0.74310000", "time": "2025-07-13T16:09:00.626214Z", "fetched_at": "2025-07-13T16:10:49.644162+00:00", "symbol": "ADA-USD"}, {"trade_id": 143377770, "side": "buy", "size": "115.08920000", "price": "0.74320000", "time": "2025-07-13T16:09:00.497361Z", "fetched_at": "2025-07-13T16:10:49.644162+00:00", "symbol": "ADA-USD"}, {"trade_id": 143377769, "side": "buy", "size": "1114.85532469", "price": "0.74320000", "time": "2025-07-13T16:09:00.359844Z", "fetched_at": "2025-07-13T16:10:49.644162+00:00", "symbol": "ADA-USD"}, {"trade_id": 143377768, "side": "buy", "size": "12.86477518", "price": "0.74320000", "time": "2025-07-13T16:09:00.359844Z", "fetched_at": "2025-07-13T16:10:49.644162+00:00", "symbol": "ADA-USD"}, {"trade_id": 143377767, "side": "buy", "size": "1.50000000", "price": "0.74320000", "time": "2025-07-13T16:09:00.359844Z", "fetched_at": "2025-07-13T16:10:49.644162+00:00", "symbol": "ADA-USD"}, {"trade_id": 143377766, "side": "buy", "size": "0.39594600", "price": "0.74330000", "time": "2025-07-13T16:08:58.975937Z", "fetched_at": "2025-07-13T16:10:49.644162+00:00", "symbol": "ADA-USD"}, {"trade_id": 143377765, "side": "buy", "size": "382.88121783", "price": "0.74340000", "time": "2025-07-13T16:08:58.284254Z", "fetched_at": "2025-07-13T16:10:49.644162+00:00", "symbol": "ADA-USD"}, {"trade_id": 143377764, "side": "buy", "size": "310.50000000", "price": "0.74340000", "time": "2025-07-13T16:08:58.284254Z", "fetched_at": "2025-07-13T16:10:49.644162+00:00", "symbol": "ADA-USD"}, {"trade_id": 143377763, "side": "buy", "size": "3.60085500", "price": "0.74330000", "time": "2025-07-13T16:08:56.709311Z", "fetched_at": "2025-07-13T16:10:49.644162+00:00", "symbol": "ADA-USD"}, {"trade_id": 143377762, "side": "buy", "size": "119.51898000", "price": "0.74330000", "time": "2025-07-13T16:08:56.709311Z", "fetched_at": "2025-07-13T16:10:49.644162+00:00", "symbol": "ADA-USD"}, {"trade_id": 143377761, "side": "buy", "size": "115.08920000", "price": "0.74340000", "time": "2025-07-13T16:08:56.691296Z", "fetched_at": "2025-07-13T16:10:49.644162+00:00", "symbol": "ADA-USD"}, {"trade_id": 143377760, "side": "buy", "size": "12.86304441", "price": "0.74330000", "time": "2025-07-13T16:08:56.059665Z", "fetched_at": "2025-07-13T16:10:49.644162+00:00", "symbol": "ADA-USD"}, {"trade_id": 143377759, "side": "buy", "size": "1.50000000", "price": "0.74330000", "time": "2025-07-13T16:08:56.059665Z", "fetched_at": "2025-07-13T16:10:49.644162+00:00", "symbol": "ADA-USD"}, {"trade_id": 143377758, "side": "buy", "size": "751.39155548", "price": "0.74330000", "time": "2025-07-13T16:08:56.059665Z", "fetched_at": "2025-07-13T16:10:49.644162+00:00", "symbol": "ADA-USD"}, {"trade_id": 143377757, "side": "buy", "size": "1.50000000", "price": "0.74340000", "time": "2025-07-13T16:08:53.434933Z", "fetched_at": "2025-07-13T16:10:49.644162+00:00", "symbol": "ADA-USD"}, {"trade_id": 143377756, "side": "sell", "size": "32.67477700", "price": "0.74370000", "time": "2025-07-13T16:08:52.484145Z", "fetched_at": "2025-07-13T16:10:49.644162+00:00", "symbol": "ADA-USD"}, {"trade_id": 143377755, "side": "buy", "size": "51.00306000", "price": "0.74360000", "time": "2025-07-13T16:08:51.571125Z", "fetched_at": "2025-07-13T16:10:49.644162+00:00", "symbol": "ADA-USD"}, {"trade_id": 143377754, "side": "sell", "size": "2.18269696", "price": "0.74360000", "time": "2025-07-13T16:08:49.936542Z", "fetched_at": "2025-07-13T16:10:49.644162+00:00", "symbol": "ADA-USD"}, {"trade_id": 143377753, "side": "sell", "size": "11.75591700", "price": "0.74360000", "time": "2025-07-13T16:08:49.426519Z", "fetched_at": "2025-07-13T16:10:49.644162+00:00", "symbol": "ADA-USD"}, {"trade_id": 143377752, "side": "sell", "size": "4.77964619", "price": "0.74350000", "time": "2025-07-13T16:08:49.411692Z", "fetched_at": "2025-07-13T16:10:49.644162+00:00", "symbol": "ADA-USD"}, {"trade_id": 143377751, "side": "buy", "size": "49.05395647", "price": "0.74350000", "time": "2025-07-13T16:08:49.100965Z", "fetched_at": "2025-07-13T16:10:49.644162+00:00", "symbol": "ADA-USD"}, {"trade_id": 143377750, "side": "buy", "size": "499.26413999", "price": "0.74350000", "time": "2025-07-13T16:08:48.352141Z", "fetched_at": "2025-07-13T16:10:49.644162+00:00", "symbol": "ADA-USD"}, {"trade_id": 143377749, "side": "buy", "size": "119.51898000", "price": "0.74350000", "time": "2025-07-13T16:08:48.352141Z", "fetched_at": "2025-07-13T16:10:49.644162+00:00", "symbol": "ADA-USD"}, {"trade_id": 143377748, "side": "buy", "size": "9.24016501", "price": "0.74350000", "time": "2025-07-13T16:08:48.352141Z", "fetched_at": "2025-07-13T16:10:49.644162+00:00", "symbol": "ADA-USD"}, {"trade_id": 143377747, "side": "buy", "size": "500.00000000", "price": "0.74350000", "time": "2025-07-13T16:08:48.352141Z", "fetched_at": "2025-07-13T16:10:49.644162+00:00", "symbol": "ADA-USD"}, {"trade_id": 143377746, "side": "buy", "size": "115.08920000", "price": "0.74350000", "time": "2025-07-13T16:08:48.352141Z", "fetched_at": "2025-07-13T16:10:49.644162+00:00", "symbol": "ADA-USD"}, {"trade_id": 143377745, "side": "buy", "size": "311.43816356", "price": "0.74360000", "time": "2025-07-13T16:08:48.272137Z", "fetched_at": "2025-07-13T16:10:49.644162+00:00", "symbol": "ADA-USD"}, {"trade_id": 143377744, "side": "sell", "size": "11.37438300", "price": "0.74350000", "time": "2025-07-13T16:08:48.139828Z", "fetched_at": "2025-07-13T16:10:49.644162+00:00", "symbol": "ADA-USD"}, {"trade_id": 143377743, "side": "sell", "size": "12.86047070", "price": "0.74330000", "time": "2025-07-13T16:08:43.551410Z", "fetched_at": "2025-07-13T16:10:49.644162+00:00", "symbol": "ADA-USD"}, {"trade_id": 143377742, "side": "buy", "size": "12.86477518", "price": "0.74320000", "time": "2025-07-13T16:08:43.149637Z", "fetched_at": "2025-07-13T16:10:49.644162+00:00", "symbol": "ADA-USD"}, {"trade_id": 143377741, "side": "buy", "size": "545.41902996", "price": "0.74320000", "time": "2025-07-13T16:08:43.131622Z", "fetched_at": "2025-07-13T16:10:49.644162+00:00", "symbol": "ADA-USD"}, {"trade_id": 143377740, "side": "buy", "size": "1.50000000", "price": "0.74320000", "time": "2025-07-13T16:08:43.131622Z", "fetched_at": "2025-07-13T16:10:49.644162+00:00", "symbol": "ADA-USD"}, {"trade_id": 143377739, "side": "buy", "size": "12.86304441", "price": "0.74330000", "time": "2025-07-13T16:08:43.106998Z", "fetched_at": "2025-07-13T16:10:49.644162+00:00", "symbol": "ADA-USD"}, {"trade_id": 143377738, "side": "buy", "size": "1.50000000", "price": "0.74330000", "time": "2025-07-13T16:08:43.106998Z", "fetched_at": "2025-07-13T16:10:49.644162+00:00", "symbol": "ADA-USD"}, {"trade_id": 143377737, "side": "buy", "size": "853.89939149", "price": "0.74340000", "time": "2025-07-13T16:08:43.049231Z", "fetched_at": "2025-07-13T16:10:49.644162+00:00", "symbol": "ADA-USD"}, {"trade_id": 143377736, "side": "buy", "size": "1.50000000", "price": "0.74340000", "time": "2025-07-13T16:08:43.049231Z", "fetched_at": "2025-07-13T16:10:49.644162+00:00", "symbol": "ADA-USD"}, {"trade_id": 143377735, "side": "buy", "size": "728.04052901", "price": "0.74350000", "time": "2025-07-13T16:08:42.892789Z", "fetched_at": "2025-07-13T16:10:49.644162+00:00", "symbol": "ADA-USD"}, {"trade_id": 143377734, "side": "sell", "size": "10.16668619", "price": "0.74350000", "time": "2025-07-13T16:08:42.677747Z", "fetched_at": "2025-07-13T16:10:49.644162+00:00", "symbol": "ADA-USD"}, {"trade_id": 143377733, "side": "buy", "size": "662.53916666", "price": "0.74350000", "time": "2025-07-13T16:08:42.382546Z", "fetched_at": "2025-07-13T16:10:49.644162+00:00", "symbol": "ADA-USD"}, {"trade_id": 143377732, "side": "buy", "size": "1.50000000", "price": "0.74350000", "time": "2025-07-13T16:08:41.543541Z", "fetched_at": "2025-07-13T16:10:49.644162+00:00", "symbol": "ADA-USD"}, {"trade_id": 143377731, "side": "buy", "size": "23.13350344", "price": "0.74360000", "time": "2025-07-13T16:08:40.129951Z", "fetched_at": "2025-07-13T16:10:49.644162+00:00", "symbol": "ADA-USD"}, {"trade_id": 143377730, "side": "buy", "size": "655.25193551", "price": "0.74360000", "time": "2025-07-13T16:08:40.097551Z", "fetched_at": "2025-07-13T16:10:49.644162+00:00", "symbol": "ADA-USD"}, {"trade_id": 143377729, "side": "buy", "size": "70.65746276", "price": "0.74360000", "time": "2025-07-13T16:08:40.018741Z", "fetched_at": "2025-07-13T16:10:49.644162+00:00", "symbol": "ADA-USD"}, {"trade_id": 143377728, "side": "buy", "size": "675.38012444", "price": "0.74360000", "time": "2025-07-13T16:08:40.000215Z", "fetched_at": "2025-07-13T16:10:49.644162+00:00", "symbol": "ADA-USD"}, {"trade_id": 143377727, "side": "sell", "size": "487.15715077", "price": "0.74370000", "time": "2025-07-13T16:08:39.962971Z", "fetched_at": "2025-07-13T16:10:49.644162+00:00", "symbol": "ADA-USD"}, {"trade_id": 143377726, "side": "sell", "size": "500.00000000", "price": "0.74370000", "time": "2025-07-13T16:08:39.962971Z", "fetched_at": "2025-07-13T16:10:49.644162+00:00", "symbol": "ADA-USD"}, {"trade_id": 143377725, "side": "sell", "size": "12.85885030", "price": "0.74370000", "time": "2025-07-13T16:08:39.962971Z", "fetched_at": "2025-07-13T16:10:49.644162+00:00", "symbol": "ADA-USD"}, {"trade_id": 143377724, "side": "sell", "size": "12.85544276", "price": "0.74360000", "time": "2025-07-13T16:08:39.483360Z", "fetched_at": "2025-07-13T16:10:49.644162+00:00", "symbol": "ADA-USD"}, {"trade_id": 143377723, "side": "buy", "size": "1.50000000", "price": "0.74360000", "time": "2025-07-13T16:08:38.389819Z", "fetched_at": "2025-07-13T16:10:49.644162+00:00", "symbol": "ADA-USD"}, {"trade_id": 143377722, "side": "buy", "size": "16.00195091", "price": "0.74370000", "time": "2025-07-13T16:08:38.202044Z", "fetched_at": "2025-07-13T16:10:49.644162+00:00", "symbol": "ADA-USD"}, {"trade_id": 143377721, "side": "buy", "size": "21.28461626", "price": "0.74370000", "time": "2025-07-13T16:08:38.184357Z", "fetched_at": "2025-07-13T16:10:49.644162+00:00", "symbol": "ADA-USD"}, {"trade_id": 143377720, "side": "buy", "size": "3.09634353", "price": "0.74370000", "time": "2025-07-13T16:08:36.766937Z", "fetched_at": "2025-07-13T16:10:49.644162+00:00", "symbol": "ADA-USD"}, {"trade_id": 143377719, "side": "buy", "size": "1.50000000", "price": "0.74370000", "time": "2025-07-13T16:08:36.766937Z", "fetched_at": "2025-07-13T16:10:49.644162+00:00", "symbol": "ADA-USD"}, {"trade_id": 143377718, "side": "buy", "size": "12.85439757", "price": "0.74380000", "time": "2025-07-13T16:08:36.674810Z", "fetched_at": "2025-07-13T16:10:49.644162+00:00", "symbol": "ADA-USD"}, {"trade_id": 143377717, "side": "buy", "size": "12.85439757", "price": "0.74380000", "time": "2025-07-13T16:08:36.645289Z", "fetched_at": "2025-07-13T16:10:49.644162+00:00", "symbol": "ADA-USD"}, {"trade_id": 143377716, "side": "buy", "size": "1.50000000", "price": "0.74380000", "time": "2025-07-13T16:08:36.610626Z", "fetched_at": "2025-07-13T16:10:49.644162+00:00", "symbol": "ADA-USD"}, {"trade_id": 143377715, "side": "buy", "size": "12.85266959", "price": "0.74390000", "time": "2025-07-13T16:08:36.564595Z", "fetched_at": "2025-07-13T16:10:49.644162+00:00", "symbol": "ADA-USD"}, {"trade_id": 143377714, "side": "buy", "size": "3171.40189987", "price": "0.74390000", "time": "2025-07-13T16:08:36.556876Z", "fetched_at": "2025-07-13T16:10:49.644162+00:00", "symbol": "ADA-USD"}, {"trade_id": 143377713, "side": "buy", "size": "1.50000000", "price": "0.74390000", "time": "2025-07-13T16:08:36.556876Z", "fetched_at": "2025-07-13T16:10:49.644162+00:00", "symbol": "ADA-USD"}, {"trade_id": 143377712, "side": "buy", "size": "135.55508577", "price": "0.74400000", "time": "2025-07-13T16:08:35.853196Z", "fetched_at": "2025-07-13T16:10:49.644162+00:00", "symbol": "ADA-USD"}, {"trade_id": 143377711, "side": "buy", "size": "661.74907497", "price": "0.74400000", "time": "2025-07-13T16:08:35.842005Z", "fetched_at": "2025-07-13T16:10:49.644162+00:00", "symbol": "ADA-USD"}, {"trade_id": 143377710, "side": "buy", "size": "1.50000000", "price": "0.74400000", "time": "2025-07-13T16:08:35.842005Z", "fetched_at": "2025-07-13T16:10:49.644162+00:00", "symbol": "ADA-USD"}, {"trade_id": 143377709, "side": "buy", "size": "16.93618783", "price": "0.74400000", "time": "2025-07-13T16:08:35.842005Z", "fetched_at": "2025-07-13T16:10:49.644162+00:00", "symbol": "ADA-USD"}, {"trade_id": 143377708, "side": "sell", "size": "28.79025016", "price": "0.74420000", "time": "2025-07-13T16:08:35.452206Z", "fetched_at": "2025-07-13T16:10:49.644162+00:00", "symbol": "ADA-USD"}, {"trade_id": 143377707, "side": "sell", "size": "310.50000000", "price": "0.74420000", "time": "2025-07-13T16:08:35.452206Z", "fetched_at": "2025-07-13T16:10:49.644162+00:00", "symbol": "ADA-USD"}, {"trade_id": 143377706, "side": "sell", "size": "671.88187357", "price": "0.74420000", "time": "2025-07-13T16:08:35.452206Z", "fetched_at": "2025-07-13T16:10:49.644162+00:00", "symbol": "ADA-USD"}, {"trade_id": 143377705, "side": "sell", "size": "500.00000000", "price": "0.74410000", "time": "2025-07-13T16:08:35.452206Z", "fetched_at": "2025-07-13T16:10:49.644162+00:00", "symbol": "ADA-USD"}, {"trade_id": 143377704, "side": "sell", "size": "310.36869288", "price": "0.74410000", "time": "2025-07-13T16:08:35.452206Z", "fetched_at": "2025-07-13T16:10:49.644162+00:00", "symbol": "ADA-USD"}, {"trade_id": 143377703, "side": "sell", "size": "51.00306000", "price": "0.74410000", "time": "2025-07-13T16:08:35.452206Z", "fetched_at": "2025-07-13T16:10:49.644162+00:00", "symbol": "ADA-USD"}, {"trade_id": 143377702, "side": "sell", "size": "798.82009200", "price": "0.74410000", "time": "2025-07-13T16:08:35.452206Z", "fetched_at": "2025-07-13T16:10:49.644162+00:00", "symbol": "ADA-USD"}, {"trade_id": 143377701, "side": "sell", "size": "9.60805502", "price": "0.74410000", "time": "2025-07-13T16:08:35.452206Z", "fetched_at": "2025-07-13T16:10:49.644162+00:00", "symbol": "ADA-USD"}, {"trade_id": 143377700, "side": "sell", "size": "23.24282600", "price": "0.74430000", "time": "2025-07-13T16:08:34.287598Z", "fetched_at": "2025-07-13T16:10:49.644162+00:00", "symbol": "ADA-USD"}, {"trade_id": 143377699, "side": "sell", "size": "386.17848347", "price": "0.74430000", "time": "2025-07-13T16:08:33.708750Z", "fetched_at": "2025-07-13T16:10:49.644162+00:00", "symbol": "ADA-USD"}, {"trade_id": 143377698, "side": "sell", "size": "12.90947153", "price": "0.74430000", "time": "2025-07-13T16:08:33.708750Z", "fetched_at": "2025-07-13T16:10:49.644162+00:00", "symbol": "ADA-USD"}, {"trade_id": 143377697, "side": "buy", "size": "316.54018700", "price": "0.74410000", "time": "2025-07-13T16:08:30.366469Z", "fetched_at": "2025-07-13T16:10:49.644162+00:00", "symbol": "ADA-USD"}, {"trade_id": 143377696, "side": "buy", "size": "115.08920000", "price": "0.74420000", "time": "2025-07-13T16:08:28.300036Z", "fetched_at": "2025-07-13T16:10:49.644162+00:00", "symbol": "ADA-USD"}, {"trade_id": 143377695, "side": "sell", "size": "3.35326240", "price": "0.74430000", "time": "2025-07-13T16:08:28.291562Z", "fetched_at": "2025-07-13T16:10:49.644162+00:00", "symbol": "ADA-USD"}, {"trade_id": 143377694, "side": "sell", "size": "1.63598660", "price": "0.74420000", "time": "2025-07-13T16:08:28.291562Z", "fetched_at": "2025-07-13T16:10:49.644162+00:00", "symbol": "ADA-USD"}, {"trade_id": 143377693, "side": "sell", "size": "3.80053876", "price": "0.74410000", "time": "2025-07-13T16:08:26.601717Z", "fetched_at": "2025-07-13T16:10:49.644162+00:00", "symbol": "ADA-USD"}, {"trade_id": 143377692, "side": "buy", "size": "115.08920000", "price": "0.74420000", "time": "2025-07-13T16:08:24.286965Z", "fetched_at": "2025-07-13T16:10:49.644162+00:00", "symbol": "ADA-USD"}, {"trade_id": 143377691, "side": "sell", "size": "8.80939493", "price": "0.74410000", "time": "2025-07-13T16:08:24.222434Z", "fetched_at": "2025-07-13T16:10:49.644162+00:00", "symbol": "ADA-USD"}, {"trade_id": 143377690, "side": "sell", "size": "12.41192832", "price": "0.74410000", "time": "2025-07-13T16:08:24.222434Z", "fetched_at": "2025-07-13T16:10:49.644162+00:00", "symbol": "ADA-USD"}, {"trade_id": 143377689, "side": "sell", "size": "12.85017813", "price": "0.74410000", "time": "2025-07-13T16:08:23.412442Z", "fetched_at": "2025-07-13T16:10:49.644162+00:00", "symbol": "ADA-USD"}, {"trade_id": 143377688, "side": "sell", "size": "16.51494696", "price": "0.74410000", "time": "2025-07-13T16:08:23.412442Z", "fetched_at": "2025-07-13T16:10:49.644162+00:00", "symbol": "ADA-USD"}, {"trade_id": 143377687, "side": "sell", "size": "2.60771400", "price": "0.74410000", "time": "2025-07-13T16:08:22.490082Z", "fetched_at": "2025-07-13T16:10:49.644162+00:00", "symbol": "ADA-USD"}, {"trade_id": 143377686, "side": "buy", "size": "528.61047469", "price": "0.74400000", "time": "2025-07-13T16:08:19.235411Z", "fetched_at": "2025-07-13T16:10:49.644162+00:00", "symbol": "ADA-USD"}, {"trade_id": 143377685, "side": "buy", "size": "739.66187138", "price": "0.74400000", "time": "2025-07-13T16:08:19.183056Z", "fetched_at": "2025-07-13T16:10:49.644162+00:00", "symbol": "ADA-USD"}, {"trade_id": 143377684, "side": "buy", "size": "1.50000000", "price": "0.74400000", "time": "2025-07-13T16:08:19.183056Z", "fetched_at": "2025-07-13T16:10:49.644162+00:00", "symbol": "ADA-USD"}, {"trade_id": 143377683, "side": "buy", "size": "12.84921504", "price": "0.74410000", "time": "2025-07-13T16:08:17.772518Z", "fetched_at": "2025-07-13T16:10:49.644162+00:00", "symbol": "ADA-USD"}, {"trade_id": 143377682, "side": "buy", "size": "12.84921504", "price": "0.74410000", "time": "2025-07-13T16:08:17.761842Z", "fetched_at": "2025-07-13T16:10:49.644162+00:00", "symbol": "ADA-USD"}, {"trade_id": 143377681, "side": "buy", "size": "1.50000000", "price": "0.74410000", "time": "2025-07-13T16:08:17.761842Z", "fetched_at": "2025-07-13T16:10:49.644162+00:00", "symbol": "ADA-USD"}, {"trade_id": 143377680, "side": "buy", "size": "1.50000000", "price": "0.74420000", "time": "2025-07-13T16:08:17.652788Z", "fetched_at": "2025-07-13T16:10:49.644162+00:00", "symbol": "ADA-USD"}, {"trade_id": 143377679, "side": "buy", "size": "1.50000000", "price": "0.74430000", "time": "2025-07-13T16:08:16.265719Z", "fetched_at": "2025-07-13T16:10:49.644162+00:00", "symbol": "ADA-USD"}, {"trade_id": 143377678, "side": "buy", "size": "120.69013777", "price": "0.74430000", "time": "2025-07-13T16:08:16.208905Z", "fetched_at": "2025-07-13T16:10:49.644162+00:00", "symbol": "ADA-USD"}, {"trade_id": 143377677, "side": "buy", "size": "73.89259027", "price": "0.74430000", "time": "2025-07-13T16:08:16.190925Z", "fetched_at": "2025-07-13T16:10:49.644162+00:00", "symbol": "ADA-USD"}, {"trade_id": 143377676, "side": "buy", "size": "509.78025919", "price": "0.74430000", "time": "2025-07-13T16:08:16.180230Z", "fetched_at": "2025-07-13T16:10:49.644162+00:00", "symbol": "ADA-USD"}, {"trade_id": 143377675, "side": "buy", "size": "1054.13870614", "price": "0.74430000", "time": "2025-07-13T16:08:16.168884Z", "fetched_at": "2025-07-13T16:10:49.644162+00:00", "symbol": "ADA-USD"}, {"trade_id": 143377674, "side": "buy", "size": "115.08920000", "price": "0.74450000", "time": "2025-07-13T16:08:14.886367Z", "fetched_at": "2025-07-13T16:10:49.644162+00:00", "symbol": "ADA-USD"}, {"trade_id": 143377673, "side": "buy", "size": "67.15014800", "price": "0.74440000", "time": "2025-07-13T16:08:13.292891Z", "fetched_at": "2025-07-13T16:10:49.644162+00:00", "symbol": "ADA-USD"}, {"trade_id": 143377672, "side": "buy", "size": "1.50000000", "price": "0.74420000", "time": "2025-07-13T16:08:08.707839Z", "fetched_at": "2025-07-13T16:10:49.644162+00:00", "symbol": "ADA-USD"}, {"trade_id": 143377671, "side": "buy", "size": "55.94012342", "price": "0.74430000", "time": "2025-07-13T16:08:08.119139Z", "fetched_at": "2025-07-13T16:10:49.644162+00:00", "symbol": "ADA-USD"}, {"trade_id": 143377670, "side": "buy", "size": "456.11517696", "price": "0.74430000", "time": "2025-07-13T16:08:08.107940Z", "fetched_at": "2025-07-13T16:10:49.644162+00:00", "symbol": "ADA-USD"}, {"trade_id": 143377669, "side": "buy", "size": "693.80823990", "price": "0.74430000", "time": "2025-07-13T16:08:08.097903Z", "fetched_at": "2025-07-13T16:10:49.644162+00:00", "symbol": "ADA-USD"}, {"trade_id": 143377668, "side": "buy", "size": "6.23217959", "price": "0.74450000", "time": "2025-07-13T16:08:06.721251Z", "fetched_at": "2025-07-13T16:10:49.644162+00:00", "symbol": "ADA-USD"}, {"trade_id": 143377667, "side": "buy", "size": "51.00306000", "price": "0.74450000", "time": "2025-07-13T16:08:06.721251Z", "fetched_at": "2025-07-13T16:10:49.644162+00:00", "symbol": "ADA-USD"}, {"trade_id": 143377666, "side": "buy", "size": "115.08920000", "price": "0.74450000", "time": "2025-07-13T16:08:06.721251Z", "fetched_at": "2025-07-13T16:10:49.644162+00:00", "symbol": "ADA-USD"}, {"trade_id": 143377665, "side": "buy", "size": "50.00000000", "price": "0.74450000", "time": "2025-07-13T16:08:06.721251Z", "fetched_at": "2025-07-13T16:10:49.644162+00:00", "symbol": "ADA-USD"}, {"trade_id": 143377664, "side": "sell", "size": "4160.43575201", "price": "0.74480000", "time": "2025-07-13T16:08:06.665190Z", "fetched_at": "2025-07-13T16:10:49.644162+00:00", "symbol": "ADA-USD"}, {"trade_id": 143377663, "side": "sell", "size": "1.50000000", "price": "0.74480000", "time": "2025-07-13T16:08:06.665190Z", "fetched_at": "2025-07-13T16:10:49.644162+00:00", "symbol": "ADA-USD"}, {"trade_id": 143377662, "side": "sell", "size": "310.50000000", "price": "0.74480000", "time": "2025-07-13T16:08:06.665190Z", "fetched_at": "2025-07-13T16:10:49.644162+00:00", "symbol": "ADA-USD"}, {"trade_id": 143377661, "side": "sell", "size": "121.88402232", "price": "0.74470000", "time": "2025-07-13T16:08:06.665190Z", "fetched_at": "2025-07-13T16:10:49.644162+00:00", "symbol": "ADA-USD"}, {"trade_id": 143377660, "side": "sell", "size": "800.00000000", "price": "0.74470000", "time": "2025-07-13T16:08:06.665190Z", "fetched_at": "2025-07-13T16:10:49.644162+00:00", "symbol": "ADA-USD"}, {"trade_id": 143377659, "side": "sell", "size": "1.50000000", "price": "0.74470000", "time": "2025-07-13T16:08:06.665190Z", "fetched_at": "2025-07-13T16:10:49.644162+00:00", "symbol": "ADA-USD"}, {"trade_id": 143377658, "side": "sell", "size": "310.50000000", "price": "0.74470000", "time": "2025-07-13T16:08:06.665190Z", "fetched_at": "2025-07-13T16:10:49.644162+00:00", "symbol": "ADA-USD"}, {"trade_id": 143377657, "side": "sell", "size": "716.26709039", "price": "0.74460000", "time": "2025-07-13T16:08:06.665190Z", "fetched_at": "2025-07-13T16:10:49.644162+00:00", "symbol": "ADA-USD"}, {"trade_id": 143377656, "side": "sell", "size": "981.50000000", "price": "0.74460000", "time": "2025-07-13T16:08:06.665190Z", "fetched_at": "2025-07-13T16:10:49.644162+00:00", "symbol": "ADA-USD"}, {"trade_id": 143377655, "side": "sell", "size": "248.26603328", "price": "0.74460000", "time": "2025-07-13T16:08:06.665190Z", "fetched_at": "2025-07-13T16:10:49.644162+00:00", "symbol": "ADA-USD"}, {"trade_id": 143377654, "side": "sell", "size": "1.50000000", "price": "0.74460000", "time": "2025-07-13T16:08:06.665190Z", "fetched_at": "2025-07-13T16:10:49.644162+00:00", "symbol": "ADA-USD"}, {"trade_id": 143377653, "side": "sell", "size": "181.38387100", "price": "0.74460000", "time": "2025-07-13T16:08:06.665190Z", "fetched_at": "2025-07-13T16:10:49.644162+00:00", "symbol": "ADA-USD"}, {"trade_id": 143377652, "side": "buy", "size": "115.08920000", "price": "0.74450000", "time": "2025-07-13T16:08:05.271018Z", "fetched_at": "2025-07-13T16:10:49.644162+00:00", "symbol": "ADA-USD"}, {"trade_id": 143377651, "side": "sell", "size": "129.11612900", "price": "0.74460000", "time": "2025-07-13T16:08:05.203542Z", "fetched_at": "2025-07-13T16:10:49.644162+00:00", "symbol": "ADA-USD"}, {"trade_id": 143377650, "side": "sell", "size": "1.50000000", "price": "0.74450000", "time": "2025-07-13T16:08:05.203542Z", "fetched_at": "2025-07-13T16:10:49.644162+00:00", "symbol": "ADA-USD"}, {"trade_id": 143377649, "side": "sell", "size": "1.50000000", "price": "0.74440000", "time": "2025-07-13T16:08:04.167036Z", "fetched_at": "2025-07-13T16:10:49.644162+00:00", "symbol": "ADA-USD"}, {"trade_id": 143377648, "side": "sell", "size": "1.50000000", "price": "0.74430000", "time": "2025-07-13T16:08:03.683653Z", "fetched_at": "2025-07-13T16:10:49.644162+00:00", "symbol": "ADA-USD"}, {"trade_id": 143377647, "side": "buy", "size": "115.08920000", "price": "0.74420000", "time": "2025-07-13T16:08:01.105185Z", "fetched_at": "2025-07-13T16:10:49.644162+00:00", "symbol": "ADA-USD"}, {"trade_id": 143377646, "side": "buy", "size": "51.00306000", "price": "0.74420000", "time": "2025-07-13T16:08:01.105185Z", "fetched_at": "2025-07-13T16:10:49.644162+00:00", "symbol": "ADA-USD"}, {"trade_id": 143377645, "side": "sell", "size": "1.50000000", "price": "0.74420000", "time": "2025-07-13T16:08:01.096643Z", "fetched_at": "2025-07-13T16:10:49.644162+00:00", "symbol": "ADA-USD"}, {"trade_id": 143377644, "side": "buy", "size": "172.63380000", "price": "0.74410000", "time": "2025-07-13T16:08:01.095166Z", "fetched_at": "2025-07-13T16:10:49.644162+00:00", "symbol": "ADA-USD"}, {"trade_id": 143377643, "side": "sell", "size": "50.00000000", "price": "0.74410000", "time": "2025-07-13T16:08:01.087031Z", "fetched_at": "2025-07-13T16:10:49.644162+00:00", "symbol": "ADA-USD"}, {"trade_id": 143377642, "side": "sell", "size": "671.96047905", "price": "0.74410000", "time": "2025-07-13T16:08:01.087031Z", "fetched_at": "2025-07-13T16:10:49.644162+00:00", "symbol": "ADA-USD"}, {"trade_id": 143377641, "side": "sell", "size": "1.50000000", "price": "0.74410000", "time": "2025-07-13T16:08:01.087031Z", "fetched_at": "2025-07-13T16:10:49.644162+00:00", "symbol": "ADA-USD"}, {"trade_id": 143377640, "side": "sell", "size": "1.50665497", "price": "0.74400000", "time": "2025-07-13T16:08:01.085457Z", "fetched_at": "2025-07-13T16:10:49.644162+00:00", "symbol": "ADA-USD"}, {"trade_id": 143377639, "side": "sell", "size": "201.30968093", "price": "0.74400000", "time": "2025-07-13T16:08:01.085457Z", "fetched_at": "2025-07-13T16:10:49.644162+00:00", "symbol": "ADA-USD"}, {"trade_id": 143377638, "side": "sell", "size": "1.50000000", "price": "0.74400000", "time": "2025-07-13T16:08:01.085457Z", "fetched_at": "2025-07-13T16:10:49.644162+00:00", "symbol": "ADA-USD"}, {"trade_id": 143377637, "side": "sell", "size": "2.48105098", "price": "0.74390000", "time": "2025-07-13T16:07:58.383653Z", "fetched_at": "2025-07-13T16:10:49.644162+00:00", "symbol": "ADA-USD"}, {"trade_id": 143377636, "side": "buy", "size": "50.00000000", "price": "0.74390000", "time": "2025-07-13T16:07:53.666902Z", "fetched_at": "2025-07-13T16:10:49.644162+00:00", "symbol": "ADA-USD"}, {"trade_id": 143377635, "side": "buy", "size": "119.51898000", "price": "0.74390000", "time": "2025-07-13T16:07:53.666902Z", "fetched_at": "2025-07-13T16:10:49.644162+00:00", "symbol": "ADA-USD"}, {"trade_id": 143377634, "side": "buy", "size": "115.08920000", "price": "0.74390000", "time": "2025-07-13T16:07:53.518099Z", "fetched_at": "2025-07-13T16:10:49.644162+00:00", "symbol": "ADA-USD"}, {"trade_id": 143377633, "side": "buy", "size": "179.27848000", "price": "0.74390000", "time": "2025-07-13T16:07:48.471494Z", "fetched_at": "2025-07-13T16:10:49.644162+00:00", "symbol": "ADA-USD"}, {"trade_id": 143377632, "side": "buy", "size": "172.63380000", "price": "0.74390000", "time": "2025-07-13T16:07:48.471494Z", "fetched_at": "2025-07-13T16:10:49.644162+00:00", "symbol": "ADA-USD"}, {"trade_id": 143377631, "side": "sell", "size": "3.34256899", "price": "0.74390000", "time": "2025-07-13T16:07:48.467463Z", "fetched_at": "2025-07-13T16:10:49.644162+00:00", "symbol": "ADA-USD"}, {"trade_id": 143377630, "side": "buy", "size": "67.43340800", "price": "0.74370000", "time": "2025-07-13T16:07:47.109977Z", "fetched_at": "2025-07-13T16:10:49.644162+00:00", "symbol": "ADA-USD"}, {"trade_id": 143377629, "side": "buy", "size": "119.51898000", "price": "0.74370000", "time": "2025-07-13T16:07:47.109977Z", "fetched_at": "2025-07-13T16:10:49.644162+00:00", "symbol": "ADA-USD"}, {"trade_id": 143377628, "side": "buy", "size": "115.08920000", "price": "0.74370000", "time": "2025-07-13T16:07:47.109977Z", "fetched_at": "2025-07-13T16:10:49.644162+00:00", "symbol": "ADA-USD"}, {"trade_id": 143377627, "side": "buy", "size": "51.00306000", "price": "0.74390000", "time": "2025-07-13T16:07:46.992011Z", "fetched_at": "2025-07-13T16:10:49.644162+00:00", "symbol": "ADA-USD"}, {"trade_id": 143377626, "side": "buy", "size": "50.00000000", "price": "0.74390000", "time": "2025-07-13T16:07:46.992011Z", "fetched_at": "2025-07-13T16:10:49.644162+00:00", "symbol": "ADA-USD"}, {"trade_id": 143377625, "side": "sell", "size": "5.58567032", "price": "0.74380000", "time": "2025-07-13T16:07:46.968048Z", "fetched_at": "2025-07-13T16:10:49.644162+00:00", "symbol": "ADA-USD"}, {"trade_id": 143377624, "side": "buy", "size": "119.51898000", "price": "0.74380000", "time": "2025-07-13T16:07:46.555271Z", "fetched_at": "2025-07-13T16:10:49.644162+00:00", "symbol": "ADA-USD"}, {"trade_id": 143377623, "side": "buy", "size": "115.08920000", "price": "0.74380000", "time": "2025-07-13T16:07:46.477495Z", "fetched_at": "2025-07-13T16:10:49.644162+00:00", "symbol": "ADA-USD"}, {"trade_id": 143377622, "side": "sell", "size": "323.89209800", "price": "0.74390000", "time": "2025-07-13T16:07:46.469630Z", "fetched_at": "2025-07-13T16:10:49.644162+00:00", "symbol": "ADA-USD"}, {"trade_id": 143377621, "side": "sell", "size": "1.50000000", "price": "0.74390000", "time": "2025-07-13T16:07:46.469630Z", "fetched_at": "2025-07-13T16:10:49.644162+00:00", "symbol": "ADA-USD"}, {"trade_id": 143377620, "side": "sell", "size": "1.50000000", "price": "0.74380000", "time": "2025-07-13T16:07:46.469630Z", "fetched_at": "2025-07-13T16:10:49.644162+00:00", "symbol": "ADA-USD"}, {"trade_id": 143377619, "side": "sell", "size": "1.50000000", "price": "0.74370000", "time": "2025-07-13T16:07:43.621090Z", "fetched_at": "2025-07-13T16:10:49.644162+00:00", "symbol": "ADA-USD"}, {"trade_id": 143377618, "side": "sell", "size": "1.50000000", "price": "0.74360000", "time": "2025-07-13T16:07:43.530478Z", "fetched_at": "2025-07-13T16:10:49.644162+00:00", "symbol": "ADA-USD"}, {"trade_id": 143377617, "side": "sell", "size": "1.50000000", "price": "0.74350000", "time": "2025-07-13T16:07:43.357047Z", "fetched_at": "2025-07-13T16:10:49.644162+00:00", "symbol": "ADA-USD"}, {"trade_id": 143377616, "side": "sell", "size": "1.50000000", "price": "0.74340000", "time": "2025-07-13T16:07:42.803702Z", "fetched_at": "2025-07-13T16:10:49.644162+00:00", "symbol": "ADA-USD"}, {"trade_id": 143377615, "side": "sell", "size": "1.50000000", "price": "0.74330000", "time": "2025-07-13T16:07:42.111344Z", "fetched_at": "2025-07-13T16:10:49.644162+00:00", "symbol": "ADA-USD"}, {"trade_id": 143377614, "side": "sell", "size": "1.50000000", "price": "0.74320000", "time": "2025-07-13T16:07:41.962784Z", "fetched_at": "2025-07-13T16:10:49.644162+00:00", "symbol": "ADA-USD"}, {"trade_id": 143377613, "side": "buy", "size": "192.47683700", "price": "0.74300000", "time": "2025-07-13T16:07:41.843028Z", "fetched_at": "2025-07-13T16:10:49.644162+00:00", "symbol": "ADA-USD"}, {"trade_id": 143377612, "side": "buy", "size": "51.00306000", "price": "0.74300000", "time": "2025-07-13T16:07:41.843028Z", "fetched_at": "2025-07-13T16:10:49.644162+00:00", "symbol": "ADA-USD"}, {"trade_id": 143377611, "side": "buy", "size": "19.13824407", "price": "0.74290000", "time": "2025-07-13T16:07:41.082102Z", "fetched_at": "2025-07-13T16:10:49.644162+00:00", "symbol": "ADA-USD"}, {"trade_id": 143377610, "side": "buy", "size": "6.88405093", "price": "0.74290000", "time": "2025-07-13T16:07:41.082102Z", "fetched_at": "2025-07-13T16:10:49.644162+00:00", "symbol": "ADA-USD"}, {"trade_id": 143377609, "side": "buy", "size": "41.82355896", "price": "0.74310000", "time": "2025-07-13T16:07:40.671141Z", "fetched_at": "2025-07-13T16:10:49.644162+00:00", "symbol": "ADA-USD"}, {"trade_id": 143377608, "side": "buy", "size": "172.63380000", "price": "0.74310000", "time": "2025-07-13T16:07:39.881551Z", "fetched_at": "2025-07-13T16:10:49.644162+00:00", "symbol": "ADA-USD"}, {"trade_id": 143377607, "side": "sell", "size": "212.74283187", "price": "0.74310000", "time": "2025-07-13T16:07:39.872699Z", "fetched_at": "2025-07-13T16:10:49.644162+00:00", "symbol": "ADA-USD"}, {"trade_id": 143377606, "side": "sell", "size": "50.00000000", "price": "0.74310000", "time": "2025-07-13T16:07:39.872699Z", "fetched_at": "2025-07-13T16:10:49.644162+00:00", "symbol": "ADA-USD"}, {"trade_id": 143377605, "side": "sell", "size": "500.00000000", "price": "0.74310000", "time": "2025-07-13T16:07:39.872699Z", "fetched_at": "2025-07-13T16:10:49.644162+00:00", "symbol": "ADA-USD"}, {"trade_id": 143377604, "side": "sell", "size": "1.39760912", "price": "0.74300000", "time": "2025-07-13T16:07:39.872411Z", "fetched_at": "2025-07-13T16:10:49.644162+00:00", "symbol": "ADA-USD"}, {"trade_id": 143377603, "side": "buy", "size": "224.67541140", "price": "0.74300000", "time": "2025-07-13T16:07:39.120404Z", "fetched_at": "2025-07-13T16:10:49.644162+00:00", "symbol": "ADA-USD"}, {"trade_id": 143377602, "side": "sell", "size": "266.27261100", "price": "0.74310000", "time": "2025-07-13T16:07:38.140427Z", "fetched_at": "2025-07-13T16:10:49.644162+00:00", "symbol": "ADA-USD"}, {"trade_id": 143377601, "side": "buy", "size": "119.51898000", "price": "0.74310000", "time": "2025-07-13T16:07:36.851525Z", "fetched_at": "2025-07-13T16:10:49.644162+00:00", "symbol": "ADA-USD"}, {"trade_id": 143377600, "side": "buy", "size": "115.08920000", "price": "0.74310000", "time": "2025-07-13T16:07:36.839166Z", "fetched_at": "2025-07-13T16:10:49.644162+00:00", "symbol": "ADA-USD"}, {"trade_id": 143377599, "side": "buy", "size": "115.08920000", "price": "0.74310000", "time": "2025-07-13T16:07:35.787281Z", "fetched_at": "2025-07-13T16:10:49.644162+00:00", "symbol": "ADA-USD"}, {"trade_id": 143377598, "side": "sell", "size": "2.09180602", "price": "0.74300000", "time": "2025-07-13T16:07:35.780345Z", "fetched_at": "2025-07-13T16:10:49.644162+00:00", "symbol": "ADA-USD"}, {"trade_id": 143377597, "side": "buy", "size": "2.39569794", "price": "0.74300000", "time": "2025-07-13T16:07:35.140988Z", "fetched_at": "2025-07-13T16:10:49.644162+00:00", "symbol": "ADA-USD"}, {"trade_id": 143377596, "side": "sell", "size": "12.87426670", "price": "0.74300000", "time": "2025-07-13T16:07:34.958490Z", "fetched_at": "2025-07-13T16:10:49.644162+00:00", "symbol": "ADA-USD"}, {"trade_id": 143377595, "side": "sell", "size": "12.87429197", "price": "0.74300000", "time": "2025-07-13T16:07:34.737159Z", "fetched_at": "2025-07-13T16:10:49.644162+00:00", "symbol": "ADA-USD"}, {"trade_id": 143377594, "side": "buy", "size": "35.35852260", "price": "0.74300000", "time": "2025-07-13T16:07:34.132771Z", "fetched_at": "2025-07-13T16:10:49.644162+00:00", "symbol": "ADA-USD"}, {"trade_id": 143377593, "side": "sell", "size": "12.87429197", "price": "0.74300000", "time": "2025-07-13T16:07:34.041164Z", "fetched_at": "2025-07-13T16:10:49.644162+00:00", "symbol": "ADA-USD"}, {"trade_id": 143377592, "side": "sell", "size": "158.52044501", "price": "0.74270000", "time": "2025-07-13T16:07:33.679525Z", "fetched_at": "2025-07-13T16:10:49.644162+00:00", "symbol": "ADA-USD"}, {"trade_id": 143377591, "side": "buy", "size": "115.08920000", "price": "0.74260000", "time": "2025-07-13T16:07:31.987702Z", "fetched_at": "2025-07-13T16:10:49.644162+00:00", "symbol": "ADA-USD"}, {"trade_id": 143377590, "side": "sell", "size": "6.54686190", "price": "0.74250000", "time": "2025-07-13T16:07:31.975393Z", "fetched_at": "2025-07-13T16:10:49.644162+00:00", "symbol": "ADA-USD"}, {"trade_id": 143377589, "side": "sell", "size": "0.37668433", "price": "0.74250000", "time": "2025-07-13T16:07:31.967836Z", "fetched_at": "2025-07-13T16:10:49.644162+00:00", "symbol": "ADA-USD"}, {"trade_id": 143377588, "side": "buy", "size": "115.08920000", "price": "0.74250000", "time": "2025-07-13T16:07:31.789732Z", "fetched_at": "2025-07-13T16:10:49.644162+00:00", "symbol": "ADA-USD"}, {"trade_id": 143377587, "side": "buy", "size": "1.50000000", "price": "0.74250000", "time": "2025-07-13T16:07:31.766801Z", "fetched_at": "2025-07-13T16:10:49.644162+00:00", "symbol": "ADA-USD"}, {"trade_id": 143377586, "side": "buy", "size": "932.95988001", "price": "0.74250000", "time": "2025-07-13T16:07:31.766801Z", "fetched_at": "2025-07-13T16:10:49.644162+00:00", "symbol": "ADA-USD"}, {"trade_id": 143377585, "side": "buy", "size": "6.72574824", "price": "0.74260000", "time": "2025-07-13T16:07:31.657834Z", "fetched_at": "2025-07-13T16:10:49.644162+00:00", "symbol": "ADA-USD"}, {"trade_id": 143377584, "side": "buy", "size": "6.72574824", "price": "0.74260000", "time": "2025-07-13T16:07:31.647717Z", "fetched_at": "2025-07-13T16:10:49.644162+00:00", "symbol": "ADA-USD"}, {"trade_id": 143377583, "side": "buy", "size": "682.85966493", "price": "0.74260000", "time": "2025-07-13T16:07:31.634368Z", "fetched_at": "2025-07-13T16:10:49.644162+00:00", "symbol": "ADA-USD"}, {"trade_id": 143377582, "side": "buy", "size": "1.50000000", "price": "0.74260000", "time": "2025-07-13T16:07:31.634368Z", "fetched_at": "2025-07-13T16:10:49.644162+00:00", "symbol": "ADA-USD"}, {"trade_id": 143377581, "side": "buy", "size": "642.05415824", "price": "0.74270000", "time": "2025-07-13T16:07:31.450628Z", "fetched_at": "2025-07-13T16:10:49.644162+00:00", "symbol": "ADA-USD"}, {"trade_id": 143377580, "side": "buy", "size": "1.50000000", "price": "0.74270000", "time": "2025-07-13T16:07:31.450628Z", "fetched_at": "2025-07-13T16:10:49.644162+00:00", "symbol": "ADA-USD"}, {"trade_id": 143377579, "side": "buy", "size": "80.10892132", "price": "0.74280000", "time": "2025-07-13T16:07:30.812288Z", "fetched_at": "2025-07-13T16:10:49.644162+00:00", "symbol": "ADA-USD"}, {"trade_id": 143377578, "side": "buy", "size": "412.38961736", "price": "0.74280000", "time": "2025-07-13T16:07:30.799886Z", "fetched_at": "2025-07-13T16:10:49.644162+00:00", "symbol": "ADA-USD"}, {"trade_id": 143377577, "side": "buy", "size": "218.77612960", "price": "0.74280000", "time": "2025-07-13T16:07:30.779489Z", "fetched_at": "2025-07-13T16:10:49.644162+00:00", "symbol": "ADA-USD"}, {"trade_id": 143377576, "side": "buy", "size": "42.55164962", "price": "0.74280000", "time": "2025-07-13T16:07:30.779489Z", "fetched_at": "2025-07-13T16:10:49.644162+00:00", "symbol": "ADA-USD"}, {"trade_id": 143377575, "side": "buy", "size": "728.08725800", "price": "0.74280000", "time": "2025-07-13T16:07:30.769814Z", "fetched_at": "2025-07-13T16:10:49.644162+00:00", "symbol": "ADA-USD"}, {"trade_id": 143377574, "side": "buy", "size": "1.50000000", "price": "0.74280000", "time": "2025-07-13T16:07:30.769814Z", "fetched_at": "2025-07-13T16:10:49.644162+00:00", "symbol": "ADA-USD"}, {"trade_id": 143377573, "side": "sell", "size": "28.14725200", "price": "0.74300000", "time": "2025-07-13T16:07:29.410362Z", "fetched_at": "2025-07-13T16:10:49.644162+00:00", "symbol": "ADA-USD"}, {"trade_id": 143377572, "side": "sell", "size": "21.96102602", "price": "0.74300000", "time": "2025-07-13T16:07:29.410362Z", "fetched_at": "2025-07-13T16:10:49.644162+00:00", "symbol": "ADA-USD"}, {"trade_id": 143377571, "side": "buy", "size": "7.11374201", "price": "0.74300000", "time": "2025-07-13T16:07:29.392180Z", "fetched_at": "2025-07-13T16:10:49.644162+00:00", "symbol": "ADA-USD"}, {"trade_id": 143377570, "side": "buy", "size": "1.50000000", "price": "0.74300000", "time": "2025-07-13T16:07:29.392180Z", "fetched_at": "2025-07-13T16:10:49.644162+00:00", "symbol": "ADA-USD"}, {"trade_id": 143377569, "side": "buy", "size": "7.11572565", "price": "0.74310000", "time": "2025-07-13T16:07:29.305494Z", "fetched_at": "2025-07-13T16:10:49.644162+00:00", "symbol": "ADA-USD"}, {"trade_id": 143377568, "side": "buy", "size": "1.50000000", "price": "0.74310000", "time": "2025-07-13T16:07:29.305494Z", "fetched_at": "2025-07-13T16:10:49.644162+00:00", "symbol": "ADA-USD"}, {"trade_id": 143377567, "side": "buy", "size": "7.26402179", "price": "0.74320000", "time": "2025-07-13T16:07:29.232244Z", "fetched_at": "2025-07-13T16:10:49.644162+00:00", "symbol": "ADA-USD"}, {"trade_id": 143377566, "side": "buy", "size": "67.03274488", "price": "0.74320000", "time": "2025-07-13T16:07:29.211677Z", "fetched_at": "2025-07-13T16:10:49.644162+00:00", "symbol": "ADA-USD"}, {"trade_id": 143377565, "side": "buy", "size": "3.75406268", "price": "0.74330000", "time": "2025-07-13T16:07:28.374514Z", "fetched_at": "2025-07-13T16:10:49.644162+00:00", "symbol": "ADA-USD"}, {"trade_id": 143377564, "side": "buy", "size": "702.29577598", "price": "0.74330000", "time": "2025-07-13T16:07:28.374514Z", "fetched_at": "2025-07-13T16:10:49.644162+00:00", "symbol": "ADA-USD"}, {"trade_id": 143377563, "side": "buy", "size": "4.94489742", "price": "0.74330000", "time": "2025-07-13T16:07:28.015187Z", "fetched_at": "2025-07-13T16:10:49.644162+00:00", "symbol": "ADA-USD"}, {"trade_id": 143377562, "side": "buy", "size": "172.63380000", "price": "0.74340000", "time": "2025-07-13T16:07:26.179534Z", "fetched_at": "2025-07-13T16:10:49.644162+00:00", "symbol": "ADA-USD"}, {"trade_id": 143377561, "side": "buy", "size": "179.27848000", "price": "0.74340000", "time": "2025-07-13T16:07:26.171465Z", "fetched_at": "2025-07-13T16:10:49.644162+00:00", "symbol": "ADA-USD"}, {"trade_id": 143377560, "side": "buy", "size": "51.00306000", "price": "0.74330000", "time": "2025-07-13T16:07:26.077103Z", "fetched_at": "2025-07-13T16:10:49.644162+00:00", "symbol": "ADA-USD"}, {"trade_id": 143377559, "side": "buy", "size": "119.51898000", "price": "0.74330000", "time": "2025-07-13T16:07:26.077103Z", "fetched_at": "2025-07-13T16:10:49.644162+00:00", "symbol": "ADA-USD"}, {"trade_id": 143377558, "side": "buy", "size": "115.08920000", "price": "0.74330000", "time": "2025-07-13T16:07:26.077103Z", "fetched_at": "2025-07-13T16:10:49.644162+00:00", "symbol": "ADA-USD"}, {"trade_id": 143377557, "side": "buy", "size": "10.34766892", "price": "0.74340000", "time": "2025-07-13T16:07:25.974524Z", "fetched_at": "2025-07-13T16:10:49.644162+00:00", "symbol": "ADA-USD"}, {"trade_id": 143377556, "side": "buy", "size": "698.39244156", "price": "0.74340000", "time": "2025-07-13T16:07:25.968802Z", "fetched_at": "2025-07-13T16:10:49.644162+00:00", "symbol": "ADA-USD"}, {"trade_id": 143377555, "side": "buy", "size": "850.97707745", "price": "0.74340000", "time": "2025-07-13T16:07:25.968802Z", "fetched_at": "2025-07-13T16:10:49.644162+00:00", "symbol": "ADA-USD"}, {"trade_id": 143377554, "side": "buy", "size": "770.63890762", "price": "0.74340000", "time": "2025-07-13T16:07:25.968802Z", "fetched_at": "2025-07-13T16:10:49.644162+00:00", "symbol": "ADA-USD"}, {"trade_id": 143377553, "side": "buy", "size": "4.13501320", "price": "0.74340000", "time": "2025-07-13T16:07:25.968802Z", "fetched_at": "2025-07-13T16:10:49.644162+00:00", "symbol": "ADA-USD"}, {"trade_id": 143377552, "side": "sell", "size": "5.23625117", "price": "0.74370000", "time": "2025-07-13T16:07:25.514867Z", "fetched_at": "2025-07-13T16:10:49.644162+00:00", "symbol": "ADA-USD"}, {"trade_id": 143377551, "side": "sell", "size": "1.50000000", "price": "0.74360000", "time": "2025-07-13T16:07:25.514867Z", "fetched_at": "2025-07-13T16:10:49.644162+00:00", "symbol": "ADA-USD"}, {"trade_id": 143377550, "side": "sell", "size": "3.16863945", "price": "0.74350000", "time": "2025-07-13T16:07:24.829782Z", "fetched_at": "2025-07-13T16:10:49.644162+00:00", "symbol": "ADA-USD"}, {"trade_id": 143377549, "side": "sell", "size": "500.00000000", "price": "0.74350000", "time": "2025-07-13T16:07:24.789563Z", "fetched_at": "2025-07-13T16:10:49.644162+00:00", "symbol": "ADA-USD"}, {"trade_id": 143377548, "side": "sell", "size": "0.00001796", "price": "0.74340000", "time": "2025-07-13T16:07:24.771493Z", "fetched_at": "2025-07-13T16:10:49.644162+00:00", "symbol": "ADA-USD"}, {"trade_id": 143377547, "side": "sell", "size": "3.16862149", "price": "0.74340000", "time": "2025-07-13T16:07:24.766584Z", "fetched_at": "2025-07-13T16:10:49.644162+00:00", "symbol": "ADA-USD"}, {"trade_id": 143377546, "side": "sell", "size": "279.76336851", "price": "0.74340000", "time": "2025-07-13T16:07:24.766584Z", "fetched_at": "2025-07-13T16:10:49.644162+00:00", "symbol": "ADA-USD"}, {"trade_id": 143377545, "side": "sell", "size": "1.50000000", "price": "0.74340000", "time": "2025-07-13T16:07:24.766584Z", "fetched_at": "2025-07-13T16:10:49.644162+00:00", "symbol": "ADA-USD"}, {"trade_id": 143377544, "side": "sell", "size": "6.27226228", "price": "0.74330000", "time": "2025-07-13T16:07:23.095846Z", "fetched_at": "2025-07-13T16:10:49.644162+00:00", "symbol": "ADA-USD"}, {"trade_id": 143377543, "side": "buy", "size": "704.13902674", "price": "0.74330000", "time": "2025-07-13T16:07:21.608210Z", "fetched_at": "2025-07-13T16:10:49.644162+00:00", "symbol": "ADA-USD"}, {"trade_id": 143377542, "side": "buy", "size": "5.38335296", "price": "0.74330000", "time": "2025-07-13T16:07:21.608210Z", "fetched_at": "2025-07-13T16:10:49.644162+00:00", "symbol": "ADA-USD"}, {"trade_id": 143377541, "side": "sell", "size": "12.41319191", "price": "0.74320000", "time": "2025-07-13T16:07:21.249623Z", "fetched_at": "2025-07-13T16:10:49.644162+00:00", "symbol": "ADA-USD"}, {"trade_id": 143377540, "side": "sell", "size": "1.50000000", "price": "0.74320000", "time": "2025-07-13T16:07:21.249623Z", "fetched_at": "2025-07-13T16:10:49.644162+00:00", "symbol": "ADA-USD"}, {"trade_id": 143377539, "side": "sell", "size": "4.85923699", "price": "0.74310000", "time": "2025-07-13T16:07:20.975069Z", "fetched_at": "2025-07-13T16:10:49.644162+00:00", "symbol": "ADA-USD"}, {"trade_id": 143377538, "side": "buy", "size": "6.70956636", "price": "0.74300000", "time": "2025-07-13T16:07:20.704996Z", "fetched_at": "2025-07-13T16:10:49.644162+00:00", "symbol": "ADA-USD"}, {"trade_id": 143377537, "side": "buy", "size": "6.70956636", "price": "0.74300000", "time": "2025-07-13T16:07:20.689315Z", "fetched_at": "2025-07-13T16:10:49.644162+00:00", "symbol": "ADA-USD"}, {"trade_id": 143377536, "side": "buy", "size": "117.25719958", "price": "0.74300000", "time": "2025-07-13T16:07:20.689315Z", "fetched_at": "2025-07-13T16:10:49.644162+00:00", "symbol": "ADA-USD"}, {"trade_id": 143377535, "side": "buy", "size": "573.91731021", "price": "0.74300000", "time": "2025-07-13T16:07:20.678568Z", "fetched_at": "2025-07-13T16:10:49.644162+00:00", "symbol": "ADA-USD"}, {"trade_id": 143377534, "side": "buy", "size": "6.70956636", "price": "0.74300000", "time": "2025-07-13T16:07:20.678568Z", "fetched_at": "2025-07-13T16:10:49.644162+00:00", "symbol": "ADA-USD"}, {"trade_id": 143377533, "side": "buy", "size": "651.58891719", "price": "0.74310000", "time": "2025-07-13T16:07:20.618368Z", "fetched_at": "2025-07-13T16:10:49.644162+00:00", "symbol": "ADA-USD"}, {"trade_id": 143377532, "side": "buy", "size": "70.86167000", "price": "0.74310000", "time": "2025-07-13T16:07:20.276341Z", "fetched_at": "2025-07-13T16:10:49.644162+00:00", "symbol": "ADA-USD"}, {"trade_id": 143377531, "side": "sell", "size": "12.87260786", "price": "0.74300000", "time": "2025-07-13T16:07:20.252517Z", "fetched_at": "2025-07-13T16:10:49.644162+00:00", "symbol": "ADA-USD"}, {"trade_id": 143377530, "side": "buy", "size": "177.99446639", "price": "0.74290000", "time": "2025-07-13T16:07:20.184011Z", "fetched_at": "2025-07-13T16:10:49.644162+00:00", "symbol": "ADA-USD"}, {"trade_id": 143377529, "side": "buy", "size": "534.38139075", "price": "0.74290000", "time": "2025-07-13T16:07:20.184011Z", "fetched_at": "2025-07-13T16:10:49.644162+00:00", "symbol": "ADA-USD"}, {"trade_id": 143377528, "side": "buy", "size": "179.27848000", "price": "0.74290000", "time": "2025-07-13T16:07:20.173780Z", "fetched_at": "2025-07-13T16:10:49.644162+00:00", "symbol": "ADA-USD"}, {"trade_id": 143377527, "side": "sell", "size": "1.50000000", "price": "0.74290000", "time": "2025-07-13T16:07:20.167074Z", "fetched_at": "2025-07-13T16:10:49.644162+00:00", "symbol": "ADA-USD"}, {"trade_id": 143377526, "side": "sell", "size": "800.00000000", "price": "0.74290000", "time": "2025-07-13T16:07:20.167074Z", "fetched_at": "2025-07-13T16:10:49.644162+00:00", "symbol": "ADA-USD"}, {"trade_id": 143377525, "side": "sell", "size": "981.50000000", "price": "0.74290000", "time": "2025-07-13T16:07:20.167074Z", "fetched_at": "2025-07-13T16:10:49.644162+00:00", "symbol": "ADA-USD"}, {"trade_id": 143377524, "side": "sell", "size": "500.00000000", "price": "0.74290000", "time": "2025-07-13T16:07:20.167074Z", "fetched_at": "2025-07-13T16:10:49.644162+00:00", "symbol": "ADA-USD"}, {"trade_id": 143377523, "side": "sell", "size": "12.87260786", "price": "0.74280000", "time": "2025-07-13T16:07:20.167074Z", "fetched_at": "2025-07-13T16:10:49.644162+00:00", "symbol": "ADA-USD"}, {"trade_id": 143377522, "side": "sell", "size": "22.84072497", "price": "0.74280000", "time": "2025-07-13T16:07:20.167074Z", "fetched_at": "2025-07-13T16:10:49.644162+00:00", "symbol": "ADA-USD"}, {"trade_id": 143377521, "side": "buy", "size": "115.08920000", "price": "0.74270000", "time": "2025-07-13T16:07:19.865278Z", "fetched_at": "2025-07-13T16:10:49.644162+00:00", "symbol": "ADA-USD"}, {"trade_id": 143377520, "side": "buy", "size": "714.55680780", "price": "0.74270000", "time": "2025-07-13T16:07:19.621985Z", "fetched_at": "2025-07-13T16:10:49.644162+00:00", "symbol": "ADA-USD"}, {"trade_id": 143377519, "side": "sell", "size": "353.52964119", "price": "0.74270000", "time": "2025-07-13T16:07:18.077486Z", "fetched_at": "2025-07-13T16:10:49.644162+00:00", "symbol": "ADA-USD"}, {"trade_id": 143377518, "side": "buy", "size": "1.50000000", "price": "0.74270000", "time": "2025-07-13T16:07:17.819331Z", "fetched_at": "2025-07-13T16:10:49.644162+00:00", "symbol": "ADA-USD"}, {"trade_id": 143377517, "side": "buy", "size": "1.50000000", "price": "0.74280000", "time": "2025-07-13T16:07:17.704340Z", "fetched_at": "2025-07-13T16:10:49.644162+00:00", "symbol": "ADA-USD"}, {"trade_id": 143377516, "side": "buy", "size": "1.50000000", "price": "0.74290000", "time": "2025-07-13T16:07:17.606696Z", "fetched_at": "2025-07-13T16:10:49.644162+00:00", "symbol": "ADA-USD"}, {"trade_id": 143377515, "side": "buy", "size": "356.10663843", "price": "0.74300000", "time": "2025-07-13T16:07:17.574701Z", "fetched_at": "2025-07-13T16:10:49.644162+00:00", "symbol": "ADA-USD"}, {"trade_id": 143377514, "side": "buy", "size": "51.00306000", "price": "0.74300000", "time": "2025-07-13T16:07:17.570256Z", "fetched_at": "2025-07-13T16:10:49.644162+00:00", "symbol": "ADA-USD"}, {"trade_id": 143377513, "side": "buy", "size": "2404.88793935", "price": "0.74300000", "time": "2025-07-13T16:07:17.566145Z", "fetched_at": "2025-07-13T16:10:49.644162+00:00", "symbol": "ADA-USD"}, {"trade_id": 143377512, "side": "buy", "size": "2404.88793935", "price": "0.74300000", "time": "2025-07-13T16:07:17.561375Z", "fetched_at": "2025-07-13T16:10:49.644162+00:00", "symbol": "ADA-USD"}, {"trade_id": 143377511, "side": "sell", "size": "559.05271354", "price": "0.74320000", "time": "2025-07-13T16:07:17.126591Z", "fetched_at": "2025-07-13T16:10:49.644162+00:00", "symbol": "ADA-USD"}, {"trade_id": 143377510, "side": "sell", "size": "771.69682946", "price": "0.74310000", "time": "2025-07-13T16:07:17.126591Z", "fetched_at": "2025-07-13T16:10:49.644162+00:00", "symbol": "ADA-USD"}, {"trade_id": 143377509, "side": "buy", "size": "82.32920767", "price": "0.74300000", "time": "2025-07-13T16:07:16.270087Z", "fetched_at": "2025-07-13T16:10:49.644162+00:00", "symbol": "ADA-USD"}, {"trade_id": 143377508, "side": "buy", "size": "135.93156925", "price": "0.74300000", "time": "2025-07-13T16:07:16.257977Z", "fetched_at": "2025-07-13T16:10:49.644162+00:00", "symbol": "ADA-USD"}, {"trade_id": 143377507, "side": "buy", "size": "154.68427123", "price": "0.74300000", "time": "2025-07-13T16:07:16.237590Z", "fetched_at": "2025-07-13T16:10:49.644162+00:00", "symbol": "ADA-USD"}, {"trade_id": 143377506, "side": "buy", "size": "828.90868362", "price": "0.74300000", "time": "2025-07-13T16:07:16.226527Z", "fetched_at": "2025-07-13T16:10:49.644162+00:00", "symbol": "ADA-USD"}, {"trade_id": 143377505, "side": "buy", "size": "608.54488605", "price": "0.74300000", "time": "2025-07-13T16:07:15.497303Z", "fetched_at": "2025-07-13T16:10:49.644162+00:00", "symbol": "ADA-USD"}, {"trade_id": 143377504, "side": "buy", "size": "72.81990504", "price": "0.74300000", "time": "2025-07-13T16:07:15.483348Z", "fetched_at": "2025-07-13T16:10:49.644162+00:00", "symbol": "ADA-USD"}, {"trade_id": 143377503, "side": "buy", "size": "228.40021330", "price": "0.74300000", "time": "2025-07-13T16:07:15.472358Z", "fetched_at": "2025-07-13T16:10:49.644162+00:00", "symbol": "ADA-USD"}, {"trade_id": 143377502, "side": "buy", "size": "214.07124318", "price": "0.74300000", "time": "2025-07-13T16:07:15.461083Z", "fetched_at": "2025-07-13T16:10:49.644162+00:00", "symbol": "ADA-USD"}, {"trade_id": 143377501, "side": "buy", "size": "819.96016949", "price": "0.74300000", "time": "2025-07-13T16:07:15.449687Z", "fetched_at": "2025-07-13T16:10:49.644162+00:00", "symbol": "ADA-USD"}, {"trade_id": 143377500, "side": "buy", "size": "337.07338024", "price": "0.74300000", "time": "2025-07-13T16:07:15.436769Z", "fetched_at": "2025-07-13T16:10:49.644162+00:00", "symbol": "ADA-USD"}, {"trade_id": 143377499, "side": "buy", "size": "181.75764913", "price": "0.74300000", "time": "2025-07-13T16:07:15.422286Z", "fetched_at": "2025-07-13T16:10:49.644162+00:00", "symbol": "ADA-USD"}, {"trade_id": 143377498, "side": "buy", "size": "123.04137906", "price": "0.74300000", "time": "2025-07-13T16:07:15.369242Z", "fetched_at": "2025-07-13T16:10:49.644162+00:00", "symbol": "ADA-USD"}