[{"trade_id": 143366857, "side": "buy", "size": "1.34302226", "price": "0.74970000", "time": "2025-07-13T15:10:45.132432Z", "fetched_at": "2025-07-13T15:10:49.948952+00:00", "symbol": "ADA-USD"}, {"trade_id": 143366856, "side": "buy", "size": "20.00000000", "price": "0.74970000", "time": "2025-07-13T15:10:45.132432Z", "fetched_at": "2025-07-13T15:10:49.948952+00:00", "symbol": "ADA-USD"}, {"trade_id": 143366855, "side": "buy", "size": "1.50000000", "price": "0.74970000", "time": "2025-07-13T15:10:45.132432Z", "fetched_at": "2025-07-13T15:10:49.948952+00:00", "symbol": "ADA-USD"}, {"trade_id": 143366854, "side": "buy", "size": "1.52172916", "price": "0.74980000", "time": "2025-07-13T15:10:44.859784Z", "fetched_at": "2025-07-13T15:10:49.948952+00:00", "symbol": "ADA-USD"}, {"trade_id": 143366853, "side": "buy", "size": "1.71746553", "price": "0.74990000", "time": "2025-07-13T15:10:44.662855Z", "fetched_at": "2025-07-13T15:10:49.948952+00:00", "symbol": "ADA-USD"}, {"trade_id": 143366852, "side": "buy", "size": "50.00000000", "price": "0.75000000", "time": "2025-07-13T15:10:43.337344Z", "fetched_at": "2025-07-13T15:10:49.948952+00:00", "symbol": "ADA-USD"}, {"trade_id": 143366851, "side": "buy", "size": "1.65297444", "price": "0.75000000", "time": "2025-07-13T15:10:43.337344Z", "fetched_at": "2025-07-13T15:10:49.948952+00:00", "symbol": "ADA-USD"}, {"trade_id": 143366850, "side": "buy", "size": "64.78276166", "price": "0.75000000", "time": "2025-07-13T15:10:43.337344Z", "fetched_at": "2025-07-13T15:10:49.948952+00:00", "symbol": "ADA-USD"}, {"trade_id": 143366849, "side": "buy", "size": "275.00859402", "price": "0.75000000", "time": "2025-07-13T15:10:43.337344Z", "fetched_at": "2025-07-13T15:10:49.948952+00:00", "symbol": "ADA-USD"}, {"trade_id": 143366848, "side": "sell", "size": "11.42595449", "price": "0.75000000", "time": "2025-07-13T15:10:43.225223Z", "fetched_at": "2025-07-13T15:10:49.948952+00:00", "symbol": "ADA-USD"}, {"trade_id": 143366847, "side": "sell", "size": "1403.69908554", "price": "0.75000000", "time": "2025-07-13T15:10:43.214284Z", "fetched_at": "2025-07-13T15:10:49.948952+00:00", "symbol": "ADA-USD"}, {"trade_id": 143366846, "side": "sell", "size": "376.50480200", "price": "0.75000000", "time": "2025-07-13T15:10:43.063432Z", "fetched_at": "2025-07-13T15:10:49.948952+00:00", "symbol": "ADA-USD"}, {"trade_id": 143366845, "side": "sell", "size": "310.50000000", "price": "0.75000000", "time": "2025-07-13T15:10:43.063432Z", "fetched_at": "2025-07-13T15:10:49.948952+00:00", "symbol": "ADA-USD"}, {"trade_id": 143366844, "side": "sell", "size": "746.42286765", "price": "0.74980000", "time": "2025-07-13T15:10:42.224810Z", "fetched_at": "2025-07-13T15:10:49.948952+00:00", "symbol": "ADA-USD"}, {"trade_id": 143366843, "side": "sell", "size": "726.91968677", "price": "0.74970000", "time": "2025-07-13T15:10:40.442446Z", "fetched_at": "2025-07-13T15:10:49.948952+00:00", "symbol": "ADA-USD"}, {"trade_id": 143366842, "side": "sell", "size": "61.66196390", "price": "0.74980000", "time": "2025-07-13T15:10:38.433946Z", "fetched_at": "2025-07-13T15:10:49.948952+00:00", "symbol": "ADA-USD"}, {"trade_id": 143366841, "side": "sell", "size": "125.43514704", "price": "0.74980000", "time": "2025-07-13T15:10:38.414995Z", "fetched_at": "2025-07-13T15:10:49.948952+00:00", "symbol": "ADA-USD"}, {"trade_id": 143366840, "side": "sell", "size": "186.75629387", "price": "0.74980000", "time": "2025-07-13T15:10:38.404242Z", "fetched_at": "2025-07-13T15:10:49.948952+00:00", "symbol": "ADA-USD"}, {"trade_id": 143366839, "side": "sell", "size": "179.91558381", "price": "0.74980000", "time": "2025-07-13T15:10:38.387780Z", "fetched_at": "2025-07-13T15:10:49.948952+00:00", "symbol": "ADA-USD"}, {"trade_id": 143366838, "side": "sell", "size": "939.12069314", "price": "0.74980000", "time": "2025-07-13T15:10:38.376718Z", "fetched_at": "2025-07-13T15:10:49.948952+00:00", "symbol": "ADA-USD"}, {"trade_id": 143366837, "side": "buy", "size": "1.50000000", "price": "0.74970000", "time": "2025-07-13T15:10:36.256506Z", "fetched_at": "2025-07-13T15:10:49.948952+00:00", "symbol": "ADA-USD"}, {"trade_id": 143366836, "side": "buy", "size": "46.04053105", "price": "0.74980000", "time": "2025-07-13T15:10:35.900723Z", "fetched_at": "2025-07-13T15:10:49.948952+00:00", "symbol": "ADA-USD"}, {"trade_id": 143366835, "side": "buy", "size": "1.50000000", "price": "0.74980000", "time": "2025-07-13T15:10:35.900723Z", "fetched_at": "2025-07-13T15:10:49.948952+00:00", "symbol": "ADA-USD"}, {"trade_id": 143366834, "side": "buy", "size": "1.50000000", "price": "0.74990000", "time": "2025-07-13T15:10:35.796082Z", "fetched_at": "2025-07-13T15:10:49.948952+00:00", "symbol": "ADA-USD"}, {"trade_id": 143366833, "side": "sell", "size": "0.05988400", "price": "0.75000000", "time": "2025-07-13T15:10:33.417525Z", "fetched_at": "2025-07-13T15:10:49.948952+00:00", "symbol": "ADA-USD"}, {"trade_id": 143366832, "side": "buy", "size": "1.50000000", "price": "0.75000000", "time": "2025-07-13T15:10:33.039372Z", "fetched_at": "2025-07-13T15:10:49.948952+00:00", "symbol": "ADA-USD"}, {"trade_id": 143366831, "side": "buy", "size": "1.50000000", "price": "0.75010000", "time": "2025-07-13T15:10:32.593029Z", "fetched_at": "2025-07-13T15:10:49.948952+00:00", "symbol": "ADA-USD"}, {"trade_id": 143366830, "side": "sell", "size": "70.86167000", "price": "0.75020000", "time": "2025-07-13T15:10:30.666065Z", "fetched_at": "2025-07-13T15:10:49.948952+00:00", "symbol": "ADA-USD"}, {"trade_id": 143366829, "side": "buy", "size": "1.50000000", "price": "0.75020000", "time": "2025-07-13T15:10:30.657375Z", "fetched_at": "2025-07-13T15:10:49.948952+00:00", "symbol": "ADA-USD"}, {"trade_id": 143366828, "side": "buy", "size": "1.56155748", "price": "0.75030000", "time": "2025-07-13T15:10:30.647593Z", "fetched_at": "2025-07-13T15:10:49.948952+00:00", "symbol": "ADA-USD"}, {"trade_id": 143366827, "side": "buy", "size": "1.50000000", "price": "0.75030000", "time": "2025-07-13T15:10:30.647593Z", "fetched_at": "2025-07-13T15:10:49.948952+00:00", "symbol": "ADA-USD"}, {"trade_id": 143366826, "side": "buy", "size": "1.56134938", "price": "0.75040000", "time": "2025-07-13T15:10:30.413761Z", "fetched_at": "2025-07-13T15:10:49.948952+00:00", "symbol": "ADA-USD"}, {"trade_id": 143366825, "side": "buy", "size": "275.00859402", "price": "0.75040000", "time": "2025-07-13T15:10:30.397493Z", "fetched_at": "2025-07-13T15:10:49.948952+00:00", "symbol": "ADA-USD"}, {"trade_id": 143366824, "side": "buy", "size": "1.45983632", "price": "0.75050000", "time": "2025-07-13T15:10:30.386838Z", "fetched_at": "2025-07-13T15:10:49.948952+00:00", "symbol": "ADA-USD"}, {"trade_id": 143366823, "side": "sell", "size": "1.50000000", "price": "0.75050000", "time": "2025-07-13T15:10:29.822057Z", "fetched_at": "2025-07-13T15:10:49.948952+00:00", "symbol": "ADA-USD"}, {"trade_id": 143366822, "side": "buy", "size": "0.00000918", "price": "0.75040000", "time": "2025-07-13T15:10:27.324179Z", "fetched_at": "2025-07-13T15:10:49.948952+00:00", "symbol": "ADA-USD"}, {"trade_id": 143366821, "side": "buy", "size": "2.26366598", "price": "0.75040000", "time": "2025-07-13T15:10:27.324064Z", "fetched_at": "2025-07-13T15:10:49.948952+00:00", "symbol": "ADA-USD"}, {"trade_id": 143366820, "side": "buy", "size": "204.14692402", "price": "0.75040000", "time": "2025-07-13T15:10:27.324064Z", "fetched_at": "2025-07-13T15:10:49.948952+00:00", "symbol": "ADA-USD"}, {"trade_id": 143366819, "side": "buy", "size": "70.86167000", "price": "0.75040000", "time": "2025-07-13T15:10:26.639921Z", "fetched_at": "2025-07-13T15:10:49.948952+00:00", "symbol": "ADA-USD"}, {"trade_id": 143366818, "side": "sell", "size": "11.41896997", "price": "0.75040000", "time": "2025-07-13T15:10:26.631991Z", "fetched_at": "2025-07-13T15:10:49.948952+00:00", "symbol": "ADA-USD"}, {"trade_id": 143366817, "side": "sell", "size": "1.50000000", "price": "0.75040000", "time": "2025-07-13T15:10:26.631991Z", "fetched_at": "2025-07-13T15:10:49.948952+00:00", "symbol": "ADA-USD"}, {"trade_id": 143366816, "side": "sell", "size": "67.63885040", "price": "0.75040000", "time": "2025-07-13T15:10:26.631991Z", "fetched_at": "2025-07-13T15:10:49.948952+00:00", "symbol": "ADA-USD"}, {"trade_id": 143366815, "side": "sell", "size": "522.44259439", "price": "0.75030000", "time": "2025-07-13T15:10:26.560395Z", "fetched_at": "2025-07-13T15:10:49.948952+00:00", "symbol": "ADA-USD"}, {"trade_id": 143366814, "side": "sell", "size": "64.71656900", "price": "0.75030000", "time": "2025-07-13T15:10:26.179317Z", "fetched_at": "2025-07-13T15:10:49.948952+00:00", "symbol": "ADA-USD"}, {"trade_id": 143366813, "side": "sell", "size": "70.86167000", "price": "0.75030000", "time": "2025-07-13T15:10:26.082503Z", "fetched_at": "2025-07-13T15:10:49.948952+00:00", "symbol": "ADA-USD"}, {"trade_id": 143366812, "side": "sell", "size": "4.54099481", "price": "0.75030000", "time": "2025-07-13T15:10:25.642004Z", "fetched_at": "2025-07-13T15:10:49.948952+00:00", "symbol": "ADA-USD"}, {"trade_id": 143366811, "side": "sell", "size": "13.62298445", "price": "0.75030000", "time": "2025-07-13T15:10:25.642004Z", "fetched_at": "2025-07-13T15:10:49.948952+00:00", "symbol": "ADA-USD"}, {"trade_id": 143366810, "side": "sell", "size": "70.86167000", "price": "0.75020000", "time": "2025-07-13T15:10:25.438798Z", "fetched_at": "2025-07-13T15:10:49.948952+00:00", "symbol": "ADA-USD"}, {"trade_id": 143366809, "side": "buy", "size": "1.40787802", "price": "0.75020000", "time": "2025-07-13T15:10:24.802555Z", "fetched_at": "2025-07-13T15:10:49.948952+00:00", "symbol": "ADA-USD"}, {"trade_id": 143366808, "side": "buy", "size": "275.00859402", "price": "0.75020000", "time": "2025-07-13T15:10:24.802555Z", "fetched_at": "2025-07-13T15:10:49.948952+00:00", "symbol": "ADA-USD"}, {"trade_id": 143366807, "side": "buy", "size": "1.66130510", "price": "0.75030000", "time": "2025-07-13T15:10:24.288927Z", "fetched_at": "2025-07-13T15:10:49.948952+00:00", "symbol": "ADA-USD"}, {"trade_id": 143366806, "side": "buy", "size": "1.88215548", "price": "0.75020000", "time": "2025-07-13T15:10:23.802251Z", "fetched_at": "2025-07-13T15:10:49.948952+00:00", "symbol": "ADA-USD"}, {"trade_id": 143366805, "side": "sell", "size": "26.37187000", "price": "0.75030000", "time": "2025-07-13T15:10:23.148954Z", "fetched_at": "2025-07-13T15:10:49.948952+00:00", "symbol": "ADA-USD"}, {"trade_id": 143366804, "side": "buy", "size": "0.00680000", "price": "0.75020000", "time": "2025-07-13T15:10:22.359539Z", "fetched_at": "2025-07-13T15:10:49.948952+00:00", "symbol": "ADA-USD"}, {"trade_id": 143366803, "side": "buy", "size": "70.86167000", "price": "0.75020000", "time": "2025-07-13T15:10:22.151081Z", "fetched_at": "2025-07-13T15:10:49.948952+00:00", "symbol": "ADA-USD"}, {"trade_id": 143366802, "side": "buy", "size": "275.00859402", "price": "0.75020000", "time": "2025-07-13T15:10:21.958957Z", "fetched_at": "2025-07-13T15:10:49.948952+00:00", "symbol": "ADA-USD"}, {"trade_id": 143366801, "side": "buy", "size": "50.00000000", "price": "0.75020000", "time": "2025-07-13T15:10:21.958957Z", "fetched_at": "2025-07-13T15:10:49.948952+00:00", "symbol": "ADA-USD"}, {"trade_id": 143366800, "side": "buy", "size": "84.00532064", "price": "0.75020000", "time": "2025-07-13T15:10:21.958957Z", "fetched_at": "2025-07-13T15:10:49.948952+00:00", "symbol": "ADA-USD"}, {"trade_id": 143366799, "side": "buy", "size": "1.50000000", "price": "0.75020000", "time": "2025-07-13T15:10:21.958957Z", "fetched_at": "2025-07-13T15:10:49.948952+00:00", "symbol": "ADA-USD"}, {"trade_id": 143366798, "side": "buy", "size": "1.50000000", "price": "0.75030000", "time": "2025-07-13T15:10:21.958957Z", "fetched_at": "2025-07-13T15:10:49.948952+00:00", "symbol": "ADA-USD"}, {"trade_id": 143366797, "side": "sell", "size": "129.18972317", "price": "0.75050000", "time": "2025-07-13T15:10:20.383752Z", "fetched_at": "2025-07-13T15:10:49.948952+00:00", "symbol": "ADA-USD"}, {"trade_id": 143366796, "side": "sell", "size": "400.00000000", "price": "0.75050000", "time": "2025-07-13T15:10:20.383752Z", "fetched_at": "2025-07-13T15:10:49.948952+00:00", "symbol": "ADA-USD"}, {"trade_id": 143366795, "side": "sell", "size": "703.02286613", "price": "0.75050000", "time": "2025-07-13T15:10:20.383752Z", "fetched_at": "2025-07-13T15:10:49.948952+00:00", "symbol": "ADA-USD"}, {"trade_id": 143366794, "side": "sell", "size": "50.00000000", "price": "0.75040000", "time": "2025-07-13T15:10:20.383752Z", "fetched_at": "2025-07-13T15:10:49.948952+00:00", "symbol": "ADA-USD"}, {"trade_id": 143366793, "side": "sell", "size": "695.71580670", "price": "0.75040000", "time": "2025-07-13T15:10:20.383752Z", "fetched_at": "2025-07-13T15:10:49.948952+00:00", "symbol": "ADA-USD"}, {"trade_id": 143366792, "side": "sell", "size": "102.41218000", "price": "0.75040000", "time": "2025-07-13T15:10:20.383752Z", "fetched_at": "2025-07-13T15:10:49.948952+00:00", "symbol": "ADA-USD"}, {"trade_id": 143366791, "side": "sell", "size": "51.00306000", "price": "0.75040000", "time": "2025-07-13T15:10:20.383752Z", "fetched_at": "2025-07-13T15:10:49.948952+00:00", "symbol": "ADA-USD"}, {"trade_id": 143366790, "side": "sell", "size": "153.61827000", "price": "0.75040000", "time": "2025-07-13T15:10:20.257117Z", "fetched_at": "2025-07-13T15:10:49.948952+00:00", "symbol": "ADA-USD"}, {"trade_id": 143366789, "side": "buy", "size": "758.86083419", "price": "0.75040000", "time": "2025-07-13T15:10:20.251393Z", "fetched_at": "2025-07-13T15:10:49.948952+00:00", "symbol": "ADA-USD"}, {"trade_id": 143366788, "side": "buy", "size": "50.00000000", "price": "0.75040000", "time": "2025-07-13T15:10:20.251393Z", "fetched_at": "2025-07-13T15:10:49.948952+00:00", "symbol": "ADA-USD"}, {"trade_id": 143366787, "side": "buy", "size": "330.51489859", "price": "0.75040000", "time": "2025-07-13T15:10:20.251393Z", "fetched_at": "2025-07-13T15:10:49.948952+00:00", "symbol": "ADA-USD"}, {"trade_id": 143366786, "side": "buy", "size": "335.76559395", "price": "0.75040000", "time": "2025-07-13T15:10:20.250896Z", "fetched_at": "2025-07-13T15:10:49.948952+00:00", "symbol": "ADA-USD"}, {"trade_id": 143366785, "side": "buy", "size": "1.50000000", "price": "0.75040000", "time": "2025-07-13T15:10:20.250896Z", "fetched_at": "2025-07-13T15:10:49.948952+00:00", "symbol": "ADA-USD"}, {"trade_id": 143366784, "side": "buy", "size": "275.00859402", "price": "0.75040000", "time": "2025-07-13T15:10:20.250896Z", "fetched_at": "2025-07-13T15:10:49.948952+00:00", "symbol": "ADA-USD"}, {"trade_id": 143366783, "side": "buy", "size": "1.50000000", "price": "0.75050000", "time": "2025-07-13T15:10:20.250896Z", "fetched_at": "2025-07-13T15:10:49.948952+00:00", "symbol": "ADA-USD"}, {"trade_id": 143366782, "side": "buy", "size": "1.50000000", "price": "0.75060000", "time": "2025-07-13T15:10:17.723688Z", "fetched_at": "2025-07-13T15:10:49.948952+00:00", "symbol": "ADA-USD"}, {"trade_id": 143366781, "side": "sell", "size": "158.88438624", "price": "0.75070000", "time": "2025-07-13T15:10:15.220603Z", "fetched_at": "2025-07-13T15:10:49.948952+00:00", "symbol": "ADA-USD"}, {"trade_id": 143366780, "side": "sell", "size": "102.41218000", "price": "0.75070000", "time": "2025-07-13T15:10:15.220603Z", "fetched_at": "2025-07-13T15:10:49.948952+00:00", "symbol": "ADA-USD"}, {"trade_id": 143366779, "side": "sell", "size": "51.00306000", "price": "0.75070000", "time": "2025-07-13T15:10:15.220603Z", "fetched_at": "2025-07-13T15:10:49.948952+00:00", "symbol": "ADA-USD"}, {"trade_id": 143366778, "side": "sell", "size": "17.17321676", "price": "0.75070000", "time": "2025-07-13T15:10:15.220603Z", "fetched_at": "2025-07-13T15:10:49.948952+00:00", "symbol": "ADA-USD"}, {"trade_id": 143366777, "side": "buy", "size": "1.54074263", "price": "0.75070000", "time": "2025-07-13T15:10:14.339262Z", "fetched_at": "2025-07-13T15:10:49.948952+00:00", "symbol": "ADA-USD"}, {"trade_id": 143366776, "side": "sell", "size": "108.06475192", "price": "0.75080000", "time": "2025-07-13T15:10:13.075589Z", "fetched_at": "2025-07-13T15:10:49.948952+00:00", "symbol": "ADA-USD"}, {"trade_id": 143366775, "side": "sell", "size": "658.51545973", "price": "0.75080000", "time": "2025-07-13T15:10:13.075589Z", "fetched_at": "2025-07-13T15:10:49.948952+00:00", "symbol": "ADA-USD"}, {"trade_id": 143366774, "side": "sell", "size": "22.89762235", "price": "0.75080000", "time": "2025-07-13T15:10:13.075589Z", "fetched_at": "2025-07-13T15:10:49.948952+00:00", "symbol": "ADA-USD"}, {"trade_id": 143366773, "side": "sell", "size": "669.79915779", "price": "0.75070000", "time": "2025-07-13T15:10:12.552932Z", "fetched_at": "2025-07-13T15:10:49.948952+00:00", "symbol": "ADA-USD"}, {"trade_id": 143366772, "side": "buy", "size": "1.50000000", "price": "0.75070000", "time": "2025-07-13T15:10:12.315010Z", "fetched_at": "2025-07-13T15:10:49.948952+00:00", "symbol": "ADA-USD"}, {"trade_id": 143366771, "side": "buy", "size": "0.02000000", "price": "0.75080000", "time": "2025-07-13T15:10:11.695559Z", "fetched_at": "2025-07-13T15:10:49.948952+00:00", "symbol": "ADA-USD"}, {"trade_id": 143366770, "side": "buy", "size": "1.48000000", "price": "0.75080000", "time": "2025-07-13T15:10:10.358992Z", "fetched_at": "2025-07-13T15:10:49.948952+00:00", "symbol": "ADA-USD"}, {"trade_id": 143366769, "side": "buy", "size": "1.53496456", "price": "0.75100000", "time": "2025-07-13T15:10:10.035034Z", "fetched_at": "2025-07-13T15:10:49.948952+00:00", "symbol": "ADA-USD"}, {"trade_id": 143366768, "side": "buy", "size": "1.81413234", "price": "0.75090000", "time": "2025-07-13T15:10:08.967512Z", "fetched_at": "2025-07-13T15:10:49.948952+00:00", "symbol": "ADA-USD"}, {"trade_id": 143366767, "side": "buy", "size": "3.69884568", "price": "0.75100000", "time": "2025-07-13T15:10:07.889183Z", "fetched_at": "2025-07-13T15:10:49.948952+00:00", "symbol": "ADA-USD"}, {"trade_id": 143366766, "side": "buy", "size": "275.00859402", "price": "0.75100000", "time": "2025-07-13T15:10:07.889183Z", "fetched_at": "2025-07-13T15:10:49.948952+00:00", "symbol": "ADA-USD"}, {"trade_id": 143366765, "side": "sell", "size": "63.16904200", "price": "0.75110000", "time": "2025-07-13T15:10:07.887804Z", "fetched_at": "2025-07-13T15:10:49.948952+00:00", "symbol": "ADA-USD"}, {"trade_id": 143366764, "side": "buy", "size": "663.93825877", "price": "0.75090000", "time": "2025-07-13T15:10:07.884355Z", "fetched_at": "2025-07-13T15:10:49.948952+00:00", "symbol": "ADA-USD"}, {"trade_id": 143366763, "side": "buy", "size": "5036.10000000", "price": "0.75090000", "time": "2025-07-13T15:10:07.884355Z", "fetched_at": "2025-07-13T15:10:49.948952+00:00", "symbol": "ADA-USD"}, {"trade_id": 143366762, "side": "buy", "size": "665.85043413", "price": "0.75090000", "time": "2025-07-13T15:10:07.884355Z", "fetched_at": "2025-07-13T15:10:49.948952+00:00", "symbol": "ADA-USD"}, {"trade_id": 143366761, "side": "buy", "size": "1.50000000", "price": "0.75090000", "time": "2025-07-13T15:10:07.884355Z", "fetched_at": "2025-07-13T15:10:49.948952+00:00", "symbol": "ADA-USD"}, {"trade_id": 143366760, "side": "buy", "size": "3.69884568", "price": "0.75100000", "time": "2025-07-13T15:10:07.881784Z", "fetched_at": "2025-07-13T15:10:49.948952+00:00", "symbol": "ADA-USD"}, {"trade_id": 143366759, "side": "buy", "size": "275.00859402", "price": "0.75100000", "time": "2025-07-13T15:10:07.881784Z", "fetched_at": "2025-07-13T15:10:49.948952+00:00", "symbol": "ADA-USD"}, {"trade_id": 143366758, "side": "buy", "size": "1.50000000", "price": "0.75100000", "time": "2025-07-13T15:10:07.881784Z", "fetched_at": "2025-07-13T15:10:49.948952+00:00", "symbol": "ADA-USD"}, {"trade_id": 143366757, "side": "buy", "size": "3.69835322", "price": "0.75110000", "time": "2025-07-13T15:10:07.827136Z", "fetched_at": "2025-07-13T15:10:49.948952+00:00", "symbol": "ADA-USD"}, {"trade_id": 143366756, "side": "buy", "size": "9.94826733", "price": "0.75120000", "time": "2025-07-13T15:10:06.936409Z", "fetched_at": "2025-07-13T15:10:49.948952+00:00", "symbol": "ADA-USD"}, {"trade_id": 143366755, "side": "sell", "size": "153.61827000", "price": "0.75130000", "time": "2025-07-13T15:10:06.115325Z", "fetched_at": "2025-07-13T15:10:49.948952+00:00", "symbol": "ADA-USD"}, {"trade_id": 143366754, "side": "buy", "size": "1105.14325310", "price": "0.75130000", "time": "2025-07-13T15:10:06.109254Z", "fetched_at": "2025-07-13T15:10:49.948952+00:00", "symbol": "ADA-USD"}, {"trade_id": 143366753, "side": "buy", "size": "758.86083419", "price": "0.75130000", "time": "2025-07-13T15:10:06.109254Z", "fetched_at": "2025-07-13T15:10:49.948952+00:00", "symbol": "ADA-USD"}, {"trade_id": 143366752, "side": "buy", "size": "9.94694319", "price": "0.75130000", "time": "2025-07-13T15:10:06.109254Z", "fetched_at": "2025-07-13T15:10:49.948952+00:00", "symbol": "ADA-USD"}, {"trade_id": 143366751, "side": "buy", "size": "3327.10942064", "price": "0.75130000", "time": "2025-07-13T15:10:06.109254Z", "fetched_at": "2025-07-13T15:10:49.948952+00:00", "symbol": "ADA-USD"}, {"trade_id": 143366750, "side": "buy", "size": "5038.00000000", "price": "0.75130000", "time": "2025-07-13T15:10:06.109254Z", "fetched_at": "2025-07-13T15:10:49.948952+00:00", "symbol": "ADA-USD"}, {"trade_id": 143366749, "side": "buy", "size": "208.44842363", "price": "0.75140000", "time": "2025-07-13T15:10:06.108799Z", "fetched_at": "2025-07-13T15:10:49.948952+00:00", "symbol": "ADA-USD"}, {"trade_id": 143366748, "side": "buy", "size": "66.56017039", "price": "0.75140000", "time": "2025-07-13T15:10:05.774486Z", "fetched_at": "2025-07-13T15:10:49.948952+00:00", "symbol": "ADA-USD"}, {"trade_id": 143366747, "side": "sell", "size": "122.63691700", "price": "0.75120000", "time": "2025-07-13T15:10:02.431349Z", "fetched_at": "2025-07-13T15:10:49.948952+00:00", "symbol": "ADA-USD"}, {"trade_id": 143366746, "side": "buy", "size": "665.60170394", "price": "0.75120000", "time": "2025-07-13T15:10:01.639488Z", "fetched_at": "2025-07-13T15:10:49.948952+00:00", "symbol": "ADA-USD"}, {"trade_id": 143366745, "side": "buy", "size": "275.00859402", "price": "0.75120000", "time": "2025-07-13T15:10:01.639488Z", "fetched_at": "2025-07-13T15:10:49.948952+00:00", "symbol": "ADA-USD"}, {"trade_id": 143366744, "side": "buy", "size": "66.60450246", "price": "0.75110000", "time": "2025-07-13T15:09:59.409844Z", "fetched_at": "2025-07-13T15:10:49.948952+00:00", "symbol": "ADA-USD"}, {"trade_id": 143366743, "side": "buy", "size": "5051.00000000", "price": "0.75120000", "time": "2025-07-13T15:09:57.950150Z", "fetched_at": "2025-07-13T15:10:49.948952+00:00", "symbol": "ADA-USD"}, {"trade_id": 143366742, "side": "buy", "size": "275.00859402", "price": "0.75120000", "time": "2025-07-13T15:09:57.950150Z", "fetched_at": "2025-07-13T15:10:49.948952+00:00", "symbol": "ADA-USD"}, {"trade_id": 143366741, "side": "buy", "size": "532.01661952", "price": "0.75130000", "time": "2025-07-13T15:09:57.862474Z", "fetched_at": "2025-07-13T15:10:49.948952+00:00", "symbol": "ADA-USD"}, {"trade_id": 143366740, "side": "buy", "size": "13.05337871", "price": "0.75140000", "time": "2025-07-13T15:09:57.810913Z", "fetched_at": "2025-07-13T15:10:49.948952+00:00", "symbol": "ADA-USD"}, {"trade_id": 143366739, "side": "buy", "size": "57.80829129", "price": "0.75140000", "time": "2025-07-13T15:09:57.810913Z", "fetched_at": "2025-07-13T15:10:49.948952+00:00", "symbol": "ADA-USD"}, {"trade_id": 143366738, "side": "sell", "size": "11.13192355", "price": "0.75140000", "time": "2025-07-13T15:09:57.777026Z", "fetched_at": "2025-07-13T15:10:49.948952+00:00", "symbol": "ADA-USD"}, {"trade_id": 143366737, "side": "sell", "size": "310.50000000", "price": "0.75140000", "time": "2025-07-13T15:09:57.777026Z", "fetched_at": "2025-07-13T15:10:49.948952+00:00", "symbol": "ADA-USD"}, {"trade_id": 143366736, "side": "buy", "size": "0.00008079", "price": "0.75130000", "time": "2025-07-13T15:09:57.746320Z", "fetched_at": "2025-07-13T15:10:49.948952+00:00", "symbol": "ADA-USD"}, {"trade_id": 143366735, "side": "buy", "size": "37.36800000", "price": "0.75130000", "time": "2025-07-13T15:09:57.744566Z", "fetched_at": "2025-07-13T15:10:49.948952+00:00", "symbol": "ADA-USD"}, {"trade_id": 143366734, "side": "sell", "size": "1100.00000000", "price": "0.75150000", "time": "2025-07-13T15:09:57.730991Z", "fetched_at": "2025-07-13T15:10:49.948952+00:00", "symbol": "ADA-USD"}, {"trade_id": 143366733, "side": "sell", "size": "8459.69067985", "price": "0.75150000", "time": "2025-07-13T15:09:57.730991Z", "fetched_at": "2025-07-13T15:10:49.948952+00:00", "symbol": "ADA-USD"}, {"trade_id": 143366732, "side": "sell", "size": "820.94742524", "price": "0.75150000", "time": "2025-07-13T15:09:57.730991Z", "fetched_at": "2025-07-13T15:10:49.948952+00:00", "symbol": "ADA-USD"}, {"trade_id": 143366731, "side": "sell", "size": "330.16115131", "price": "0.75150000", "time": "2025-07-13T15:09:57.730991Z", "fetched_at": "2025-07-13T15:10:49.948952+00:00", "symbol": "ADA-USD"}, {"trade_id": 143366730, "side": "sell", "size": "428.69968288", "price": "0.75150000", "time": "2025-07-13T15:09:57.730991Z", "fetched_at": "2025-07-13T15:10:49.948952+00:00", "symbol": "ADA-USD"}, {"trade_id": 143366729, "side": "sell", "size": "1.50000000", "price": "0.75150000", "time": "2025-07-13T15:09:57.730991Z", "fetched_at": "2025-07-13T15:10:49.948952+00:00", "symbol": "ADA-USD"}, {"trade_id": 143366728, "side": "sell", "size": "8.26482430", "price": "0.75150000", "time": "2025-07-13T15:09:57.730991Z", "fetched_at": "2025-07-13T15:10:49.948952+00:00", "symbol": "ADA-USD"}, {"trade_id": 143366727, "side": "sell", "size": "1.50000000", "price": "0.75140000", "time": "2025-07-13T15:09:57.730424Z", "fetched_at": "2025-07-13T15:10:49.948952+00:00", "symbol": "ADA-USD"}, {"trade_id": 143366726, "side": "sell", "size": "275.00859402", "price": "0.75120000", "time": "2025-07-13T15:09:57.730267Z", "fetched_at": "2025-07-13T15:10:49.948952+00:00", "symbol": "ADA-USD"}, {"trade_id": 143366725, "side": "sell", "size": "1200.00000000", "price": "0.75130000", "time": "2025-07-13T15:09:57.727285Z", "fetched_at": "2025-07-13T15:10:49.948952+00:00", "symbol": "ADA-USD"}, {"trade_id": 143366724, "side": "sell", "size": "189.15814848", "price": "0.75120000", "time": "2025-07-13T15:09:57.727087Z", "fetched_at": "2025-07-13T15:10:49.948952+00:00", "symbol": "ADA-USD"}, {"trade_id": 143366723, "side": "sell", "size": "275.00859402", "price": "0.75100000", "time": "2025-07-13T15:09:57.727087Z", "fetched_at": "2025-07-13T15:10:49.948952+00:00", "symbol": "ADA-USD"}, {"trade_id": 143366722, "side": "sell", "size": "70.86167000", "price": "0.75130000", "time": "2025-07-13T15:09:57.725353Z", "fetched_at": "2025-07-13T15:10:49.948952+00:00", "symbol": "ADA-USD"}, {"trade_id": 143366721, "side": "sell", "size": "275.00859402", "price": "0.75120000", "time": "2025-07-13T15:09:57.723186Z", "fetched_at": "2025-07-13T15:10:49.948952+00:00", "symbol": "ADA-USD"}, {"trade_id": 143366720, "side": "sell", "size": "2601.92765575", "price": "0.75120000", "time": "2025-07-13T15:09:57.723186Z", "fetched_at": "2025-07-13T15:10:49.948952+00:00", "symbol": "ADA-USD"}, {"trade_id": 143366719, "side": "sell", "size": "70.86167000", "price": "0.75120000", "time": "2025-07-13T15:09:57.723079Z", "fetched_at": "2025-07-13T15:10:49.948952+00:00", "symbol": "ADA-USD"}, {"trade_id": 143366718, "side": "sell", "size": "2296.11067425", "price": "0.75120000", "time": "2025-07-13T15:09:57.722348Z", "fetched_at": "2025-07-13T15:10:49.948952+00:00", "symbol": "ADA-USD"}, {"trade_id": 143366717, "side": "sell", "size": "654.03541638", "price": "0.75120000", "time": "2025-07-13T15:09:57.722348Z", "fetched_at": "2025-07-13T15:10:49.948952+00:00", "symbol": "ADA-USD"}, {"trade_id": 143366716, "side": "sell", "size": "1216.39349059", "price": "0.75120000", "time": "2025-07-13T15:09:57.722348Z", "fetched_at": "2025-07-13T15:10:49.948952+00:00", "symbol": "ADA-USD"}, {"trade_id": 143366715, "side": "sell", "size": "1.50000000", "price": "0.75120000", "time": "2025-07-13T15:09:57.722348Z", "fetched_at": "2025-07-13T15:10:49.948952+00:00", "symbol": "ADA-USD"}, {"trade_id": 143366714, "side": "sell", "size": "801.95236813", "price": "0.75120000", "time": "2025-07-13T15:09:57.722348Z", "fetched_at": "2025-07-13T15:10:49.948952+00:00", "symbol": "ADA-USD"}, {"trade_id": 143366713, "side": "sell", "size": "109.50412893", "price": "0.75120000", "time": "2025-07-13T15:09:57.722225Z", "fetched_at": "2025-07-13T15:10:49.948952+00:00", "symbol": "ADA-USD"}, {"trade_id": 143366712, "side": "sell", "size": "608.82359228", "price": "0.75120000", "time": "2025-07-13T15:09:57.722225Z", "fetched_at": "2025-07-13T15:10:49.948952+00:00", "symbol": "ADA-USD"}, {"trade_id": 143366711, "side": "sell", "size": "800.00000000", "price": "0.75110000", "time": "2025-07-13T15:09:57.721825Z", "fetched_at": "2025-07-13T15:10:49.948952+00:00", "symbol": "ADA-USD"}, {"trade_id": 143366710, "side": "sell", "size": "2750.08594019", "price": "0.75110000", "time": "2025-07-13T15:09:57.721825Z", "fetched_at": "2025-07-13T15:10:49.948952+00:00", "symbol": "ADA-USD"}, {"trade_id": 143366709, "side": "sell", "size": "783.73004478", "price": "0.75110000", "time": "2025-07-13T15:09:57.721825Z", "fetched_at": "2025-07-13T15:10:49.948952+00:00", "symbol": "ADA-USD"}, {"trade_id": 143366708, "side": "sell", "size": "3310.45955841", "price": "0.75110000", "time": "2025-07-13T15:09:57.721825Z", "fetched_at": "2025-07-13T15:10:49.948952+00:00", "symbol": "ADA-USD"}, {"trade_id": 143366707, "side": "sell", "size": "1207.04353274", "price": "0.75110000", "time": "2025-07-13T15:09:57.721825Z", "fetched_at": "2025-07-13T15:10:49.948952+00:00", "symbol": "ADA-USD"}, {"trade_id": 143366706, "side": "sell", "size": "1523.39299830", "price": "0.75110000", "time": "2025-07-13T15:09:57.721825Z", "fetched_at": "2025-07-13T15:10:49.948952+00:00", "symbol": "ADA-USD"}, {"trade_id": 143366705, "side": "sell", "size": "758.86083419", "price": "0.75110000", "time": "2025-07-13T15:09:57.721825Z", "fetched_at": "2025-07-13T15:10:49.948952+00:00", "symbol": "ADA-USD"}, {"trade_id": 143366704, "side": "sell", "size": "1668.95031000", "price": "0.75110000", "time": "2025-07-13T15:09:57.721825Z", "fetched_at": "2025-07-13T15:10:49.948952+00:00", "symbol": "ADA-USD"}, {"trade_id": 143366703, "side": "sell", "size": "310.50000000", "price": "0.75110000", "time": "2025-07-13T15:09:57.721825Z", "fetched_at": "2025-07-13T15:10:49.948952+00:00", "symbol": "ADA-USD"}, {"trade_id": 143366702, "side": "sell", "size": "275.00859402", "price": "0.75100000", "time": "2025-07-13T15:09:57.721717Z", "fetched_at": "2025-07-13T15:10:49.948952+00:00", "symbol": "ADA-USD"}, {"trade_id": 143366701, "side": "sell", "size": "1.50000000", "price": "0.75100000", "time": "2025-07-13T15:09:57.721717Z", "fetched_at": "2025-07-13T15:10:49.948952+00:00", "symbol": "ADA-USD"}, {"trade_id": 143366700, "side": "sell", "size": "1407.03325460", "price": "0.75100000", "time": "2025-07-13T15:09:57.721717Z", "fetched_at": "2025-07-13T15:10:49.948952+00:00", "symbol": "ADA-USD"}, {"trade_id": 143366699, "side": "sell", "size": "400.00000000", "price": "0.75100000", "time": "2025-07-13T15:09:57.721717Z", "fetched_at": "2025-07-13T15:10:49.948952+00:00", "symbol": "ADA-USD"}, {"trade_id": 143366698, "side": "sell", "size": "624.10522485", "price": "0.75100000", "time": "2025-07-13T15:09:57.721717Z", "fetched_at": "2025-07-13T15:10:49.948952+00:00", "symbol": "ADA-USD"}, {"trade_id": 143366697, "side": "sell", "size": "733.41307197", "price": "0.75100000", "time": "2025-07-13T15:09:57.721717Z", "fetched_at": "2025-07-13T15:10:49.948952+00:00", "symbol": "ADA-USD"}, {"trade_id": 143366696, "side": "sell", "size": "758.86083419", "price": "0.75100000", "time": "2025-07-13T15:09:57.721717Z", "fetched_at": "2025-07-13T15:10:49.948952+00:00", "symbol": "ADA-USD"}, {"trade_id": 143366695, "side": "sell", "size": "310.50000000", "price": "0.75100000", "time": "2025-07-13T15:09:57.721717Z", "fetched_at": "2025-07-13T15:10:49.948952+00:00", "symbol": "ADA-USD"}, {"trade_id": 143366694, "side": "sell", "size": "665.87423115", "price": "0.75090000", "time": "2025-07-13T15:09:57.721522Z", "fetched_at": "2025-07-13T15:10:49.948952+00:00", "symbol": "ADA-USD"}, {"trade_id": 143366693, "side": "sell", "size": "1664.16976000", "price": "0.75090000", "time": "2025-07-13T15:09:57.721522Z", "fetched_at": "2025-07-13T15:10:49.948952+00:00", "symbol": "ADA-USD"}, {"trade_id": 143366692, "side": "sell", "size": "1665.34206000", "price": "0.75090000", "time": "2025-07-13T15:09:57.721522Z", "fetched_at": "2025-07-13T15:10:49.948952+00:00", "symbol": "ADA-USD"}, {"trade_id": 143366691, "side": "sell", "size": "400.00000000", "price": "0.75090000", "time": "2025-07-13T15:09:57.721522Z", "fetched_at": "2025-07-13T15:10:49.948952+00:00", "symbol": "ADA-USD"}, {"trade_id": 143366690, "side": "sell", "size": "731.66141338", "price": "0.75090000", "time": "2025-07-13T15:09:57.721522Z", "fetched_at": "2025-07-13T15:10:49.948952+00:00", "symbol": "ADA-USD"}, {"trade_id": 143366689, "side": "sell", "size": "758.86083419", "price": "0.75090000", "time": "2025-07-13T15:09:57.721522Z", "fetched_at": "2025-07-13T15:10:49.948952+00:00", "symbol": "ADA-USD"}, {"trade_id": 143366688, "side": "sell", "size": "2.67343938", "price": "0.75090000", "time": "2025-07-13T15:09:57.721522Z", "fetched_at": "2025-07-13T15:10:49.948952+00:00", "symbol": "ADA-USD"}, {"trade_id": 143366687, "side": "sell", "size": "899.19542200", "price": "0.75080000", "time": "2025-07-13T15:09:57.720949Z", "fetched_at": "2025-07-13T15:10:49.948952+00:00", "symbol": "ADA-USD"}, {"trade_id": 143366686, "side": "sell", "size": "11.13192355", "price": "0.75080000", "time": "2025-07-13T15:09:57.720949Z", "fetched_at": "2025-07-13T15:10:49.948952+00:00", "symbol": "ADA-USD"}, {"trade_id": 143366685, "side": "sell", "size": "1.50000000", "price": "0.75080000", "time": "2025-07-13T15:09:57.720949Z", "fetched_at": "2025-07-13T15:10:49.948952+00:00", "symbol": "ADA-USD"}, {"trade_id": 143366684, "side": "sell", "size": "794.45147203", "price": "0.75080000", "time": "2025-07-13T15:09:57.720949Z", "fetched_at": "2025-07-13T15:10:49.948952+00:00", "symbol": "ADA-USD"}, {"trade_id": 143366683, "side": "sell", "size": "357.00669441", "price": "0.75080000", "time": "2025-07-13T15:09:57.720949Z", "fetched_at": "2025-07-13T15:10:49.948952+00:00", "symbol": "ADA-USD"}, {"trade_id": 143366682, "side": "sell", "size": "344.96986201", "price": "0.75080000", "time": "2025-07-13T15:09:57.720949Z", "fetched_at": "2025-07-13T15:10:49.948952+00:00", "symbol": "ADA-USD"}, {"trade_id": 143366681, "side": "sell", "size": "310.50000000", "price": "0.75080000", "time": "2025-07-13T15:09:57.720949Z", "fetched_at": "2025-07-13T15:10:49.948952+00:00", "symbol": "ADA-USD"}, {"trade_id": 143366680, "side": "sell", "size": "50.00000000", "price": "0.75070000", "time": "2025-07-13T15:09:57.720924Z", "fetched_at": "2025-07-13T15:10:49.948952+00:00", "symbol": "ADA-USD"}, {"trade_id": 143366679, "side": "sell", "size": "561.66903912", "price": "0.75070000", "time": "2025-07-13T15:09:57.720924Z", "fetched_at": "2025-07-13T15:10:49.948952+00:00", "symbol": "ADA-USD"}, {"trade_id": 143366678, "side": "sell", "size": "51.00306000", "price": "0.75070000", "time": "2025-07-13T15:09:57.720924Z", "fetched_at": "2025-07-13T15:10:49.948952+00:00", "symbol": "ADA-USD"}, {"trade_id": 143366677, "side": "sell", "size": "2.67630135", "price": "0.75060000", "time": "2025-07-13T15:09:57.436417Z", "fetched_at": "2025-07-13T15:10:49.948952+00:00", "symbol": "ADA-USD"}, {"trade_id": 143366676, "side": "sell", "size": "140.32777215", "price": "0.75090000", "time": "2025-07-13T15:09:53.180624Z", "fetched_at": "2025-07-13T15:10:49.948952+00:00", "symbol": "ADA-USD"}, {"trade_id": 143366675, "side": "sell", "size": "11.12971285", "price": "0.75080000", "time": "2025-07-13T15:09:53.180624Z", "fetched_at": "2025-07-13T15:10:49.948952+00:00", "symbol": "ADA-USD"}, {"trade_id": 143366674, "side": "buy", "size": "1.50000000", "price": "0.75060000", "time": "2025-07-13T15:09:53.042376Z", "fetched_at": "2025-07-13T15:10:49.948952+00:00", "symbol": "ADA-USD"}, {"trade_id": 143366673, "side": "sell", "size": "110.00000000", "price": "0.75070000", "time": "2025-07-13T15:09:52.491103Z", "fetched_at": "2025-07-13T15:10:49.948952+00:00", "symbol": "ADA-USD"}, {"trade_id": 143366672, "side": "sell", "size": "110.38096330", "price": "0.75080000", "time": "2025-07-13T15:09:52.261333Z", "fetched_at": "2025-07-13T15:10:49.948952+00:00", "symbol": "ADA-USD"}, {"trade_id": 143366671, "side": "sell", "size": "50.00000000", "price": "0.75080000", "time": "2025-07-13T15:09:52.261333Z", "fetched_at": "2025-07-13T15:10:49.948952+00:00", "symbol": "ADA-USD"}, {"trade_id": 143366670, "side": "sell", "size": "323.01569849", "price": "0.75080000", "time": "2025-07-13T15:09:52.261333Z", "fetched_at": "2025-07-13T15:10:49.948952+00:00", "symbol": "ADA-USD"}, {"trade_id": 143366669, "side": "sell", "size": "11.13039008", "price": "0.75080000", "time": "2025-07-13T15:09:52.261333Z", "fetched_at": "2025-07-13T15:10:49.948952+00:00", "symbol": "ADA-USD"}, {"trade_id": 143366668, "side": "sell", "size": "435.84513570", "price": "0.75080000", "time": "2025-07-13T15:09:52.261333Z", "fetched_at": "2025-07-13T15:10:49.948952+00:00", "symbol": "ADA-USD"}, {"trade_id": 143366667, "side": "sell", "size": "702.74368243", "price": "0.75070000", "time": "2025-07-13T15:09:52.261333Z", "fetched_at": "2025-07-13T15:10:49.948952+00:00", "symbol": "ADA-USD"}, {"trade_id": 143366666, "side": "sell", "size": "70.86167000", "price": "0.75070000", "time": "2025-07-13T15:09:49.702739Z", "fetched_at": "2025-07-13T15:10:49.948952+00:00", "symbol": "ADA-USD"}, {"trade_id": 143366665, "side": "sell", "size": "34.91044300", "price": "0.75070000", "time": "2025-07-13T15:09:47.870954Z", "fetched_at": "2025-07-13T15:10:49.948952+00:00", "symbol": "ADA-USD"}, {"trade_id": 143366664, "side": "sell", "size": "11.13189255", "price": "0.75080000", "time": "2025-07-13T15:09:46.532773Z", "fetched_at": "2025-07-13T15:10:49.948952+00:00", "symbol": "ADA-USD"}, {"trade_id": 143366663, "side": "buy", "size": "275.00859402", "price": "0.75060000", "time": "2025-07-13T15:09:45.167747Z", "fetched_at": "2025-07-13T15:10:49.948952+00:00", "symbol": "ADA-USD"}, {"trade_id": 143366662, "side": "sell", "size": "1.49900179", "price": "0.75060000", "time": "2025-07-13T15:09:44.267761Z", "fetched_at": "2025-07-13T15:10:49.948952+00:00", "symbol": "ADA-USD"}, {"trade_id": 143366661, "side": "sell", "size": "23.26558194", "price": "0.75060000", "time": "2025-07-13T15:09:44.126465Z", "fetched_at": "2025-07-13T15:10:49.948952+00:00", "symbol": "ADA-USD"}, {"trade_id": 143366660, "side": "sell", "size": "1.99866906", "price": "0.75060000", "time": "2025-07-13T15:09:44.126465Z", "fetched_at": "2025-07-13T15:10:49.948952+00:00", "symbol": "ADA-USD"}, {"trade_id": 143366659, "side": "buy", "size": "1.50000000", "price": "0.75060000", "time": "2025-07-13T15:09:43.072053Z", "fetched_at": "2025-07-13T15:10:49.948952+00:00", "symbol": "ADA-USD"}, {"trade_id": 143366658, "side": "buy", "size": "1.50000000", "price": "0.75070000", "time": "2025-07-13T15:09:42.939153Z", "fetched_at": "2025-07-13T15:10:49.948952+00:00", "symbol": "ADA-USD"}, {"trade_id": 143366657, "side": "buy", "size": "1221.28053831", "price": "0.75070000", "time": "2025-07-13T15:09:42.939153Z", "fetched_at": "2025-07-13T15:10:49.948952+00:00", "symbol": "ADA-USD"}, {"trade_id": 143366656, "side": "buy", "size": "1.50000000", "price": "0.75080000", "time": "2025-07-13T15:09:42.257400Z", "fetched_at": "2025-07-13T15:10:49.948952+00:00", "symbol": "ADA-USD"}, {"trade_id": 143366655, "side": "buy", "size": "1.50000000", "price": "0.75090000", "time": "2025-07-13T15:09:42.246766Z", "fetched_at": "2025-07-13T15:10:49.948952+00:00", "symbol": "ADA-USD"}, {"trade_id": 143366654, "side": "buy", "size": "186.66867440", "price": "0.75100000", "time": "2025-07-13T15:09:40.134712Z", "fetched_at": "2025-07-13T15:10:49.948952+00:00", "symbol": "ADA-USD"}, {"trade_id": 143366653, "side": "buy", "size": "50.00000000", "price": "0.75100000", "time": "2025-07-13T15:09:40.134712Z", "fetched_at": "2025-07-13T15:10:49.948952+00:00", "symbol": "ADA-USD"}, {"trade_id": 143366652, "side": "buy", "size": "275.00859402", "price": "0.75100000", "time": "2025-07-13T15:09:40.134712Z", "fetched_at": "2025-07-13T15:10:49.948952+00:00", "symbol": "ADA-USD"}, {"trade_id": 143366651, "side": "buy", "size": "175.36573158", "price": "0.75100000", "time": "2025-07-13T15:09:40.134712Z", "fetched_at": "2025-07-13T15:10:49.948952+00:00", "symbol": "ADA-USD"}, {"trade_id": 143366650, "side": "buy", "size": "1.50000000", "price": "0.75100000", "time": "2025-07-13T15:09:40.134712Z", "fetched_at": "2025-07-13T15:10:49.948952+00:00", "symbol": "ADA-USD"}, {"trade_id": 143366649, "side": "sell", "size": "1.50000000", "price": "0.75140000", "time": "2025-07-13T15:09:35.931776Z", "fetched_at": "2025-07-13T15:10:49.948952+00:00", "symbol": "ADA-USD"}, {"trade_id": 143366648, "side": "sell", "size": "2.66489208", "price": "0.75140000", "time": "2025-07-13T15:09:35.931776Z", "fetched_at": "2025-07-13T15:10:49.948952+00:00", "symbol": "ADA-USD"}, {"trade_id": 143366647, "side": "sell", "size": "7.87422869", "price": "0.75120000", "time": "2025-07-13T15:09:35.779890Z", "fetched_at": "2025-07-13T15:10:49.948952+00:00", "symbol": "ADA-USD"}, {"trade_id": 143366646, "side": "sell", "size": "79.88923000", "price": "0.75120000", "time": "2025-07-13T15:09:35.712168Z", "fetched_at": "2025-07-13T15:10:49.948952+00:00", "symbol": "ADA-USD"}, {"trade_id": 143366645, "side": "sell", "size": "576.03051520", "price": "0.75120000", "time": "2025-07-13T15:09:35.102641Z", "fetched_at": "2025-07-13T15:10:49.948952+00:00", "symbol": "ADA-USD"}, {"trade_id": 143366644, "side": "buy", "size": "10.06705435", "price": "0.75140000", "time": "2025-07-13T15:09:34.890923Z", "fetched_at": "2025-07-13T15:10:49.948952+00:00", "symbol": "ADA-USD"}, {"trade_id": 143366643, "side": "sell", "size": "32.29610303", "price": "0.75150000", "time": "2025-07-13T15:09:34.670835Z", "fetched_at": "2025-07-13T15:10:49.948952+00:00", "symbol": "ADA-USD"}, {"trade_id": 143366642, "side": "sell", "size": "0.06649197", "price": "0.75150000", "time": "2025-07-13T15:09:34.670835Z", "fetched_at": "2025-07-13T15:10:49.948952+00:00", "symbol": "ADA-USD"}, {"trade_id": 143366641, "side": "sell", "size": "5.62893221", "price": "0.75140000", "time": "2025-07-13T15:09:33.999929Z", "fetched_at": "2025-07-13T15:10:49.948952+00:00", "symbol": "ADA-USD"}, {"trade_id": 143366640, "side": "sell", "size": "10.58283679", "price": "0.75140000", "time": "2025-07-13T15:09:33.884743Z", "fetched_at": "2025-07-13T15:10:49.948952+00:00", "symbol": "ADA-USD"}, {"trade_id": 143366639, "side": "sell", "size": "1.50000000", "price": "0.75140000", "time": "2025-07-13T15:09:33.070689Z", "fetched_at": "2025-07-13T15:10:49.948952+00:00", "symbol": "ADA-USD"}, {"trade_id": 143366638, "side": "sell", "size": "8.59009311", "price": "0.75140000", "time": "2025-07-13T15:09:33.070689Z", "fetched_at": "2025-07-13T15:10:49.948952+00:00", "symbol": "ADA-USD"}, {"trade_id": 143366637, "side": "sell", "size": "50.00000000", "price": "0.75130000", "time": "2025-07-13T15:09:32.728113Z", "fetched_at": "2025-07-13T15:10:49.948952+00:00", "symbol": "ADA-USD"}, {"trade_id": 143366636, "side": "sell", "size": "153.61827000", "price": "0.75110000", "time": "2025-07-13T15:09:32.711622Z", "fetched_at": "2025-07-13T15:10:49.948952+00:00", "symbol": "ADA-USD"}, {"trade_id": 143366635, "side": "buy", "size": "4972.30000000", "price": "0.75110000", "time": "2025-07-13T15:09:32.382029Z", "fetched_at": "2025-07-13T15:10:49.948952+00:00", "symbol": "ADA-USD"}, {"trade_id": 143366634, "side": "buy", "size": "275.00859402", "price": "0.75120000", "time": "2025-07-13T15:09:32.374589Z", "fetched_at": "2025-07-13T15:10:49.948952+00:00", "symbol": "ADA-USD"}, {"trade_id": 143366633, "side": "buy", "size": "11.12305275", "price": "0.75130000", "time": "2025-07-13T15:09:32.374589Z", "fetched_at": "2025-07-13T15:10:49.948952+00:00", "symbol": "ADA-USD"}, {"trade_id": 143366632, "side": "buy", "size": "11.12305275", "price": "0.75130000", "time": "2025-07-13T15:09:32.182315Z", "fetched_at": "2025-07-13T15:10:49.948952+00:00", "symbol": "ADA-USD"}, {"trade_id": 143366631, "side": "sell", "size": "1.50000000", "price": "0.75130000", "time": "2025-07-13T15:09:32.173430Z", "fetched_at": "2025-07-13T15:10:49.948952+00:00", "symbol": "ADA-USD"}, {"trade_id": 143366630, "side": "sell", "size": "21.82524521", "price": "0.75130000", "time": "2025-07-13T15:09:32.173430Z", "fetched_at": "2025-07-13T15:10:49.948952+00:00", "symbol": "ADA-USD"}, {"trade_id": 143366629, "side": "sell", "size": "66.55131106", "price": "0.75130000", "time": "2025-07-13T15:09:32.173430Z", "fetched_at": "2025-07-13T15:10:49.948952+00:00", "symbol": "ADA-USD"}, {"trade_id": 143366628, "side": "sell", "size": "1.50000000", "price": "0.75120000", "time": "2025-07-13T15:09:32.093535Z", "fetched_at": "2025-07-13T15:10:49.948952+00:00", "symbol": "ADA-USD"}, {"trade_id": 143366627, "side": "sell", "size": "5.93121928", "price": "0.75120000", "time": "2025-07-13T15:09:32.093535Z", "fetched_at": "2025-07-13T15:10:49.948952+00:00", "symbol": "ADA-USD"}, {"trade_id": 143366626, "side": "sell", "size": "1.50000000", "price": "0.75110000", "time": "2025-07-13T15:09:32.044214Z", "fetched_at": "2025-07-13T15:10:49.948952+00:00", "symbol": "ADA-USD"}, {"trade_id": 143366625, "side": "sell", "size": "5.90839566", "price": "0.75110000", "time": "2025-07-13T15:09:32.044214Z", "fetched_at": "2025-07-13T15:10:49.948952+00:00", "symbol": "ADA-USD"}, {"trade_id": 143366624, "side": "sell", "size": "0.10000000", "price": "0.75110000", "time": "2025-07-13T15:09:32.044214Z", "fetched_at": "2025-07-13T15:10:49.948952+00:00", "symbol": "ADA-USD"}, {"trade_id": 143366623, "side": "sell", "size": "7.66006693", "price": "0.75110000", "time": "2025-07-13T15:09:32.044214Z", "fetched_at": "2025-07-13T15:10:49.948952+00:00", "symbol": "ADA-USD"}, {"trade_id": 143366622, "side": "sell", "size": "159.01243900", "price": "0.75110000", "time": "2025-07-13T15:09:32.044214Z", "fetched_at": "2025-07-13T15:10:49.948952+00:00", "symbol": "ADA-USD"}, {"trade_id": 143366621, "side": "sell", "size": "1.50000000", "price": "0.75100000", "time": "2025-07-13T15:09:31.775198Z", "fetched_at": "2025-07-13T15:10:49.948952+00:00", "symbol": "ADA-USD"}, {"trade_id": 143366620, "side": "sell", "size": "3.55318943", "price": "0.75090000", "time": "2025-07-13T15:09:30.630558Z", "fetched_at": "2025-07-13T15:10:49.948952+00:00", "symbol": "ADA-USD"}, {"trade_id": 143366619, "side": "sell", "size": "4.37315622", "price": "0.75080000", "time": "2025-07-13T15:09:30.368789Z", "fetched_at": "2025-07-13T15:10:49.948952+00:00", "symbol": "ADA-USD"}, {"trade_id": 143366618, "side": "sell", "size": "52.50794291", "price": "0.75070000", "time": "2025-07-13T15:09:30.349119Z", "fetched_at": "2025-07-13T15:10:49.948952+00:00", "symbol": "ADA-USD"}, {"trade_id": 143366617, "side": "buy", "size": "70.86167000", "price": "0.75060000", "time": "2025-07-13T15:09:30.292545Z", "fetched_at": "2025-07-13T15:10:49.948952+00:00", "symbol": "ADA-USD"}, {"trade_id": 143366616, "side": "sell", "size": "4.73758591", "price": "0.75060000", "time": "2025-07-13T15:09:30.283496Z", "fetched_at": "2025-07-13T15:10:49.948952+00:00", "symbol": "ADA-USD"}, {"trade_id": 143366615, "side": "sell", "size": "102.41218000", "price": "0.75070000", "time": "2025-07-13T15:09:29.785095Z", "fetched_at": "2025-07-13T15:10:49.948952+00:00", "symbol": "ADA-USD"}, {"trade_id": 143366614, "side": "sell", "size": "2.80469793", "price": "0.75070000", "time": "2025-07-13T15:09:27.295044Z", "fetched_at": "2025-07-13T15:10:49.948952+00:00", "symbol": "ADA-USD"}, {"trade_id": 143366613, "side": "sell", "size": "7.92809076", "price": "0.75080000", "time": "2025-07-13T15:09:27.000889Z", "fetched_at": "2025-07-13T15:10:49.948952+00:00", "symbol": "ADA-USD"}, {"trade_id": 143366612, "side": "buy", "size": "11.12897793", "price": "0.75090000", "time": "2025-07-13T15:09:26.490063Z", "fetched_at": "2025-07-13T15:10:49.948952+00:00", "symbol": "ADA-USD"}, {"trade_id": 143366611, "side": "sell", "size": "7.77449995", "price": "0.75100000", "time": "2025-07-13T15:09:25.657559Z", "fetched_at": "2025-07-13T15:10:49.948952+00:00", "symbol": "ADA-USD"}, {"trade_id": 143366610, "side": "sell", "size": "10.36599994", "price": "0.75100000", "time": "2025-07-13T15:09:25.616540Z", "fetched_at": "2025-07-13T15:10:49.948952+00:00", "symbol": "ADA-USD"}, {"trade_id": 143366609, "side": "sell", "size": "13.82133325", "price": "0.75100000", "time": "2025-07-13T15:09:25.604898Z", "fetched_at": "2025-07-13T15:10:49.948952+00:00", "symbol": "ADA-USD"}, {"trade_id": 143366608, "side": "sell", "size": "793.10000000", "price": "0.75100000", "time": "2025-07-13T15:09:25.480365Z", "fetched_at": "2025-07-13T15:10:49.948952+00:00", "symbol": "ADA-USD"}, {"trade_id": 143366607, "side": "sell", "size": "1.50000000", "price": "0.75100000", "time": "2025-07-13T15:09:25.480365Z", "fetched_at": "2025-07-13T15:10:49.948952+00:00", "symbol": "ADA-USD"}, {"trade_id": 143366606, "side": "sell", "size": "704.18807776", "price": "0.75100000", "time": "2025-07-13T15:09:25.480365Z", "fetched_at": "2025-07-13T15:10:49.948952+00:00", "symbol": "ADA-USD"}, {"trade_id": 143366605, "side": "sell", "size": "1112.03489743", "price": "0.75100000", "time": "2025-07-13T15:09:25.461746Z", "fetched_at": "2025-07-13T15:10:49.948952+00:00", "symbol": "ADA-USD"}, {"trade_id": 143366604, "side": "sell", "size": "7.40665665", "price": "0.75100000", "time": "2025-07-13T15:09:25.461746Z", "fetched_at": "2025-07-13T15:10:49.948952+00:00", "symbol": "ADA-USD"}, {"trade_id": 143366603, "side": "sell", "size": "18.42844433", "price": "0.75090000", "time": "2025-07-13T15:09:25.289614Z", "fetched_at": "2025-07-13T15:10:49.948952+00:00", "symbol": "ADA-USD"}, {"trade_id": 143366602, "side": "sell", "size": "24.57125911", "price": "0.75090000", "time": "2025-07-13T15:09:25.118909Z", "fetched_at": "2025-07-13T15:10:49.948952+00:00", "symbol": "ADA-USD"}, {"trade_id": 143366601, "side": "sell", "size": "69.36167000", "price": "0.75100000", "time": "2025-07-13T15:09:25.090623Z", "fetched_at": "2025-07-13T15:10:49.948952+00:00", "symbol": "ADA-USD"}, {"trade_id": 143366600, "side": "sell", "size": "1.50000000", "price": "0.75090000", "time": "2025-07-13T15:09:25.090623Z", "fetched_at": "2025-07-13T15:10:49.948952+00:00", "symbol": "ADA-USD"}, {"trade_id": 143366599, "side": "sell", "size": "1.50000000", "price": "0.75080000", "time": "2025-07-13T15:09:25.055574Z", "fetched_at": "2025-07-13T15:10:49.948952+00:00", "symbol": "ADA-USD"}, {"trade_id": 143366598, "side": "buy", "size": "70.86167000", "price": "0.75070000", "time": "2025-07-13T15:09:24.960393Z", "fetched_at": "2025-07-13T15:10:49.948952+00:00", "symbol": "ADA-USD"}, {"trade_id": 143366597, "side": "sell", "size": "61.32077447", "price": "0.75070000", "time": "2025-07-13T15:09:24.599108Z", "fetched_at": "2025-07-13T15:10:49.948952+00:00", "symbol": "ADA-USD"}, {"trade_id": 143366596, "side": "sell", "size": "1.50000000", "price": "0.75070000", "time": "2025-07-13T15:09:24.599108Z", "fetched_at": "2025-07-13T15:10:49.948952+00:00", "symbol": "ADA-USD"}, {"trade_id": 143366595, "side": "sell", "size": "1.71444453", "price": "0.75060000", "time": "2025-07-13T15:09:24.599108Z", "fetched_at": "2025-07-13T15:10:49.948952+00:00", "symbol": "ADA-USD"}, {"trade_id": 143366594, "side": "sell", "size": "1.50000000", "price": "0.75060000", "time": "2025-07-13T15:09:24.599108Z", "fetched_at": "2025-07-13T15:10:49.948952+00:00", "symbol": "ADA-USD"}, {"trade_id": 143366593, "side": "buy", "size": "338.77964225", "price": "0.75010000", "time": "2025-07-13T15:09:23.971559Z", "fetched_at": "2025-07-13T15:10:49.948952+00:00", "symbol": "ADA-USD"}, {"trade_id": 143366592, "side": "buy", "size": "310.50000000", "price": "0.75010000", "time": "2025-07-13T15:09:23.971559Z", "fetched_at": "2025-07-13T15:10:49.948952+00:00", "symbol": "ADA-USD"}, {"trade_id": 143366591, "side": "buy", "size": "1479.67173423", "price": "0.75020000", "time": "2025-07-13T15:09:23.971559Z", "fetched_at": "2025-07-13T15:10:49.948952+00:00", "symbol": "ADA-USD"}, {"trade_id": 143366590, "side": "buy", "size": "1677.73133000", "price": "0.75020000", "time": "2025-07-13T15:09:23.971559Z", "fetched_at": "2025-07-13T15:10:49.948952+00:00", "symbol": "ADA-USD"}, {"trade_id": 143366589, "side": "buy", "size": "2912.66370889", "price": "0.75020000", "time": "2025-07-13T15:09:23.971559Z", "fetched_at": "2025-07-13T15:10:49.948952+00:00", "symbol": "ADA-USD"}, {"trade_id": 143366588, "side": "buy", "size": "587.81032891", "price": "0.75020000", "time": "2025-07-13T15:09:23.971559Z", "fetched_at": "2025-07-13T15:10:49.948952+00:00", "symbol": "ADA-USD"}, {"trade_id": 143366587, "side": "buy", "size": "400.00000000", "price": "0.75020000", "time": "2025-07-13T15:09:23.971559Z", "fetched_at": "2025-07-13T15:10:49.948952+00:00", "symbol": "ADA-USD"}, {"trade_id": 143366586, "side": "buy", "size": "310.50000000", "price": "0.75020000", "time": "2025-07-13T15:09:23.971559Z", "fetched_at": "2025-07-13T15:10:49.948952+00:00", "symbol": "ADA-USD"}, {"trade_id": 143366585, "side": "buy", "size": "275.00859402", "price": "0.75020000", "time": "2025-07-13T15:09:23.971559Z", "fetched_at": "2025-07-13T15:10:49.948952+00:00", "symbol": "ADA-USD"}, {"trade_id": 143366584, "side": "buy", "size": "67.66614489", "price": "0.75020000", "time": "2025-07-13T15:09:23.971559Z", "fetched_at": "2025-07-13T15:10:49.948952+00:00", "symbol": "ADA-USD"}, {"trade_id": 143366583, "side": "buy", "size": "1184.71057072", "price": "0.75030000", "time": "2025-07-13T15:09:23.971559Z", "fetched_at": "2025-07-13T15:10:49.948952+00:00", "symbol": "ADA-USD"}, {"trade_id": 143366582, "side": "buy", "size": "366.95599084", "price": "0.75030000", "time": "2025-07-13T15:09:23.971559Z", "fetched_at": "2025-07-13T15:10:49.948952+00:00", "symbol": "ADA-USD"}, {"trade_id": 143366581, "side": "buy", "size": "391.90484335", "price": "0.75030000", "time": "2025-07-13T15:09:23.971559Z", "fetched_at": "2025-07-13T15:10:49.948952+00:00", "symbol": "ADA-USD"}, {"trade_id": 143366580, "side": "buy", "size": "666.30519791", "price": "0.75040000", "time": "2025-07-13T15:09:23.971559Z", "fetched_at": "2025-07-13T15:10:49.948952+00:00", "symbol": "ADA-USD"}, {"trade_id": 143366579, "side": "buy", "size": "400.00000000", "price": "0.75040000", "time": "2025-07-13T15:09:23.971559Z", "fetched_at": "2025-07-13T15:10:49.948952+00:00", "symbol": "ADA-USD"}, {"trade_id": 143366578, "side": "buy", "size": "310.50000000", "price": "0.75040000", "time": "2025-07-13T15:09:23.971559Z", "fetched_at": "2025-07-13T15:10:49.948952+00:00", "symbol": "ADA-USD"}, {"trade_id": 143366577, "side": "buy", "size": "275.00859402", "price": "0.75040000", "time": "2025-07-13T15:09:23.971559Z", "fetched_at": "2025-07-13T15:10:49.948952+00:00", "symbol": "ADA-USD"}, {"trade_id": 143366576, "side": "buy", "size": "587.36009216", "price": "0.75040000", "time": "2025-07-13T15:09:23.971559Z", "fetched_at": "2025-07-13T15:10:49.948952+00:00", "symbol": "ADA-USD"}, {"trade_id": 143366575, "side": "buy", "size": "2.62016781", "price": "0.75050000", "time": "2025-07-13T15:09:23.971559Z", "fetched_at": "2025-07-13T15:10:49.948952+00:00", "symbol": "ADA-USD"}, {"trade_id": 143366574, "side": "buy", "size": "50.00000000", "price": "0.75050000", "time": "2025-07-13T15:09:23.971559Z", "fetched_at": "2025-07-13T15:10:49.948952+00:00", "symbol": "ADA-USD"}, {"trade_id": 143366573, "side": "buy", "size": "400.00000000", "price": "0.75050000", "time": "2025-07-13T15:09:23.971559Z", "fetched_at": "2025-07-13T15:10:49.948952+00:00", "symbol": "ADA-USD"}, {"trade_id": 143366572, "side": "buy", "size": "51.00306000", "price": "0.75050000", "time": "2025-07-13T15:09:23.971559Z", "fetched_at": "2025-07-13T15:10:49.948952+00:00", "symbol": "ADA-USD"}, {"trade_id": 143366571, "side": "sell", "size": "1.50000000", "price": "0.75050000", "time": "2025-07-13T15:09:23.939800Z", "fetched_at": "2025-07-13T15:10:49.948952+00:00", "symbol": "ADA-USD"}, {"trade_id": 143366570, "side": "sell", "size": "0.66729000", "price": "0.75050000", "time": "2025-07-13T15:09:23.939800Z", "fetched_at": "2025-07-13T15:10:49.948952+00:00", "symbol": "ADA-USD"}, {"trade_id": 143366569, "side": "sell", "size": "32.26673837", "price": "0.75050000", "time": "2025-07-13T15:09:23.939800Z", "fetched_at": "2025-07-13T15:10:49.948952+00:00", "symbol": "ADA-USD"}, {"trade_id": 143366568, "side": "sell", "size": "282.91966000", "price": "0.75040000", "time": "2025-07-13T15:09:23.478930Z", "fetched_at": "2025-07-13T15:10:49.948952+00:00", "symbol": "ADA-USD"}, {"trade_id": 143366567, "side": "sell", "size": "50.00000000", "price": "0.75040000", "time": "2025-07-13T15:09:23.478930Z", "fetched_at": "2025-07-13T15:10:49.948952+00:00", "symbol": "ADA-USD"}, {"trade_id": 143366566, "side": "sell", "size": "1.50000000", "price": "0.75040000", "time": "2025-07-13T15:09:23.478930Z", "fetched_at": "2025-07-13T15:10:49.948952+00:00", "symbol": "ADA-USD"}, {"trade_id": 143366565, "side": "sell", "size": "1.50000000", "price": "0.75030000", "time": "2025-07-13T15:09:23.478930Z", "fetched_at": "2025-07-13T15:10:49.948952+00:00", "symbol": "ADA-USD"}, {"trade_id": 143366564, "side": "sell", "size": "2.67809320", "price": "0.75020000", "time": "2025-07-13T15:09:23.391156Z", "fetched_at": "2025-07-13T15:10:49.948952+00:00", "symbol": "ADA-USD"}, {"trade_id": 143366563, "side": "buy", "size": "25.48500700", "price": "0.75010000", "time": "2025-07-13T15:09:21.461214Z", "fetched_at": "2025-07-13T15:10:49.948952+00:00", "symbol": "ADA-USD"}, {"trade_id": 143366562, "side": "buy", "size": "50.00000000", "price": "0.75010000", "time": "2025-07-13T15:09:21.461214Z", "fetched_at": "2025-07-13T15:10:49.948952+00:00", "symbol": "ADA-USD"}, {"trade_id": 143366561, "side": "sell", "size": "1.50000000", "price": "0.75020000", "time": "2025-07-13T15:09:19.649126Z", "fetched_at": "2025-07-13T15:10:49.948952+00:00", "symbol": "ADA-USD"}, {"trade_id": 143366560, "side": "sell", "size": "0.12321936", "price": "0.75020000", "time": "2025-07-13T15:09:19.649126Z", "fetched_at": "2025-07-13T15:10:49.948952+00:00", "symbol": "ADA-USD"}, {"trade_id": 143366559, "side": "sell", "size": "1.50000000", "price": "0.75010000", "time": "2025-07-13T15:09:15.714210Z", "fetched_at": "2025-07-13T15:10:49.948952+00:00", "symbol": "ADA-USD"}, {"trade_id": 143366558, "side": "sell", "size": "395.17338616", "price": "0.75010000", "time": "2025-07-13T15:09:15.714210Z", "fetched_at": "2025-07-13T15:10:49.948952+00:00", "symbol": "ADA-USD"}, {"trade_id": 143366557, "side": "buy", "size": "70.86167000", "price": "0.75000000", "time": "2025-07-13T15:09:15.522615Z", "fetched_at": "2025-07-13T15:10:49.948952+00:00", "symbol": "ADA-USD"}, {"trade_id": 143366556, "side": "sell", "size": "4.38138506", "price": "0.75000000", "time": "2025-07-13T15:09:15.166799Z", "fetched_at": "2025-07-13T15:10:49.948952+00:00", "symbol": "ADA-USD"}, {"trade_id": 143366555, "side": "sell", "size": "1.50000000", "price": "0.75000000", "time": "2025-07-13T15:09:15.166799Z", "fetched_at": "2025-07-13T15:10:49.948952+00:00", "symbol": "ADA-USD"}, {"trade_id": 143366554, "side": "sell", "size": "758.86083419", "price": "0.75000000", "time": "2025-07-13T15:09:15.166799Z", "fetched_at": "2025-07-13T15:10:49.948952+00:00", "symbol": "ADA-USD"}, {"trade_id": 143366553, "side": "sell", "size": "1.50000000", "price": "0.74980000", "time": "2025-07-13T15:09:14.863918Z", "fetched_at": "2025-07-13T15:10:49.948952+00:00", "symbol": "ADA-USD"}, {"trade_id": 143366552, "side": "sell", "size": "10.59099635", "price": "0.74960000", "time": "2025-07-13T15:09:14.300007Z", "fetched_at": "2025-07-13T15:10:49.948952+00:00", "symbol": "ADA-USD"}, {"trade_id": 143366551, "side": "buy", "size": "298.01534893", "price": "0.74940000", "time": "2025-07-13T15:09:12.646330Z", "fetched_at": "2025-07-13T15:10:49.948952+00:00", "symbol": "ADA-USD"}, {"trade_id": 143366550, "side": "buy", "size": "310.50000000", "price": "0.74950000", "time": "2025-07-13T15:09:12.646330Z", "fetched_at": "2025-07-13T15:10:49.948952+00:00", "symbol": "ADA-USD"}, {"trade_id": 143366549, "side": "buy", "size": "50.00000000", "price": "0.74950000", "time": "2025-07-13T15:09:12.646330Z", "fetched_at": "2025-07-13T15:10:49.948952+00:00", "symbol": "ADA-USD"}, {"trade_id": 143366548, "side": "buy", "size": "8.20519207", "price": "0.74950000", "time": "2025-07-13T15:09:12.646330Z", "fetched_at": "2025-07-13T15:10:49.948952+00:00", "symbol": "ADA-USD"}, {"trade_id": 143366547, "side": "buy", "size": "8.18841318", "price": "0.74960000", "time": "2025-07-13T15:09:11.593943Z", "fetched_at": "2025-07-13T15:10:49.948952+00:00", "symbol": "ADA-USD"}, {"trade_id": 143366546, "side": "buy", "size": "4981.80000000", "price": "0.74960000", "time": "2025-07-13T15:09:11.593943Z", "fetched_at": "2025-07-13T15:10:49.948952+00:00", "symbol": "ADA-USD"}, {"trade_id": 143366545, "side": "sell", "size": "1.71129485", "price": "0.74980000", "time": "2025-07-13T15:09:10.608197Z", "fetched_at": "2025-07-13T15:10:49.948952+00:00", "symbol": "ADA-USD"}, {"trade_id": 143366544, "side": "sell", "size": "72.71827353", "price": "0.74990000", "time": "2025-07-13T15:09:10.089961Z", "fetched_at": "2025-07-13T15:10:49.948952+00:00", "symbol": "ADA-USD"}, {"trade_id": 143366543, "side": "sell", "size": "2.28172647", "price": "0.74980000", "time": "2025-07-13T15:09:10.089961Z", "fetched_at": "2025-07-13T15:10:49.948952+00:00", "symbol": "ADA-USD"}, {"trade_id": 143366542, "side": "sell", "size": "383.33129296", "price": "0.74990000", "time": "2025-07-13T15:09:08.134944Z", "fetched_at": "2025-07-13T15:10:49.948952+00:00", "symbol": "ADA-USD"}, {"trade_id": 143366541, "side": "sell", "size": "758.86083419", "price": "0.74990000", "time": "2025-07-13T15:09:08.134944Z", "fetched_at": "2025-07-13T15:10:49.948952+00:00", "symbol": "ADA-USD"}, {"trade_id": 143366540, "side": "sell", "size": "860.99332938", "price": "0.74990000", "time": "2025-07-13T15:09:08.134944Z", "fetched_at": "2025-07-13T15:10:49.948952+00:00", "symbol": "ADA-USD"}, {"trade_id": 143366539, "side": "sell", "size": "625.73336908", "price": "0.74990000", "time": "2025-07-13T15:09:08.134944Z", "fetched_at": "2025-07-13T15:10:49.948952+00:00", "symbol": "ADA-USD"}, {"trade_id": 143366538, "side": "sell", "size": "4.05640261", "price": "0.74990000", "time": "2025-07-13T15:09:08.134944Z", "fetched_at": "2025-07-13T15:10:49.948952+00:00", "symbol": "ADA-USD"}, {"trade_id": 143366537, "side": "sell", "size": "886.73835386", "price": "0.74980000", "time": "2025-07-13T15:09:08.134944Z", "fetched_at": "2025-07-13T15:10:49.948952+00:00", "symbol": "ADA-USD"}, {"trade_id": 143366536, "side": "sell", "size": "580.03074195", "price": "0.74980000", "time": "2025-07-13T15:09:08.134944Z", "fetched_at": "2025-07-13T15:10:49.948952+00:00", "symbol": "ADA-USD"}, {"trade_id": 143366535, "side": "sell", "size": "380.98697118", "price": "0.74980000", "time": "2025-07-13T15:09:08.134944Z", "fetched_at": "2025-07-13T15:10:49.948952+00:00", "symbol": "ADA-USD"}, {"trade_id": 143366534, "side": "sell", "size": "377.87386301", "price": "0.74980000", "time": "2025-07-13T15:09:08.134944Z", "fetched_at": "2025-07-13T15:10:49.948952+00:00", "symbol": "ADA-USD"}, {"trade_id": 143366533, "side": "sell", "size": "400.00000000", "price": "0.74980000", "time": "2025-07-13T15:09:08.134944Z", "fetched_at": "2025-07-13T15:10:49.948952+00:00", "symbol": "ADA-USD"}, {"trade_id": 143366532, "side": "sell", "size": "51.00306000", "price": "0.74970000", "time": "2025-07-13T15:09:08.134944Z", "fetched_at": "2025-07-13T15:10:49.948952+00:00", "symbol": "ADA-USD"}, {"trade_id": 143366531, "side": "sell", "size": "623.48035904", "price": "0.74970000", "time": "2025-07-13T15:09:08.134944Z", "fetched_at": "2025-07-13T15:10:49.948952+00:00", "symbol": "ADA-USD"}, {"trade_id": 143366530, "side": "sell", "size": "732.31402078", "price": "0.74970000", "time": "2025-07-13T15:09:08.134944Z", "fetched_at": "2025-07-13T15:10:49.948952+00:00", "symbol": "ADA-USD"}, {"trade_id": 143366529, "side": "sell", "size": "3.04230196", "price": "0.74970000", "time": "2025-07-13T15:09:08.134944Z", "fetched_at": "2025-07-13T15:10:49.948952+00:00", "symbol": "ADA-USD"}, {"trade_id": 143366528, "side": "sell", "size": "45.95672836", "price": "0.75000000", "time": "2025-07-13T15:09:06.590831Z", "fetched_at": "2025-07-13T15:10:49.948952+00:00", "symbol": "ADA-USD"}, {"trade_id": 143366527, "side": "sell", "size": "3.74437164", "price": "0.74990000", "time": "2025-07-13T15:09:06.590831Z", "fetched_at": "2025-07-13T15:10:49.948952+00:00", "symbol": "ADA-USD"}, {"trade_id": 143366526, "side": "sell", "size": "2.72744362", "price": "0.74980000", "time": "2025-07-13T15:09:06.531765Z", "fetched_at": "2025-07-13T15:10:49.948952+00:00", "symbol": "ADA-USD"}, {"trade_id": 143366525, "side": "sell", "size": "7.13259613", "price": "0.74960000", "time": "2025-07-13T15:09:05.923623Z", "fetched_at": "2025-07-13T15:10:49.948952+00:00", "symbol": "ADA-USD"}, {"trade_id": 143366524, "side": "sell", "size": "11.15492130", "price": "0.74950000", "time": "2025-07-13T15:09:05.846758Z", "fetched_at": "2025-07-13T15:10:49.948952+00:00", "symbol": "ADA-USD"}, {"trade_id": 143366523, "side": "sell", "size": "662.24263774", "price": "0.74950000", "time": "2025-07-13T15:09:05.846758Z", "fetched_at": "2025-07-13T15:10:49.948952+00:00", "symbol": "ADA-USD"}, {"trade_id": 143366522, "side": "sell", "size": "561.76209568", "price": "0.74970000", "time": "2025-07-13T15:09:05.551336Z", "fetched_at": "2025-07-13T15:10:49.948952+00:00", "symbol": "ADA-USD"}, {"trade_id": 143366521, "side": "sell", "size": "758.86083419", "price": "0.74970000", "time": "2025-07-13T15:09:05.551336Z", "fetched_at": "2025-07-13T15:10:49.948952+00:00", "symbol": "ADA-USD"}, {"trade_id": 143366520, "side": "sell", "size": "3.94468782", "price": "0.74970000", "time": "2025-07-13T15:09:05.551336Z", "fetched_at": "2025-07-13T15:10:49.948952+00:00", "symbol": "ADA-USD"}, {"trade_id": 143366519, "side": "sell", "size": "11.83406346", "price": "0.74970000", "time": "2025-07-13T15:09:05.551336Z", "fetched_at": "2025-07-13T15:10:49.948952+00:00", "symbol": "ADA-USD"}, {"trade_id": 143366518, "side": "sell", "size": "50.00000000", "price": "0.74960000", "time": "2025-07-13T15:09:05.551336Z", "fetched_at": "2025-07-13T15:10:49.948952+00:00", "symbol": "ADA-USD"}, {"trade_id": 143366517, "side": "sell", "size": "6.65666070", "price": "0.74950000", "time": "2025-07-13T15:09:05.551336Z", "fetched_at": "2025-07-13T15:10:49.948952+00:00", "symbol": "ADA-USD"}, {"trade_id": 143366516, "side": "sell", "size": "50.00000000", "price": "0.74950000", "time": "2025-07-13T15:09:05.551336Z", "fetched_at": "2025-07-13T15:10:49.948952+00:00", "symbol": "ADA-USD"}, {"trade_id": 143366515, "side": "sell", "size": "8.87554759", "price": "0.74940000", "time": "2025-07-13T15:09:05.551336Z", "fetched_at": "2025-07-13T15:10:49.948952+00:00", "symbol": "ADA-USD"}, {"trade_id": 143366514, "side": "sell", "size": "182.75327397", "price": "0.74940000", "time": "2025-07-13T15:09:05.526243Z", "fetched_at": "2025-07-13T15:10:49.948952+00:00", "symbol": "ADA-USD"}, {"trade_id": 143366513, "side": "sell", "size": "659.72996397", "price": "0.74960000", "time": "2025-07-13T15:09:05.509774Z", "fetched_at": "2025-07-13T15:10:49.948952+00:00", "symbol": "ADA-USD"}, {"trade_id": 143366512, "side": "sell", "size": "275.00859402", "price": "0.74960000", "time": "2025-07-13T15:09:05.509774Z", "fetched_at": "2025-07-13T15:10:49.948952+00:00", "symbol": "ADA-USD"}, {"trade_id": 143366511, "side": "sell", "size": "1802.28439676", "price": "0.74960000", "time": "2025-07-13T15:09:05.509774Z", "fetched_at": "2025-07-13T15:10:49.948952+00:00", "symbol": "ADA-USD"}, {"trade_id": 143366510, "side": "sell", "size": "316.40422437", "price": "0.74960000", "time": "2025-07-13T15:09:05.509774Z", "fetched_at": "2025-07-13T15:10:49.948952+00:00", "symbol": "ADA-USD"}, {"trade_id": 143366509, "side": "sell", "size": "442.45660982", "price": "0.74960000", "time": "2025-07-13T15:09:05.509774Z", "fetched_at": "2025-07-13T15:10:49.948952+00:00", "symbol": "ADA-USD"}, {"trade_id": 143366508, "side": "sell", "size": "1530.98307060", "price": "0.74950000", "time": "2025-07-13T15:09:05.501597Z", "fetched_at": "2025-07-13T15:10:49.948952+00:00", "symbol": "ADA-USD"}, {"trade_id": 143366507, "side": "sell", "size": "758.86083419", "price": "0.74950000", "time": "2025-07-13T15:09:05.501597Z", "fetched_at": "2025-07-13T15:10:49.948952+00:00", "symbol": "ADA-USD"}, {"trade_id": 143366506, "side": "sell", "size": "803.69049932", "price": "0.74950000", "time": "2025-07-13T15:09:05.501453Z", "fetched_at": "2025-07-13T15:10:49.948952+00:00", "symbol": "ADA-USD"}, {"trade_id": 143366505, "side": "sell", "size": "35.56757328", "price": "0.74950000", "time": "2025-07-13T15:09:05.501453Z", "fetched_at": "2025-07-13T15:10:49.948952+00:00", "symbol": "ADA-USD"}, {"trade_id": 143366504, "side": "sell", "size": "274.93242672", "price": "0.74950000", "time": "2025-07-13T15:09:05.501141Z", "fetched_at": "2025-07-13T15:10:49.948952+00:00", "symbol": "ADA-USD"}, {"trade_id": 143366503, "side": "sell", "size": "400.00000000", "price": "0.74950000", "time": "2025-07-13T15:09:05.501141Z", "fetched_at": "2025-07-13T15:10:49.948952+00:00", "symbol": "ADA-USD"}, {"trade_id": 143366502, "side": "sell", "size": "1679.72620000", "price": "0.74940000", "time": "2025-07-13T15:09:05.500856Z", "fetched_at": "2025-07-13T15:10:49.948952+00:00", "symbol": "ADA-USD"}, {"trade_id": 143366501, "side": "sell", "size": "4981.50000000", "price": "0.74940000", "time": "2025-07-13T15:09:05.500856Z", "fetched_at": "2025-07-13T15:10:49.948952+00:00", "symbol": "ADA-USD"}, {"trade_id": 143366500, "side": "sell", "size": "581.58233154", "price": "0.74940000", "time": "2025-07-13T15:09:05.500856Z", "fetched_at": "2025-07-13T15:10:49.948952+00:00", "symbol": "ADA-USD"}, {"trade_id": 143366499, "side": "sell", "size": "1681.66471000", "price": "0.74940000", "time": "2025-07-13T15:09:05.500856Z", "fetched_at": "2025-07-13T15:10:49.948952+00:00", "symbol": "ADA-USD"}, {"trade_id": 143366498, "side": "sell", "size": "667.24878641", "price": "0.74940000", "time": "2025-07-13T15:09:05.500856Z", "fetched_at": "2025-07-13T15:10:49.948952+00:00", "symbol": "ADA-USD"}, {"trade_id": 143366497, "side": "sell", "size": "275.00859402", "price": "0.74940000", "time": "2025-07-13T15:09:05.500856Z", "fetched_at": "2025-07-13T15:10:49.948952+00:00", "symbol": "ADA-USD"}, {"trade_id": 143366496, "side": "sell", "size": "758.86083419", "price": "0.74940000", "time": "2025-07-13T15:09:05.500856Z", "fetched_at": "2025-07-13T15:10:49.948952+00:00", "symbol": "ADA-USD"}, {"trade_id": 143366495, "side": "sell", "size": "400.00000000", "price": "0.74940000", "time": "2025-07-13T15:09:05.500856Z", "fetched_at": "2025-07-13T15:10:49.948952+00:00", "symbol": "ADA-USD"}, {"trade_id": 143366494, "side": "sell", "size": "310.50000000", "price": "0.74940000", "time": "2025-07-13T15:09:05.500856Z", "fetched_at": "2025-07-13T15:10:49.948952+00:00", "symbol": "ADA-USD"}, {"trade_id": 143366493, "side": "sell", "size": "790.26484708", "price": "0.74940000", "time": "2025-07-13T15:09:05.500856Z", "fetched_at": "2025-07-13T15:10:49.948952+00:00", "symbol": "ADA-USD"}, {"trade_id": 143366492, "side": "sell", "size": "909.70164596", "price": "0.74930000", "time": "2025-07-13T15:09:05.499563Z", "fetched_at": "2025-07-13T15:10:49.948952+00:00", "symbol": "ADA-USD"}, {"trade_id": 143366491, "side": "sell", "size": "2777.31441772", "price": "0.74930000", "time": "2025-07-13T15:09:05.499489Z", "fetched_at": "2025-07-13T15:10:49.948952+00:00", "symbol": "ADA-USD"}, {"trade_id": 143366490, "side": "sell", "size": "1715.95132832", "price": "0.74930000", "time": "2025-07-13T15:09:05.499489Z", "fetched_at": "2025-07-13T15:10:49.948952+00:00", "symbol": "ADA-USD"}, {"trade_id": 143366489, "side": "sell", "size": "339.66541838", "price": "0.74930000", "time": "2025-07-13T15:09:05.499489Z", "fetched_at": "2025-07-13T15:10:49.948952+00:00", "symbol": "ADA-USD"}, {"trade_id": 143366488, "side": "sell", "size": "419.19541581", "price": "0.74930000", "time": "2025-07-13T15:09:05.499136Z", "fetched_at": "2025-07-13T15:10:49.948952+00:00", "symbol": "ADA-USD"}, {"trade_id": 143366487, "side": "sell", "size": "400.00000000", "price": "0.74930000", "time": "2025-07-13T15:09:05.499136Z", "fetched_at": "2025-07-13T15:10:49.948952+00:00", "symbol": "ADA-USD"}, {"trade_id": 143366486, "side": "sell", "size": "51.07530583", "price": "0.74930000", "time": "2025-07-13T15:09:05.499136Z", "fetched_at": "2025-07-13T15:10:49.948952+00:00", "symbol": "ADA-USD"}, {"trade_id": 143366485, "side": "sell", "size": "11.15485709", "price": "0.74920000", "time": "2025-07-13T15:09:05.499136Z", "fetched_at": "2025-07-13T15:10:49.948952+00:00", "symbol": "ADA-USD"}, {"trade_id": 143366484, "side": "sell", "size": "11.83406346", "price": "0.74920000", "time": "2025-07-13T15:09:05.499136Z", "fetched_at": "2025-07-13T15:10:49.948952+00:00", "symbol": "ADA-USD"}, {"trade_id": 143366483, "side": "buy", "size": "0.72009600", "price": "0.74910000", "time": "2025-07-13T15:09:05.475759Z", "fetched_at": "2025-07-13T15:10:49.948952+00:00", "symbol": "ADA-USD"}, {"trade_id": 143366482, "side": "sell", "size": "25.91437700", "price": "0.74910000", "time": "2025-07-13T15:09:04.268593Z", "fetched_at": "2025-07-13T15:10:49.948952+00:00", "symbol": "ADA-USD"}, {"trade_id": 143366481, "side": "buy", "size": "1.66150006", "price": "0.74910000", "time": "2025-07-13T15:09:04.183585Z", "fetched_at": "2025-07-13T15:10:49.948952+00:00", "symbol": "ADA-USD"}, {"trade_id": 143366480, "side": "buy", "size": "1.50000000", "price": "0.74910000", "time": "2025-07-13T15:09:04.183585Z", "fetched_at": "2025-07-13T15:10:49.948952+00:00", "symbol": "ADA-USD"}, {"trade_id": 143366479, "side": "buy", "size": "1.94230133", "price": "0.74920000", "time": "2025-07-13T15:09:03.543390Z", "fetched_at": "2025-07-13T15:10:49.948952+00:00", "symbol": "ADA-USD"}, {"trade_id": 143366478, "side": "buy", "size": "1.50000000", "price": "0.74920000", "time": "2025-07-13T15:09:03.543390Z", "fetched_at": "2025-07-13T15:10:49.948952+00:00", "symbol": "ADA-USD"}, {"trade_id": 143366477, "side": "buy", "size": "2.32594293", "price": "0.74930000", "time": "2025-07-13T15:09:02.617474Z", "fetched_at": "2025-07-13T15:10:49.948952+00:00", "symbol": "ADA-USD"}, {"trade_id": 143366476, "side": "buy", "size": "1.50000000", "price": "0.74930000", "time": "2025-07-13T15:09:02.617474Z", "fetched_at": "2025-07-13T15:10:49.948952+00:00", "symbol": "ADA-USD"}, {"trade_id": 143366475, "side": "buy", "size": "3.36517228", "price": "0.74940000", "time": "2025-07-13T15:09:02.294173Z", "fetched_at": "2025-07-13T15:10:49.948952+00:00", "symbol": "ADA-USD"}, {"trade_id": 143366474, "side": "buy", "size": "1.50000000", "price": "0.74940000", "time": "2025-07-13T15:09:02.294173Z", "fetched_at": "2025-07-13T15:10:49.948952+00:00", "symbol": "ADA-USD"}, {"trade_id": 143366473, "side": "buy", "size": "665.86636642", "price": "0.74950000", "time": "2025-07-13T15:09:00.649057Z", "fetched_at": "2025-07-13T15:10:49.948952+00:00", "symbol": "ADA-USD"}, {"trade_id": 143366472, "side": "buy", "size": "3405.31728422", "price": "0.74950000", "time": "2025-07-13T15:09:00.649057Z", "fetched_at": "2025-07-13T15:10:49.948952+00:00", "symbol": "ADA-USD"}, {"trade_id": 143366471, "side": "buy", "size": "758.86083419", "price": "0.74950000", "time": "2025-07-13T15:09:00.649057Z", "fetched_at": "2025-07-13T15:10:49.948952+00:00", "symbol": "ADA-USD"}, {"trade_id": 143366470, "side": "buy", "size": "1.50000000", "price": "0.74950000", "time": "2025-07-13T15:09:00.649057Z", "fetched_at": "2025-07-13T15:10:49.948952+00:00", "symbol": "ADA-USD"}, {"trade_id": 143366469, "side": "buy", "size": "11.14827845", "price": "0.74960000", "time": "2025-07-13T15:09:00.649057Z", "fetched_at": "2025-07-13T15:10:49.948952+00:00", "symbol": "ADA-USD"}, {"trade_id": 143366468, "side": "buy", "size": "11.14827845", "price": "0.74960000", "time": "2025-07-13T15:08:59.417539Z", "fetched_at": "2025-07-13T15:10:49.948952+00:00", "symbol": "ADA-USD"}, {"trade_id": 143366467, "side": "buy", "size": "1.50000000", "price": "0.74960000", "time": "2025-07-13T15:08:59.417539Z", "fetched_at": "2025-07-13T15:10:49.948952+00:00", "symbol": "ADA-USD"}, {"trade_id": 143366466, "side": "buy", "size": "11.14679142", "price": "0.74970000", "time": "2025-07-13T15:08:59.335244Z", "fetched_at": "2025-07-13T15:10:49.948952+00:00", "symbol": "ADA-USD"}, {"trade_id": 143366465, "side": "buy", "size": "1.50000000", "price": "0.74970000", "time": "2025-07-13T15:08:59.335244Z", "fetched_at": "2025-07-13T15:10:49.948952+00:00", "symbol": "ADA-USD"}, {"trade_id": 143366464, "side": "buy", "size": "4983.10000000", "price": "0.74970000", "time": "2025-07-13T15:08:59.335244Z", "fetched_at": "2025-07-13T15:10:49.948952+00:00", "symbol": "ADA-USD"}, {"trade_id": 143366463, "side": "sell", "size": "99.97383596", "price": "0.75000000", "time": "2025-07-13T15:08:58.888824Z", "fetched_at": "2025-07-13T15:10:49.948952+00:00", "symbol": "ADA-USD"}, {"trade_id": 143366462, "side": "sell", "size": "106.31332000", "price": "0.75000000", "time": "2025-07-13T15:08:58.888824Z", "fetched_at": "2025-07-13T15:10:49.948952+00:00", "symbol": "ADA-USD"}, {"trade_id": 143366461, "side": "sell", "size": "21.03833504", "price": "0.75000000", "time": "2025-07-13T15:08:58.888824Z", "fetched_at": "2025-07-13T15:10:49.948952+00:00", "symbol": "ADA-USD"}, {"trade_id": 143366460, "side": "sell", "size": "1.50000000", "price": "0.75000000", "time": "2025-07-13T15:08:58.655132Z", "fetched_at": "2025-07-13T15:10:49.948952+00:00", "symbol": "ADA-USD"}, {"trade_id": 143366459, "side": "sell", "size": "85.02336060", "price": "0.74990000", "time": "2025-07-13T15:08:58.345727Z", "fetched_at": "2025-07-13T15:10:49.948952+00:00", "symbol": "ADA-USD"}, {"trade_id": 143366458, "side": "sell", "size": "2.84123780", "price": "0.74990000", "time": "2025-07-13T15:08:56.269069Z", "fetched_at": "2025-07-13T15:10:49.948952+00:00", "symbol": "ADA-USD"}, {"trade_id": 143366457, "side": "sell", "size": "1.50000000", "price": "0.74990000", "time": "2025-07-13T15:08:56.269069Z", "fetched_at": "2025-07-13T15:10:49.948952+00:00", "symbol": "ADA-USD"}, {"trade_id": 143366456, "side": "sell", "size": "8.00889201", "price": "0.74980000", "time": "2025-07-13T15:08:55.967885Z", "fetched_at": "2025-07-13T15:10:49.948952+00:00", "symbol": "ADA-USD"}, {"trade_id": 143366455, "side": "buy", "size": "147.01418990", "price": "0.74960000", "time": "2025-07-13T15:08:53.799088Z", "fetched_at": "2025-07-13T15:10:49.948952+00:00", "symbol": "ADA-USD"}, {"trade_id": 143366454, "side": "buy", "size": "458.71934785", "price": "0.74960000", "time": "2025-07-13T15:08:53.799088Z", "fetched_at": "2025-07-13T15:10:49.948952+00:00", "symbol": "ADA-USD"}, {"trade_id": 143366453, "side": "buy", "size": "300.14148634", "price": "0.74960000", "time": "2025-07-13T15:08:53.799088Z", "fetched_at": "2025-07-13T15:10:49.948952+00:00", "symbol": "ADA-USD"}, {"trade_id": 143366452, "side": "buy", "size": "667.01518261", "price": "0.74960000", "time": "2025-07-13T15:08:53.799088Z", "fetched_at": "2025-07-13T15:10:49.948952+00:00", "symbol": "ADA-USD"}, {"trade_id": 143366451, "side": "buy", "size": "310.50000000", "price": "0.74960000", "time": "2025-07-13T15:08:53.799088Z", "fetched_at": "2025-07-13T15:10:49.948952+00:00", "symbol": "ADA-USD"}, {"trade_id": 143366450, "side": "buy", "size": "50.00000000", "price": "0.74970000", "time": "2025-07-13T15:08:53.799088Z", "fetched_at": "2025-07-13T15:10:49.948952+00:00", "symbol": "ADA-USD"}, {"trade_id": 143366449, "side": "buy", "size": "310.50000000", "price": "0.74970000", "time": "2025-07-13T15:08:53.799088Z", "fetched_at": "2025-07-13T15:10:49.948952+00:00", "symbol": "ADA-USD"}, {"trade_id": 143366448, "side": "buy", "size": "51.00306000", "price": "0.74970000", "time": "2025-07-13T15:08:53.799088Z", "fetched_at": "2025-07-13T15:10:49.948952+00:00", "symbol": "ADA-USD"}, {"trade_id": 143366447, "side": "buy", "size": "11.14679142", "price": "0.74970000", "time": "2025-07-13T15:08:53.799088Z", "fetched_at": "2025-07-13T15:10:49.948952+00:00", "symbol": "ADA-USD"}, {"trade_id": 143366446, "side": "buy", "size": "73.95994188", "price": "0.74970000", "time": "2025-07-13T15:08:53.799088Z", "fetched_at": "2025-07-13T15:10:49.948952+00:00", "symbol": "ADA-USD"}, {"trade_id": 143366445, "side": "sell", "size": "106.31321596", "price": "0.74980000", "time": "2025-07-13T15:08:53.798071Z", "fetched_at": "2025-07-13T15:10:49.948952+00:00", "symbol": "ADA-USD"}, {"trade_id": 143366444, "side": "sell", "size": "1.50000000", "price": "0.74980000", "time": "2025-07-13T15:08:53.798071Z", "fetched_at": "2025-07-13T15:10:49.948952+00:00", "symbol": "ADA-USD"}, {"trade_id": 143366443, "side": "sell", "size": "4.23098404", "price": "0.74980000", "time": "2025-07-13T15:08:53.798071Z", "fetched_at": "2025-07-13T15:10:49.948952+00:00", "symbol": "ADA-USD"}, {"trade_id": 143366442, "side": "sell", "size": "17.68070500", "price": "0.74980000", "time": "2025-07-13T15:08:52.903913Z", "fetched_at": "2025-07-13T15:10:49.948952+00:00", "symbol": "ADA-USD"}, {"trade_id": 143366441, "side": "sell", "size": "21.24000000", "price": "0.74980000", "time": "2025-07-13T15:08:52.903913Z", "fetched_at": "2025-07-13T15:10:49.948952+00:00", "symbol": "ADA-USD"}, {"trade_id": 143366440, "side": "sell", "size": "1.50000000", "price": "0.74970000", "time": "2025-07-13T15:08:52.883034Z", "fetched_at": "2025-07-13T15:10:49.948952+00:00", "symbol": "ADA-USD"}, {"trade_id": 143366439, "side": "sell", "size": "1.50000000", "price": "0.74960000", "time": "2025-07-13T15:08:52.685614Z", "fetched_at": "2025-07-13T15:10:49.948952+00:00", "symbol": "ADA-USD"}, {"trade_id": 143366438, "side": "sell", "size": "1.50000000", "price": "0.74950000", "time": "2025-07-13T15:08:51.032881Z", "fetched_at": "2025-07-13T15:10:49.948952+00:00", "symbol": "ADA-USD"}, {"trade_id": 143366437, "side": "sell", "size": "2.94493692", "price": "0.74940000", "time": "2025-07-13T15:08:50.562959Z", "fetched_at": "2025-07-13T15:10:49.948952+00:00", "symbol": "ADA-USD"}, {"trade_id": 143366436, "side": "sell", "size": "1.50000000", "price": "0.74940000", "time": "2025-07-13T15:08:50.562959Z", "fetched_at": "2025-07-13T15:10:49.948952+00:00", "symbol": "ADA-USD"}, {"trade_id": 143366435, "side": "sell", "size": "9.81049754", "price": "0.74930000", "time": "2025-07-13T15:08:50.148997Z", "fetched_at": "2025-07-13T15:10:49.948952+00:00", "symbol": "ADA-USD"}, {"trade_id": 143366434, "side": "sell", "size": "1.50000000", "price": "0.74930000", "time": "2025-07-13T15:08:50.148997Z", "fetched_at": "2025-07-13T15:10:49.948952+00:00", "symbol": "ADA-USD"}, {"trade_id": 143366433, "side": "sell", "size": "11.15493654", "price": "0.74920000", "time": "2025-07-13T15:08:48.281272Z", "fetched_at": "2025-07-13T15:10:49.948952+00:00", "symbol": "ADA-USD"}, {"trade_id": 143366432, "side": "sell", "size": "3.39779943", "price": "0.74920000", "time": "2025-07-13T15:08:48.281272Z", "fetched_at": "2025-07-13T15:10:49.948952+00:00", "symbol": "ADA-USD"}, {"trade_id": 143366431, "side": "sell", "size": "86.61963660", "price": "0.74930000", "time": "2025-07-13T15:08:46.784710Z", "fetched_at": "2025-07-13T15:10:49.948952+00:00", "symbol": "ADA-USD"}, {"trade_id": 143366430, "side": "sell", "size": "316.77694691", "price": "0.74930000", "time": "2025-07-13T15:08:46.784710Z", "fetched_at": "2025-07-13T15:10:49.948952+00:00", "symbol": "ADA-USD"}, {"trade_id": 143366429, "side": "sell", "size": "426.30000000", "price": "0.74930000", "time": "2025-07-13T15:08:46.784710Z", "fetched_at": "2025-07-13T15:10:49.948952+00:00", "symbol": "ADA-USD"}, {"trade_id": 143366428, "side": "sell", "size": "704.08436610", "price": "0.74930000", "time": "2025-07-13T15:08:46.784710Z", "fetched_at": "2025-07-13T15:10:49.948952+00:00", "symbol": "ADA-USD"}, {"trade_id": 143366427, "side": "sell", "size": "400.00000000", "price": "0.74920000", "time": "2025-07-13T15:08:46.784710Z", "fetched_at": "2025-07-13T15:10:49.948952+00:00", "symbol": "ADA-USD"}, {"trade_id": 143366426, "side": "sell", "size": "11.15492677", "price": "0.74920000", "time": "2025-07-13T15:08:46.784710Z", "fetched_at": "2025-07-13T15:10:49.948952+00:00", "symbol": "ADA-USD"}, {"trade_id": 143366425, "side": "sell", "size": "51.00306000", "price": "0.74920000", "time": "2025-07-13T15:08:46.784710Z", "fetched_at": "2025-07-13T15:10:49.948952+00:00", "symbol": "ADA-USD"}, {"trade_id": 143366424, "side": "sell", "size": "659.08972317", "price": "0.74920000", "time": "2025-07-13T15:08:46.784710Z", "fetched_at": "2025-07-13T15:10:49.948952+00:00", "symbol": "ADA-USD"}, {"trade_id": 143366423, "side": "sell", "size": "646.99569745", "price": "0.74920000", "time": "2025-07-13T15:08:46.784710Z", "fetched_at": "2025-07-13T15:10:49.948952+00:00", "symbol": "ADA-USD"}, {"trade_id": 143366422, "side": "sell", "size": "1.50000000", "price": "0.74920000", "time": "2025-07-13T15:08:46.784710Z", "fetched_at": "2025-07-13T15:10:49.948952+00:00", "symbol": "ADA-USD"}, {"trade_id": 143366421, "side": "sell", "size": "0.94849257", "price": "0.74910000", "time": "2025-07-13T15:08:41.664112Z", "fetched_at": "2025-07-13T15:10:49.948952+00:00", "symbol": "ADA-USD"}, {"trade_id": 143366420, "side": "sell", "size": "649.96107294", "price": "0.74910000", "time": "2025-07-13T15:08:41.633239Z", "fetched_at": "2025-07-13T15:10:49.948952+00:00", "symbol": "ADA-USD"}, {"trade_id": 143366419, "side": "sell", "size": "11.15856423", "price": "0.74910000", "time": "2025-07-13T15:08:41.633239Z", "fetched_at": "2025-07-13T15:10:49.948952+00:00", "symbol": "ADA-USD"}, {"trade_id": 143366418, "side": "sell", "size": "743.07694691", "price": "0.74910000", "time": "2025-07-13T15:08:41.633239Z", "fetched_at": "2025-07-13T15:10:49.948952+00:00", "symbol": "ADA-USD"}, {"trade_id": 143366417, "side": "sell", "size": "624.69034228", "price": "0.74910000", "time": "2025-07-13T15:08:41.633239Z", "fetched_at": "2025-07-13T15:10:49.948952+00:00", "symbol": "ADA-USD"}, {"trade_id": 143366416, "side": "sell", "size": "310.50000000", "price": "0.74910000", "time": "2025-07-13T15:08:41.633239Z", "fetched_at": "2025-07-13T15:10:49.948952+00:00", "symbol": "ADA-USD"}, {"trade_id": 143366415, "side": "sell", "size": "4.53039924", "price": "0.74910000", "time": "2025-07-13T15:08:41.633239Z", "fetched_at": "2025-07-13T15:10:49.948952+00:00", "symbol": "ADA-USD"}, {"trade_id": 143366414, "side": "sell", "size": "328.98893370", "price": "0.74910000", "time": "2025-07-13T15:08:36.010890Z", "fetched_at": "2025-07-13T15:10:49.948952+00:00", "symbol": "ADA-USD"}, {"trade_id": 143366413, "side": "sell", "size": "6.01106630", "price": "0.74910000", "time": "2025-07-13T15:08:36.010890Z", "fetched_at": "2025-07-13T15:10:49.948952+00:00", "symbol": "ADA-USD"}, {"trade_id": 143366412, "side": "sell", "size": "530.51897838", "price": "0.74890000", "time": "2025-07-13T15:08:33.830655Z", "fetched_at": "2025-07-13T15:10:49.948952+00:00", "symbol": "ADA-USD"}, {"trade_id": 143366411, "side": "sell", "size": "335.85039924", "price": "0.74890000", "time": "2025-07-13T15:08:33.830655Z", "fetched_at": "2025-07-13T15:10:49.948952+00:00", "symbol": "ADA-USD"}, {"trade_id": 143366410, "side": "sell", "size": "407.22654767", "price": "0.74890000", "time": "2025-07-13T15:08:33.830655Z", "fetched_at": "2025-07-13T15:10:49.948952+00:00", "symbol": "ADA-USD"}, {"trade_id": 143366409, "side": "sell", "size": "6.04053232", "price": "0.74890000", "time": "2025-07-13T15:08:33.830655Z", "fetched_at": "2025-07-13T15:10:49.948952+00:00", "symbol": "ADA-USD"}, {"trade_id": 143366408, "side": "buy", "size": "1.50000000", "price": "0.74880000", "time": "2025-07-13T15:08:33.078119Z", "fetched_at": "2025-07-13T15:10:49.948952+00:00", "symbol": "ADA-USD"}, {"trade_id": 143366407, "side": "buy", "size": "1.50000000", "price": "0.74890000", "time": "2025-07-13T15:08:32.799197Z", "fetched_at": "2025-07-13T15:10:49.948952+00:00", "symbol": "ADA-USD"}, {"trade_id": 143366406, "side": "buy", "size": "1.50000000", "price": "0.74900000", "time": "2025-07-13T15:08:32.588624Z", "fetched_at": "2025-07-13T15:10:49.948952+00:00", "symbol": "ADA-USD"}, {"trade_id": 143366405, "side": "buy", "size": "1.59312568", "price": "0.74910000", "time": "2025-07-13T15:08:32.526504Z", "fetched_at": "2025-07-13T15:10:49.948952+00:00", "symbol": "ADA-USD"}, {"trade_id": 143366404, "side": "buy", "size": "1.50000000", "price": "0.74910000", "time": "2025-07-13T15:08:32.526504Z", "fetched_at": "2025-07-13T15:10:49.948952+00:00", "symbol": "ADA-USD"}, {"trade_id": 143366403, "side": "buy", "size": "7926.50488150", "price": "0.74910000", "time": "2025-07-13T15:08:32.526504Z", "fetched_at": "2025-07-13T15:10:49.948952+00:00", "symbol": "ADA-USD"}, {"trade_id": 143366402, "side": "buy", "size": "8273.47857126", "price": "0.74910000", "time": "2025-07-13T15:08:32.523178Z", "fetched_at": "2025-07-13T15:10:49.948952+00:00", "symbol": "ADA-USD"}, {"trade_id": 143366401, "side": "buy", "size": "1.58925534", "price": "0.74920000", "time": "2025-07-13T15:08:32.446610Z", "fetched_at": "2025-07-13T15:10:49.948952+00:00", "symbol": "ADA-USD"}, {"trade_id": 143366400, "side": "buy", "size": "1.50000000", "price": "0.74920000", "time": "2025-07-13T15:08:32.446610Z", "fetched_at": "2025-07-13T15:10:49.948952+00:00", "symbol": "ADA-USD"}, {"trade_id": 143366399, "side": "buy", "size": "1.87546765", "price": "0.74930000", "time": "2025-07-13T15:08:31.859445Z", "fetched_at": "2025-07-13T15:10:49.948952+00:00", "symbol": "ADA-USD"}, {"trade_id": 143366398, "side": "buy", "size": "1.50000000", "price": "0.74930000", "time": "2025-07-13T15:08:31.859445Z", "fetched_at": "2025-07-13T15:10:49.948952+00:00", "symbol": "ADA-USD"}, {"trade_id": 143366397, "side": "buy", "size": "2.23283424", "price": "0.74940000", "time": "2025-07-13T15:08:31.671511Z", "fetched_at": "2025-07-13T15:10:49.948952+00:00", "symbol": "ADA-USD"}, {"trade_id": 143366396, "side": "buy", "size": "1.99052256", "price": "0.74960000", "time": "2025-07-13T15:08:30.159939Z", "fetched_at": "2025-07-13T15:10:49.948952+00:00", "symbol": "ADA-USD"}, {"trade_id": 143366395, "side": "sell", "size": "259.25653500", "price": "0.74960000", "time": "2025-07-13T15:08:29.802532Z", "fetched_at": "2025-07-13T15:10:49.948952+00:00", "symbol": "ADA-USD"}, {"trade_id": 143366394, "side": "sell", "size": "181.60464500", "price": "0.74960000", "time": "2025-07-13T15:08:29.223568Z", "fetched_at": "2025-07-13T15:10:49.948952+00:00", "symbol": "ADA-USD"}, {"trade_id": 143366393, "side": "sell", "size": "50.00000000", "price": "0.74960000", "time": "2025-07-13T15:08:29.223568Z", "fetched_at": "2025-07-13T15:10:49.948952+00:00", "symbol": "ADA-USD"}, {"trade_id": 143366392, "side": "sell", "size": "51.00306000", "price": "0.74960000", "time": "2025-07-13T15:08:29.223568Z", "fetched_at": "2025-07-13T15:10:49.948952+00:00", "symbol": "ADA-USD"}, {"trade_id": 143366391, "side": "sell", "size": "106.31332000", "price": "0.74960000", "time": "2025-07-13T15:08:29.223568Z", "fetched_at": "2025-07-13T15:10:49.948952+00:00", "symbol": "ADA-USD"}, {"trade_id": 143366390, "side": "buy", "size": "2.57267417", "price": "0.74960000", "time": "2025-07-13T15:08:28.460164Z", "fetched_at": "2025-07-13T15:10:49.948952+00:00", "symbol": "ADA-USD"}, {"trade_id": 143366389, "side": "buy", "size": "50.00000000", "price": "0.74960000", "time": "2025-07-13T15:08:28.460164Z", "fetched_at": "2025-07-13T15:10:49.948952+00:00", "symbol": "ADA-USD"}, {"trade_id": 143366388, "side": "sell", "size": "190.68885083", "price": "0.74960000", "time": "2025-07-13T15:08:26.537067Z", "fetched_at": "2025-07-13T15:10:49.948952+00:00", "symbol": "ADA-USD"}, {"trade_id": 143366387, "side": "sell", "size": "748.78395732", "price": "0.74960000", "time": "2025-07-13T15:08:26.537067Z", "fetched_at": "2025-07-13T15:10:49.948952+00:00", "symbol": "ADA-USD"}, {"trade_id": 143366386, "side": "sell", "size": "10.05773185", "price": "0.74960000", "time": "2025-07-13T15:08:26.537067Z", "fetched_at": "2025-07-13T15:10:49.948952+00:00", "symbol": "ADA-USD"}, {"trade_id": 143366385, "side": "sell", "size": "51.00306000", "price": "0.74960000", "time": "2025-07-13T15:08:26.537067Z", "fetched_at": "2025-07-13T15:10:49.948952+00:00", "symbol": "ADA-USD"}, {"trade_id": 143366384, "side": "buy", "size": "2.33584154", "price": "0.74960000", "time": "2025-07-13T15:08:25.542179Z", "fetched_at": "2025-07-13T15:10:49.948952+00:00", "symbol": "ADA-USD"}, {"trade_id": 143366383, "side": "sell", "size": "13.41030914", "price": "0.74960000", "time": "2025-07-13T15:08:25.334557Z", "fetched_at": "2025-07-13T15:10:49.948952+00:00", "symbol": "ADA-USD"}, {"trade_id": 143366382, "side": "sell", "size": "362.13655676", "price": "0.74970000", "time": "2025-07-13T15:08:24.592412Z", "fetched_at": "2025-07-13T15:10:49.948952+00:00", "symbol": "ADA-USD"}, {"trade_id": 143366381, "side": "sell", "size": "1274.40529417", "price": "0.74970000", "time": "2025-07-13T15:08:24.592412Z", "fetched_at": "2025-07-13T15:10:49.948952+00:00", "symbol": "ADA-USD"}, {"trade_id": 143366380, "side": "sell", "size": "710.04400129", "price": "0.74970000", "time": "2025-07-13T15:08:24.592412Z", "fetched_at": "2025-07-13T15:10:49.948952+00:00", "symbol": "ADA-USD"}, {"trade_id": 143366379, "side": "sell", "size": "708.44593110", "price": "0.74970000", "time": "2025-07-13T15:08:24.592412Z", "fetched_at": "2025-07-13T15:10:49.948952+00:00", "symbol": "ADA-USD"}, {"trade_id": 143366378, "side": "sell", "size": "544.28462919", "price": "0.74970000", "time": "2025-07-13T15:08:24.592412Z", "fetched_at": "2025-07-13T15:10:49.948952+00:00", "symbol": "ADA-USD"}, {"trade_id": 143366377, "side": "sell", "size": "1.50000000", "price": "0.74970000", "time": "2025-07-13T15:08:24.592412Z", "fetched_at": "2025-07-13T15:10:49.948952+00:00", "symbol": "ADA-USD"}, {"trade_id": 143366376, "side": "sell", "size": "3.31890922", "price": "0.74970000", "time": "2025-07-13T15:08:24.592412Z", "fetched_at": "2025-07-13T15:10:49.948952+00:00", "symbol": "ADA-USD"}, {"trade_id": 143366375, "side": "sell", "size": "310.50000000", "price": "0.74960000", "time": "2025-07-13T15:08:24.592412Z", "fetched_at": "2025-07-13T15:10:49.948952+00:00", "symbol": "ADA-USD"}, {"trade_id": 143366374, "side": "sell", "size": "11.14953618", "price": "0.74960000", "time": "2025-07-13T15:08:24.592412Z", "fetched_at": "2025-07-13T15:10:49.948952+00:00", "symbol": "ADA-USD"}, {"trade_id": 143366373, "side": "sell", "size": "50.00000000", "price": "0.74960000", "time": "2025-07-13T15:08:24.592412Z", "fetched_at": "2025-07-13T15:10:49.948952+00:00", "symbol": "ADA-USD"}, {"trade_id": 143366372, "side": "sell", "size": "17.88041219", "price": "0.74960000", "time": "2025-07-13T15:08:24.592412Z", "fetched_at": "2025-07-13T15:10:49.948952+00:00", "symbol": "ADA-USD"}, {"trade_id": 143366371, "side": "sell", "size": "1.50000000", "price": "0.74960000", "time": "2025-07-13T15:08:22.387031Z", "fetched_at": "2025-07-13T15:10:49.948952+00:00", "symbol": "ADA-USD"}, {"trade_id": 143366370, "side": "sell", "size": "29.14493344", "price": "0.74960000", "time": "2025-07-13T15:08:22.387031Z", "fetched_at": "2025-07-13T15:10:49.948952+00:00", "symbol": "ADA-USD"}, {"trade_id": 143366369, "side": "sell", "size": "2.64246600", "price": "0.74960000", "time": "2025-07-13T15:08:21.698992Z", "fetched_at": "2025-07-13T15:10:49.948952+00:00", "symbol": "ADA-USD"}, {"trade_id": 143366368, "side": "buy", "size": "69.13353200", "price": "0.74950000", "time": "2025-07-13T15:08:19.166391Z", "fetched_at": "2025-07-13T15:10:49.948952+00:00", "symbol": "ADA-USD"}, {"trade_id": 143366367, "side": "sell", "size": "23.84054958", "price": "0.74940000", "time": "2025-07-13T15:08:18.672028Z", "fetched_at": "2025-07-13T15:10:49.948952+00:00", "symbol": "ADA-USD"}, {"trade_id": 143366366, "side": "sell", "size": "12.88050200", "price": "0.74960000", "time": "2025-07-13T15:08:17.711913Z", "fetched_at": "2025-07-13T15:10:49.948952+00:00", "symbol": "ADA-USD"}, {"trade_id": 143366365, "side": "buy", "size": "68.04941200", "price": "0.74940000", "time": "2025-07-13T15:08:14.840527Z", "fetched_at": "2025-07-13T15:10:49.948952+00:00", "symbol": "ADA-USD"}, {"trade_id": 143366364, "side": "sell", "size": "36.31013200", "price": "0.74960000", "time": "2025-07-13T15:08:14.454585Z", "fetched_at": "2025-07-13T15:10:49.948952+00:00", "symbol": "ADA-USD"}, {"trade_id": 143366363, "side": "sell", "size": "1.50000000", "price": "0.74960000", "time": "2025-07-13T15:08:14.454585Z", "fetched_at": "2025-07-13T15:10:49.948952+00:00", "symbol": "ADA-USD"}, {"trade_id": 143366362, "side": "sell", "size": "1.50000000", "price": "0.74950000", "time": "2025-07-13T15:08:14.454585Z", "fetched_at": "2025-07-13T15:10:49.948952+00:00", "symbol": "ADA-USD"}, {"trade_id": 143366361, "side": "buy", "size": "705.06171258", "price": "0.74910000", "time": "2025-07-13T15:08:12.355792Z", "fetched_at": "2025-07-13T15:10:49.948952+00:00", "symbol": "ADA-USD"}, {"trade_id": 143366360, "side": "buy", "size": "275.00859402", "price": "0.74920000", "time": "2025-07-13T15:08:12.355792Z", "fetched_at": "2025-07-13T15:10:49.948952+00:00", "symbol": "ADA-USD"}, {"trade_id": 143366359, "side": "buy", "size": "981.50000000", "price": "0.74920000", "time": "2025-07-13T15:08:12.355792Z", "fetched_at": "2025-07-13T15:10:49.948952+00:00", "symbol": "ADA-USD"}, {"trade_id": 143366358, "side": "buy", "size": "310.50000000", "price": "0.74920000", "time": "2025-07-13T15:08:12.355792Z", "fetched_at": "2025-07-13T15:10:49.948952+00:00", "symbol": "ADA-USD"}, {"trade_id": 143366357, "side": "buy", "size": "981.50000000", "price": "0.74930000", "time": "2025-07-13T15:08:12.355792Z", "fetched_at": "2025-07-13T15:10:49.948952+00:00", "symbol": "ADA-USD"}, {"trade_id": 143366356, "side": "buy", "size": "86.65663340", "price": "0.74930000", "time": "2025-07-13T15:08:12.355792Z", "fetched_at": "2025-07-13T15:10:49.948952+00:00", "symbol": "ADA-USD"}, {"trade_id": 143366355, "side": "buy", "size": "51.00306000", "price": "0.74930000", "time": "2025-07-13T15:08:12.355792Z", "fetched_at": "2025-07-13T15:10:49.948952+00:00", "symbol": "ADA-USD"}, {"trade_id": 143366354, "side": "sell", "size": "1.50000000", "price": "0.74940000", "time": "2025-07-13T15:08:12.329489Z", "fetched_at": "2025-07-13T15:10:49.948952+00:00", "symbol": "ADA-USD"}, {"trade_id": 143366353, "side": "sell", "size": "51.00306000", "price": "0.74930000", "time": "2025-07-13T15:08:11.213655Z", "fetched_at": "2025-07-13T15:10:49.948952+00:00", "symbol": "ADA-USD"}, {"trade_id": 143366352, "side": "buy", "size": "528.24281683", "price": "0.74920000", "time": "2025-07-13T15:08:11.205994Z", "fetched_at": "2025-07-13T15:10:49.948952+00:00", "symbol": "ADA-USD"}, {"trade_id": 143366351, "side": "buy", "size": "667.37853710", "price": "0.74920000", "time": "2025-07-13T15:08:11.205994Z", "fetched_at": "2025-07-13T15:10:49.948952+00:00", "symbol": "ADA-USD"}, {"trade_id": 143366350, "side": "buy", "size": "500.00000000", "price": "0.74920000", "time": "2025-07-13T15:08:11.205994Z", "fetched_at": "2025-07-13T15:10:49.948952+00:00", "symbol": "ADA-USD"}