[{"trade_id": 143343158, "side": "sell", "size": "677.72106647", "price": "0.73780000", "time": "2025-07-13T13:10:47.004846Z", "fetched_at": "2025-07-13T13:10:50.539709+00:00", "symbol": "ADA-USD"}, {"trade_id": 143343157, "side": "sell", "size": "50.00000000", "price": "0.73780000", "time": "2025-07-13T13:10:47.004846Z", "fetched_at": "2025-07-13T13:10:50.539709+00:00", "symbol": "ADA-USD"}, {"trade_id": 143343156, "side": "sell", "size": "7.82436938", "price": "0.73770000", "time": "2025-07-13T13:10:47.004846Z", "fetched_at": "2025-07-13T13:10:50.539709+00:00", "symbol": "ADA-USD"}, {"trade_id": 143343155, "side": "buy", "size": "13.58638524", "price": "0.73770000", "time": "2025-07-13T13:10:46.800784Z", "fetched_at": "2025-07-13T13:10:50.539709+00:00", "symbol": "ADA-USD"}, {"trade_id": 143343154, "side": "buy", "size": "1.50000000", "price": "0.73760000", "time": "2025-07-13T13:10:46.733207Z", "fetched_at": "2025-07-13T13:10:50.539709+00:00", "symbol": "ADA-USD"}, {"trade_id": 143343153, "side": "buy", "size": "18.11517223", "price": "0.73770000", "time": "2025-07-13T13:10:46.725766Z", "fetched_at": "2025-07-13T13:10:50.539709+00:00", "symbol": "ADA-USD"}, {"trade_id": 143343152, "side": "buy", "size": "19.50550777", "price": "0.73770000", "time": "2025-07-13T13:10:46.725766Z", "fetched_at": "2025-07-13T13:10:50.539709+00:00", "symbol": "ADA-USD"}, {"trade_id": 143343151, "side": "buy", "size": "24.15357377", "price": "0.73780000", "time": "2025-07-13T13:10:46.725218Z", "fetched_at": "2025-07-13T13:10:50.539709+00:00", "symbol": "ADA-USD"}, {"trade_id": 143343150, "side": "buy", "size": "0.00006503", "price": "0.73790000", "time": "2025-07-13T13:10:46.724954Z", "fetched_at": "2025-07-13T13:10:50.539709+00:00", "symbol": "ADA-USD"}, {"trade_id": 143343149, "side": "buy", "size": "32.20470000", "price": "0.73790000", "time": "2025-07-13T13:10:46.724651Z", "fetched_at": "2025-07-13T13:10:50.539709+00:00", "symbol": "ADA-USD"}, {"trade_id": 143343148, "side": "buy", "size": "1.50000000", "price": "0.73770000", "time": "2025-07-13T13:10:46.715886Z", "fetched_at": "2025-07-13T13:10:50.539709+00:00", "symbol": "ADA-USD"}, {"trade_id": 143343147, "side": "buy", "size": "259.30646512", "price": "0.73770000", "time": "2025-07-13T13:10:46.715886Z", "fetched_at": "2025-07-13T13:10:50.539709+00:00", "symbol": "ADA-USD"}, {"trade_id": 143343146, "side": "buy", "size": "51.19353488", "price": "0.73770000", "time": "2025-07-13T13:10:46.714041Z", "fetched_at": "2025-07-13T13:10:50.539709+00:00", "symbol": "ADA-USD"}, {"trade_id": 143343145, "side": "buy", "size": "1444.36921688", "price": "0.73780000", "time": "2025-07-13T13:10:46.714041Z", "fetched_at": "2025-07-13T13:10:50.539709+00:00", "symbol": "ADA-USD"}, {"trade_id": 143343144, "side": "buy", "size": "1320.70132004", "price": "0.73780000", "time": "2025-07-13T13:10:46.714041Z", "fetched_at": "2025-07-13T13:10:50.539709+00:00", "symbol": "ADA-USD"}, {"trade_id": 143343143, "side": "buy", "size": "275.00859402", "price": "0.73780000", "time": "2025-07-13T13:10:46.714041Z", "fetched_at": "2025-07-13T13:10:50.539709+00:00", "symbol": "ADA-USD"}, {"trade_id": 143343142, "side": "buy", "size": "1.50000000", "price": "0.73780000", "time": "2025-07-13T13:10:46.714041Z", "fetched_at": "2025-07-13T13:10:50.539709+00:00", "symbol": "ADA-USD"}, {"trade_id": 143343141, "side": "buy", "size": "671.79677418", "price": "0.73780000", "time": "2025-07-13T13:10:46.714041Z", "fetched_at": "2025-07-13T13:10:50.539709+00:00", "symbol": "ADA-USD"}, {"trade_id": 143343140, "side": "buy", "size": "310.50000000", "price": "0.73780000", "time": "2025-07-13T13:10:46.714041Z", "fetched_at": "2025-07-13T13:10:50.539709+00:00", "symbol": "ADA-USD"}, {"trade_id": 143343139, "side": "buy", "size": "677.58552551", "price": "0.73790000", "time": "2025-07-13T13:10:46.713747Z", "fetched_at": "2025-07-13T13:10:50.539709+00:00", "symbol": "ADA-USD"}, {"trade_id": 143343138, "side": "buy", "size": "1.50000000", "price": "0.73790000", "time": "2025-07-13T13:10:46.713747Z", "fetched_at": "2025-07-13T13:10:50.539709+00:00", "symbol": "ADA-USD"}, {"trade_id": 143343137, "side": "buy", "size": "310.50000000", "price": "0.73790000", "time": "2025-07-13T13:10:46.713747Z", "fetched_at": "2025-07-13T13:10:50.539709+00:00", "symbol": "ADA-USD"}, {"trade_id": 143343136, "side": "buy", "size": "275.00859402", "price": "0.73800000", "time": "2025-07-13T13:10:46.713747Z", "fetched_at": "2025-07-13T13:10:50.539709+00:00", "symbol": "ADA-USD"}, {"trade_id": 143343135, "side": "buy", "size": "1.50000000", "price": "0.73800000", "time": "2025-07-13T13:10:46.713747Z", "fetched_at": "2025-07-13T13:10:50.539709+00:00", "symbol": "ADA-USD"}, {"trade_id": 143343134, "side": "buy", "size": "310.50000000", "price": "0.73800000", "time": "2025-07-13T13:10:46.713747Z", "fetched_at": "2025-07-13T13:10:50.539709+00:00", "symbol": "ADA-USD"}, {"trade_id": 143343133, "side": "buy", "size": "5872.37560556", "price": "0.73810000", "time": "2025-07-13T13:10:46.713747Z", "fetched_at": "2025-07-13T13:10:50.539709+00:00", "symbol": "ADA-USD"}, {"trade_id": 143343132, "side": "buy", "size": "70.86167000", "price": "0.73810000", "time": "2025-07-13T13:10:46.713376Z", "fetched_at": "2025-07-13T13:10:50.539709+00:00", "symbol": "ADA-USD"}, {"trade_id": 143343131, "side": "buy", "size": "70.86167000", "price": "0.73810000", "time": "2025-07-13T13:10:46.713238Z", "fetched_at": "2025-07-13T13:10:50.539709+00:00", "symbol": "ADA-USD"}, {"trade_id": 143343130, "side": "buy", "size": "4034.30105444", "price": "0.73810000", "time": "2025-07-13T13:10:46.712480Z", "fetched_at": "2025-07-13T13:10:50.539709+00:00", "symbol": "ADA-USD"}, {"trade_id": 143343129, "side": "buy", "size": "807.92651588", "price": "0.73810000", "time": "2025-07-13T13:10:46.712480Z", "fetched_at": "2025-07-13T13:10:50.539709+00:00", "symbol": "ADA-USD"}, {"trade_id": 143343128, "side": "buy", "size": "400.00000000", "price": "0.73810000", "time": "2025-07-13T13:10:46.712480Z", "fetched_at": "2025-07-13T13:10:50.539709+00:00", "symbol": "ADA-USD"}, {"trade_id": 143343127, "side": "buy", "size": "310.50000000", "price": "0.73810000", "time": "2025-07-13T13:10:46.712480Z", "fetched_at": "2025-07-13T13:10:50.539709+00:00", "symbol": "ADA-USD"}, {"trade_id": 143343126, "side": "buy", "size": "310.50000000", "price": "0.73820000", "time": "2025-07-13T13:10:46.712480Z", "fetched_at": "2025-07-13T13:10:50.539709+00:00", "symbol": "ADA-USD"}, {"trade_id": 143343125, "side": "buy", "size": "13.54462956", "price": "0.73830000", "time": "2025-07-13T13:10:46.712480Z", "fetched_at": "2025-07-13T13:10:50.539709+00:00", "symbol": "ADA-USD"}, {"trade_id": 143343124, "side": "buy", "size": "202.28336700", "price": "0.73840000", "time": "2025-07-13T13:10:46.312340Z", "fetched_at": "2025-07-13T13:10:50.539709+00:00", "symbol": "ADA-USD"}, {"trade_id": 143343123, "side": "buy", "size": "13.54096141", "price": "0.73850000", "time": "2025-07-13T13:10:45.533817Z", "fetched_at": "2025-07-13T13:10:50.539709+00:00", "symbol": "ADA-USD"}, {"trade_id": 143343122, "side": "buy", "size": "122.68803000", "price": "0.73850000", "time": "2025-07-13T13:10:45.114421Z", "fetched_at": "2025-07-13T13:10:50.539709+00:00", "symbol": "ADA-USD"}, {"trade_id": 143343121, "side": "buy", "size": "21.73377420", "price": "0.73840000", "time": "2025-07-13T13:10:44.202010Z", "fetched_at": "2025-07-13T13:10:50.539709+00:00", "symbol": "ADA-USD"}, {"trade_id": 143343120, "side": "buy", "size": "114.48628000", "price": "0.73840000", "time": "2025-07-13T13:10:44.202010Z", "fetched_at": "2025-07-13T13:10:50.539709+00:00", "symbol": "ADA-USD"}, {"trade_id": 143343119, "side": "buy", "size": "70.86167000", "price": "0.73840000", "time": "2025-07-13T13:10:44.034079Z", "fetched_at": "2025-07-13T13:10:50.539709+00:00", "symbol": "ADA-USD"}, {"trade_id": 143343118, "side": "buy", "size": "102.71740394", "price": "0.73820000", "time": "2025-07-13T13:10:41.882198Z", "fetched_at": "2025-07-13T13:10:50.539709+00:00", "symbol": "ADA-USD"}, {"trade_id": 143343117, "side": "buy", "size": "19.97062606", "price": "0.73830000", "time": "2025-07-13T13:10:41.882198Z", "fetched_at": "2025-07-13T13:10:50.539709+00:00", "symbol": "ADA-USD"}, {"trade_id": 143343116, "side": "sell", "size": "50.00000000", "price": "0.73830000", "time": "2025-07-13T13:10:41.880775Z", "fetched_at": "2025-07-13T13:10:50.539709+00:00", "symbol": "ADA-USD"}, {"trade_id": 143343115, "side": "sell", "size": "196.68129479", "price": "0.73830000", "time": "2025-07-13T13:10:41.879418Z", "fetched_at": "2025-07-13T13:10:50.539709+00:00", "symbol": "ADA-USD"}, {"trade_id": 143343114, "side": "sell", "size": "1.90190682", "price": "0.73830000", "time": "2025-07-13T13:10:41.879418Z", "fetched_at": "2025-07-13T13:10:50.539709+00:00", "symbol": "ADA-USD"}, {"trade_id": 143343113, "side": "sell", "size": "275.00859402", "price": "0.73830000", "time": "2025-07-13T13:10:41.878984Z", "fetched_at": "2025-07-13T13:10:50.539709+00:00", "symbol": "ADA-USD"}, {"trade_id": 143343112, "side": "sell", "size": "1509.49095916", "price": "0.73830000", "time": "2025-07-13T13:10:41.876144Z", "fetched_at": "2025-07-13T13:10:50.539709+00:00", "symbol": "ADA-USD"}, {"trade_id": 143343111, "side": "sell", "size": "672.25572210", "price": "0.73830000", "time": "2025-07-13T13:10:41.876144Z", "fetched_at": "2025-07-13T13:10:50.539709+00:00", "symbol": "ADA-USD"}, {"trade_id": 143343110, "side": "sell", "size": "740.50122582", "price": "0.73830000", "time": "2025-07-13T13:10:41.876144Z", "fetched_at": "2025-07-13T13:10:50.539709+00:00", "symbol": "ADA-USD"}, {"trade_id": 143343109, "side": "sell", "size": "770.29007208", "price": "0.73830000", "time": "2025-07-13T13:10:41.876144Z", "fetched_at": "2025-07-13T13:10:50.539709+00:00", "symbol": "ADA-USD"}, {"trade_id": 143343108, "side": "sell", "size": "103.72671105", "price": "0.73830000", "time": "2025-07-13T13:10:41.876144Z", "fetched_at": "2025-07-13T13:10:50.539709+00:00", "symbol": "ADA-USD"}, {"trade_id": 143343107, "side": "sell", "size": "1795.85082718", "price": "0.73830000", "time": "2025-07-13T13:10:41.875932Z", "fetched_at": "2025-07-13T13:10:50.539709+00:00", "symbol": "ADA-USD"}, {"trade_id": 143343106, "side": "sell", "size": "1.90190682", "price": "0.73820000", "time": "2025-07-13T13:10:41.875932Z", "fetched_at": "2025-07-13T13:10:50.539709+00:00", "symbol": "ADA-USD"}, {"trade_id": 143343105, "side": "sell", "size": "275.00859402", "price": "0.73820000", "time": "2025-07-13T13:10:41.875932Z", "fetched_at": "2025-07-13T13:10:50.539709+00:00", "symbol": "ADA-USD"}, {"trade_id": 143343104, "side": "sell", "size": "1.90190682", "price": "0.73820000", "time": "2025-07-13T13:10:41.871398Z", "fetched_at": "2025-07-13T13:10:50.539709+00:00", "symbol": "ADA-USD"}, {"trade_id": 143343103, "side": "sell", "size": "275.00859402", "price": "0.73820000", "time": "2025-07-13T13:10:41.871398Z", "fetched_at": "2025-07-13T13:10:50.539709+00:00", "symbol": "ADA-USD"}, {"trade_id": 143343102, "side": "sell", "size": "5.16772476", "price": "0.73810000", "time": "2025-07-13T13:10:41.049965Z", "fetched_at": "2025-07-13T13:10:50.539709+00:00", "symbol": "ADA-USD"}, {"trade_id": 143343101, "side": "sell", "size": "611.62561041", "price": "0.73810000", "time": "2025-07-13T13:10:41.049965Z", "fetched_at": "2025-07-13T13:10:50.539709+00:00", "symbol": "ADA-USD"}, {"trade_id": 143343100, "side": "sell", "size": "65.78937400", "price": "0.73810000", "time": "2025-07-13T13:10:40.921462Z", "fetched_at": "2025-07-13T13:10:50.539709+00:00", "symbol": "ADA-USD"}, {"trade_id": 143343099, "side": "buy", "size": "20.86167000", "price": "0.73810000", "time": "2025-07-13T13:10:39.224956Z", "fetched_at": "2025-07-13T13:10:50.539709+00:00", "symbol": "ADA-USD"}, {"trade_id": 143343098, "side": "buy", "size": "50.00000000", "price": "0.73810000", "time": "2025-07-13T13:10:39.224956Z", "fetched_at": "2025-07-13T13:10:50.539709+00:00", "symbol": "ADA-USD"}, {"trade_id": 143343097, "side": "sell", "size": "13.08642765", "price": "0.73810000", "time": "2025-07-13T13:10:39.154419Z", "fetched_at": "2025-07-13T13:10:50.539709+00:00", "symbol": "ADA-USD"}, {"trade_id": 143343096, "side": "sell", "size": "275.00859402", "price": "0.73800000", "time": "2025-07-13T13:10:38.896405Z", "fetched_at": "2025-07-13T13:10:50.539709+00:00", "symbol": "ADA-USD"}, {"trade_id": 143343095, "side": "buy", "size": "122.68803000", "price": "0.73810000", "time": "2025-07-13T13:10:38.449168Z", "fetched_at": "2025-07-13T13:10:50.539709+00:00", "symbol": "ADA-USD"}, {"trade_id": 143343094, "side": "buy", "size": "171.72942000", "price": "0.73810000", "time": "2025-07-13T13:10:38.386383Z", "fetched_at": "2025-07-13T13:10:50.539709+00:00", "symbol": "ADA-USD"}, {"trade_id": 143343093, "side": "sell", "size": "275.00859402", "price": "0.73820000", "time": "2025-07-13T13:10:38.386191Z", "fetched_at": "2025-07-13T13:10:50.539709+00:00", "symbol": "ADA-USD"}, {"trade_id": 143343092, "side": "sell", "size": "3115.42246177", "price": "0.73830000", "time": "2025-07-13T13:10:38.379803Z", "fetched_at": "2025-07-13T13:10:50.539709+00:00", "symbol": "ADA-USD"}, {"trade_id": 143343091, "side": "sell", "size": "769.54353853", "price": "0.73830000", "time": "2025-07-13T13:10:38.379803Z", "fetched_at": "2025-07-13T13:10:50.539709+00:00", "symbol": "ADA-USD"}, {"trade_id": 143343090, "side": "sell", "size": "310.50000000", "price": "0.73830000", "time": "2025-07-13T13:10:38.379803Z", "fetched_at": "2025-07-13T13:10:50.539709+00:00", "symbol": "ADA-USD"}, {"trade_id": 143343089, "side": "sell", "size": "13.54170711", "price": "0.73810000", "time": "2025-07-13T13:10:38.379803Z", "fetched_at": "2025-07-13T13:10:50.539709+00:00", "symbol": "ADA-USD"}, {"trade_id": 143343088, "side": "sell", "size": "50.00000000", "price": "0.73820000", "time": "2025-07-13T13:10:38.378644Z", "fetched_at": "2025-07-13T13:10:50.539709+00:00", "symbol": "ADA-USD"}, {"trade_id": 143343087, "side": "sell", "size": "275.00859402", "price": "0.73820000", "time": "2025-07-13T13:10:38.378644Z", "fetched_at": "2025-07-13T13:10:50.539709+00:00", "symbol": "ADA-USD"}, {"trade_id": 143343086, "side": "sell", "size": "310.50000000", "price": "0.73820000", "time": "2025-07-13T13:10:38.373980Z", "fetched_at": "2025-07-13T13:10:50.539709+00:00", "symbol": "ADA-USD"}, {"trade_id": 143343085, "side": "sell", "size": "13.54170711", "price": "0.73810000", "time": "2025-07-13T13:10:38.373980Z", "fetched_at": "2025-07-13T13:10:50.539709+00:00", "symbol": "ADA-USD"}, {"trade_id": 143343084, "side": "buy", "size": "122.68803000", "price": "0.73800000", "time": "2025-07-13T13:10:38.327563Z", "fetched_at": "2025-07-13T13:10:50.539709+00:00", "symbol": "ADA-USD"}, {"trade_id": 143343083, "side": "buy", "size": "114.48628000", "price": "0.73800000", "time": "2025-07-13T13:10:38.327563Z", "fetched_at": "2025-07-13T13:10:50.539709+00:00", "symbol": "ADA-USD"}, {"trade_id": 143343082, "side": "sell", "size": "5010.50000000", "price": "0.73810000", "time": "2025-07-13T13:10:38.320615Z", "fetched_at": "2025-07-13T13:10:50.539709+00:00", "symbol": "ADA-USD"}, {"trade_id": 143343081, "side": "sell", "size": "12.99687660", "price": "0.73810000", "time": "2025-07-13T13:10:38.320615Z", "fetched_at": "2025-07-13T13:10:50.539709+00:00", "symbol": "ADA-USD"}, {"trade_id": 143343080, "side": "buy", "size": "310.50000000", "price": "0.73800000", "time": "2025-07-13T13:10:38.317752Z", "fetched_at": "2025-07-13T13:10:50.539709+00:00", "symbol": "ADA-USD"}, {"trade_id": 143343079, "side": "buy", "size": "11.25807570", "price": "0.73810000", "time": "2025-07-13T13:10:38.304804Z", "fetched_at": "2025-07-13T13:10:50.539709+00:00", "symbol": "ADA-USD"}, {"trade_id": 143343078, "side": "sell", "size": "18.69635035", "price": "0.73800000", "time": "2025-07-13T13:10:38.272412Z", "fetched_at": "2025-07-13T13:10:50.539709+00:00", "symbol": "ADA-USD"}, {"trade_id": 143343077, "side": "sell", "size": "63.68437099", "price": "0.73800000", "time": "2025-07-13T13:10:38.272412Z", "fetched_at": "2025-07-13T13:10:50.539709+00:00", "symbol": "ADA-USD"}, {"trade_id": 143343076, "side": "sell", "size": "1.35604993", "price": "0.73800000", "time": "2025-07-13T13:10:38.272412Z", "fetched_at": "2025-07-13T13:10:50.539709+00:00", "symbol": "ADA-USD"}, {"trade_id": 143343075, "side": "sell", "size": "23.19193341", "price": "0.73780000", "time": "2025-07-13T13:10:38.248778Z", "fetched_at": "2025-07-13T13:10:50.539709+00:00", "symbol": "ADA-USD"}, {"trade_id": 143343074, "side": "sell", "size": "25.58838228", "price": "0.73780000", "time": "2025-07-13T13:10:38.248778Z", "fetched_at": "2025-07-13T13:10:50.539709+00:00", "symbol": "ADA-USD"}, {"trade_id": 143343073, "side": "sell", "size": "310.50000000", "price": "0.73780000", "time": "2025-07-13T13:10:38.248778Z", "fetched_at": "2025-07-13T13:10:50.539709+00:00", "symbol": "ADA-USD"}, {"trade_id": 143343072, "side": "buy", "size": "5.42419974", "price": "0.73780000", "time": "2025-07-13T13:10:38.236649Z", "fetched_at": "2025-07-13T13:10:50.539709+00:00", "symbol": "ADA-USD"}, {"trade_id": 143343071, "side": "buy", "size": "3871.22883844", "price": "0.73760000", "time": "2025-07-13T13:10:38.231483Z", "fetched_at": "2025-07-13T13:10:50.539709+00:00", "symbol": "ADA-USD"}, {"trade_id": 143343070, "side": "buy", "size": "677.69043101", "price": "0.73780000", "time": "2025-07-13T13:10:38.231483Z", "fetched_at": "2025-07-13T13:10:50.539709+00:00", "symbol": "ADA-USD"}, {"trade_id": 143343069, "side": "buy", "size": "269.86886423", "price": "0.73790000", "time": "2025-07-13T13:10:38.231483Z", "fetched_at": "2025-07-13T13:10:50.539709+00:00", "symbol": "ADA-USD"}, {"trade_id": 143343068, "side": "buy", "size": "7.23226632", "price": "0.73810000", "time": "2025-07-13T13:10:38.231483Z", "fetched_at": "2025-07-13T13:10:50.539709+00:00", "symbol": "ADA-USD"}, {"trade_id": 143343067, "side": "buy", "size": "14654.85265297", "price": "0.73740000", "time": "2025-07-13T13:10:38.223444Z", "fetched_at": "2025-07-13T13:10:50.539709+00:00", "symbol": "ADA-USD"}, {"trade_id": 143343066, "side": "buy", "size": "310.50000000", "price": "0.73740000", "time": "2025-07-13T13:10:38.223444Z", "fetched_at": "2025-07-13T13:10:50.539709+00:00", "symbol": "ADA-USD"}, {"trade_id": 143343065, "side": "buy", "size": "1594.12771900", "price": "0.73740000", "time": "2025-07-13T13:10:38.223444Z", "fetched_at": "2025-07-13T13:10:50.539709+00:00", "symbol": "ADA-USD"}, {"trade_id": 143343064, "side": "buy", "size": "275.00859402", "price": "0.73740000", "time": "2025-07-13T13:10:38.223444Z", "fetched_at": "2025-07-13T13:10:50.539709+00:00", "symbol": "ADA-USD"}, {"trade_id": 143343063, "side": "buy", "size": "770.29007208", "price": "0.73740000", "time": "2025-07-13T13:10:38.223444Z", "fetched_at": "2025-07-13T13:10:50.539709+00:00", "symbol": "ADA-USD"}, {"trade_id": 143343062, "side": "buy", "size": "9764.94141537", "price": "0.73750000", "time": "2025-07-13T13:10:38.223444Z", "fetched_at": "2025-07-13T13:10:50.539709+00:00", "symbol": "ADA-USD"}, {"trade_id": 143343061, "side": "buy", "size": "1100.00000000", "price": "0.73750000", "time": "2025-07-13T13:10:38.223444Z", "fetched_at": "2025-07-13T13:10:50.539709+00:00", "symbol": "ADA-USD"}, {"trade_id": 143343060, "side": "buy", "size": "37719.72055866", "price": "0.73750000", "time": "2025-07-13T13:10:38.223444Z", "fetched_at": "2025-07-13T13:10:50.539709+00:00", "symbol": "ADA-USD"}, {"trade_id": 143343059, "side": "buy", "size": "5682.97434588", "price": "0.73750000", "time": "2025-07-13T13:10:38.223444Z", "fetched_at": "2025-07-13T13:10:50.539709+00:00", "symbol": "ADA-USD"}, {"trade_id": 143343058, "side": "buy", "size": "599.21126007", "price": "0.73750000", "time": "2025-07-13T13:10:38.223444Z", "fetched_at": "2025-07-13T13:10:50.539709+00:00", "symbol": "ADA-USD"}, {"trade_id": 143343057, "side": "buy", "size": "770.29007208", "price": "0.73750000", "time": "2025-07-13T13:10:38.223444Z", "fetched_at": "2025-07-13T13:10:50.539709+00:00", "symbol": "ADA-USD"}, {"trade_id": 143343056, "side": "buy", "size": "310.50000000", "price": "0.73750000", "time": "2025-07-13T13:10:38.223444Z", "fetched_at": "2025-07-13T13:10:50.539709+00:00", "symbol": "ADA-USD"}, {"trade_id": 143343055, "side": "buy", "size": "1.50000000", "price": "0.73750000", "time": "2025-07-13T13:10:38.223444Z", "fetched_at": "2025-07-13T13:10:50.539709+00:00", "symbol": "ADA-USD"}, {"trade_id": 143343054, "side": "buy", "size": "20698.60806000", "price": "0.73760000", "time": "2025-07-13T13:10:38.223444Z", "fetched_at": "2025-07-13T13:10:50.539709+00:00", "symbol": "ADA-USD"}, {"trade_id": 143343053, "side": "buy", "size": "653.39694141", "price": "0.73760000", "time": "2025-07-13T13:10:38.223444Z", "fetched_at": "2025-07-13T13:10:50.539709+00:00", "symbol": "ADA-USD"}, {"trade_id": 143343052, "side": "buy", "size": "710.77564490", "price": "0.73760000", "time": "2025-07-13T13:10:38.223444Z", "fetched_at": "2025-07-13T13:10:50.539709+00:00", "symbol": "ADA-USD"}, {"trade_id": 143343051, "side": "buy", "size": "275.00859402", "price": "0.73760000", "time": "2025-07-13T13:10:38.223444Z", "fetched_at": "2025-07-13T13:10:50.539709+00:00", "symbol": "ADA-USD"}, {"trade_id": 143343050, "side": "buy", "size": "770.29007208", "price": "0.73760000", "time": "2025-07-13T13:10:38.223444Z", "fetched_at": "2025-07-13T13:10:50.539709+00:00", "symbol": "ADA-USD"}, {"trade_id": 143343049, "side": "buy", "size": "1.50000000", "price": "0.73760000", "time": "2025-07-13T13:10:38.223444Z", "fetched_at": "2025-07-13T13:10:50.539709+00:00", "symbol": "ADA-USD"}, {"trade_id": 143343048, "side": "buy", "size": "310.50000000", "price": "0.73760000", "time": "2025-07-13T13:10:38.223444Z", "fetched_at": "2025-07-13T13:10:50.539709+00:00", "symbol": "ADA-USD"}, {"trade_id": 143343047, "side": "buy", "size": "10437.75962000", "price": "0.73770000", "time": "2025-07-13T13:10:38.223444Z", "fetched_at": "2025-07-13T13:10:50.539709+00:00", "symbol": "ADA-USD"}, {"trade_id": 143343046, "side": "buy", "size": "1.50000000", "price": "0.73770000", "time": "2025-07-13T13:10:38.223444Z", "fetched_at": "2025-07-13T13:10:50.539709+00:00", "symbol": "ADA-USD"}, {"trade_id": 143343045, "side": "buy", "size": "300.37812573", "price": "0.73770000", "time": "2025-07-13T13:10:38.223444Z", "fetched_at": "2025-07-13T13:10:50.539709+00:00", "symbol": "ADA-USD"}, {"trade_id": 143343044, "side": "buy", "size": "677.69043101", "price": "0.73780000", "time": "2025-07-13T13:10:38.223444Z", "fetched_at": "2025-07-13T13:10:50.539709+00:00", "symbol": "ADA-USD"}, {"trade_id": 143343043, "side": "buy", "size": "1444.56482484", "price": "0.73780000", "time": "2025-07-13T13:10:38.223444Z", "fetched_at": "2025-07-13T13:10:50.539709+00:00", "symbol": "ADA-USD"}, {"trade_id": 143343042, "side": "buy", "size": "2750.08594019", "price": "0.73780000", "time": "2025-07-13T13:10:38.223444Z", "fetched_at": "2025-07-13T13:10:50.539709+00:00", "symbol": "ADA-USD"}, {"trade_id": 143343041, "side": "buy", "size": "1341.46251125", "price": "0.73780000", "time": "2025-07-13T13:10:38.223444Z", "fetched_at": "2025-07-13T13:10:50.539709+00:00", "symbol": "ADA-USD"}, {"trade_id": 143343040, "side": "buy", "size": "275.00859402", "price": "0.73780000", "time": "2025-07-13T13:10:38.223444Z", "fetched_at": "2025-07-13T13:10:50.539709+00:00", "symbol": "ADA-USD"}, {"trade_id": 143343039, "side": "buy", "size": "1.50000000", "price": "0.73780000", "time": "2025-07-13T13:10:38.223444Z", "fetched_at": "2025-07-13T13:10:50.539709+00:00", "symbol": "ADA-USD"}, {"trade_id": 143343038, "side": "buy", "size": "310.50000000", "price": "0.73780000", "time": "2025-07-13T13:10:38.223444Z", "fetched_at": "2025-07-13T13:10:50.539709+00:00", "symbol": "ADA-USD"}, {"trade_id": 143343037, "side": "buy", "size": "51.25271640", "price": "0.73790000", "time": "2025-07-13T13:10:38.223444Z", "fetched_at": "2025-07-13T13:10:50.539709+00:00", "symbol": "ADA-USD"}, {"trade_id": 143343036, "side": "buy", "size": "310.50000000", "price": "0.73790000", "time": "2025-07-13T13:10:38.223444Z", "fetched_at": "2025-07-13T13:10:50.539709+00:00", "symbol": "ADA-USD"}, {"trade_id": 143343035, "side": "buy", "size": "1.50000000", "price": "0.73790000", "time": "2025-07-13T13:10:38.223444Z", "fetched_at": "2025-07-13T13:10:50.539709+00:00", "symbol": "ADA-USD"}, {"trade_id": 143343034, "side": "buy", "size": "800.00000000", "price": "0.73800000", "time": "2025-07-13T13:10:38.223444Z", "fetched_at": "2025-07-13T13:10:50.539709+00:00", "symbol": "ADA-USD"}, {"trade_id": 143343033, "side": "buy", "size": "9000.00000000", "price": "0.73800000", "time": "2025-07-13T13:10:38.223444Z", "fetched_at": "2025-07-13T13:10:50.539709+00:00", "symbol": "ADA-USD"}, {"trade_id": 143343032, "side": "buy", "size": "1.50000000", "price": "0.73800000", "time": "2025-07-13T13:10:38.223444Z", "fetched_at": "2025-07-13T13:10:50.539709+00:00", "symbol": "ADA-USD"}, {"trade_id": 143343031, "side": "buy", "size": "275.00859402", "price": "0.73800000", "time": "2025-07-13T13:10:38.223444Z", "fetched_at": "2025-07-13T13:10:50.539709+00:00", "symbol": "ADA-USD"}, {"trade_id": 143343030, "side": "buy", "size": "310.50000000", "price": "0.73800000", "time": "2025-07-13T13:10:38.223444Z", "fetched_at": "2025-07-13T13:10:50.539709+00:00", "symbol": "ADA-USD"}, {"trade_id": 143343029, "side": "buy", "size": "1.50000000", "price": "0.73810000", "time": "2025-07-13T13:10:38.223393Z", "fetched_at": "2025-07-13T13:10:50.539709+00:00", "symbol": "ADA-USD"}, {"trade_id": 143343028, "side": "buy", "size": "662.80919072", "price": "0.73810000", "time": "2025-07-13T13:10:38.223393Z", "fetched_at": "2025-07-13T13:10:50.539709+00:00", "symbol": "ADA-USD"}, {"trade_id": 143343027, "side": "buy", "size": "310.50000000", "price": "0.73810000", "time": "2025-07-13T13:10:38.223393Z", "fetched_at": "2025-07-13T13:10:50.539709+00:00", "symbol": "ADA-USD"}, {"trade_id": 143343026, "side": "buy", "size": "1.50000000", "price": "0.73820000", "time": "2025-07-13T13:10:38.223393Z", "fetched_at": "2025-07-13T13:10:50.539709+00:00", "symbol": "ADA-USD"}, {"trade_id": 143343025, "side": "buy", "size": "310.50000000", "price": "0.73820000", "time": "2025-07-13T13:10:38.223393Z", "fetched_at": "2025-07-13T13:10:50.539709+00:00", "symbol": "ADA-USD"}, {"trade_id": 143343024, "side": "buy", "size": "270.74437622", "price": "0.73830000", "time": "2025-07-13T13:10:38.223393Z", "fetched_at": "2025-07-13T13:10:50.539709+00:00", "symbol": "ADA-USD"}, {"trade_id": 143343023, "side": "buy", "size": "262.93077825", "price": "0.73830000", "time": "2025-07-13T13:10:38.223393Z", "fetched_at": "2025-07-13T13:10:50.539709+00:00", "symbol": "ADA-USD"}, {"trade_id": 143343022, "side": "buy", "size": "6.93808598", "price": "0.73830000", "time": "2025-07-13T13:10:38.223332Z", "fetched_at": "2025-07-13T13:10:50.539709+00:00", "symbol": "ADA-USD"}, {"trade_id": 143343021, "side": "buy", "size": "1.50000000", "price": "0.73830000", "time": "2025-07-13T13:10:38.223332Z", "fetched_at": "2025-07-13T13:10:50.539709+00:00", "symbol": "ADA-USD"}, {"trade_id": 143343020, "side": "buy", "size": "62.42358402", "price": "0.73830000", "time": "2025-07-13T13:10:38.223332Z", "fetched_at": "2025-07-13T13:10:50.539709+00:00", "symbol": "ADA-USD"}, {"trade_id": 143343019, "side": "buy", "size": "70.86167000", "price": "0.73830000", "time": "2025-07-13T13:10:38.223076Z", "fetched_at": "2025-07-13T13:10:50.539709+00:00", "symbol": "ADA-USD"}, {"trade_id": 143343018, "side": "buy", "size": "70.86167000", "price": "0.73830000", "time": "2025-07-13T13:10:38.223052Z", "fetched_at": "2025-07-13T13:10:50.539709+00:00", "symbol": "ADA-USD"}, {"trade_id": 143343017, "side": "buy", "size": "70.86167000", "price": "0.73830000", "time": "2025-07-13T13:10:38.222927Z", "fetched_at": "2025-07-13T13:10:50.539709+00:00", "symbol": "ADA-USD"}, {"trade_id": 143343016, "side": "buy", "size": "807.92651588", "price": "0.73840000", "time": "2025-07-13T13:10:38.222906Z", "fetched_at": "2025-07-13T13:10:50.539709+00:00", "symbol": "ADA-USD"}, {"trade_id": 143343015, "side": "buy", "size": "677.08406152", "price": "0.73840000", "time": "2025-07-13T13:10:38.222906Z", "fetched_at": "2025-07-13T13:10:50.539709+00:00", "symbol": "ADA-USD"}, {"trade_id": 143343014, "side": "buy", "size": "410.80953292", "price": "0.73840000", "time": "2025-07-13T13:10:38.222906Z", "fetched_at": "2025-07-13T13:10:50.539709+00:00", "symbol": "ADA-USD"}, {"trade_id": 143343013, "side": "buy", "size": "4599.89046708", "price": "0.73840000", "time": "2025-07-13T13:10:38.222262Z", "fetched_at": "2025-07-13T13:10:50.539709+00:00", "symbol": "ADA-USD"}, {"trade_id": 143343012, "side": "buy", "size": "770.29007208", "price": "0.73840000", "time": "2025-07-13T13:10:38.222262Z", "fetched_at": "2025-07-13T13:10:50.539709+00:00", "symbol": "ADA-USD"}, {"trade_id": 143343011, "side": "buy", "size": "310.50000000", "price": "0.73840000", "time": "2025-07-13T13:10:38.222262Z", "fetched_at": "2025-07-13T13:10:50.539709+00:00", "symbol": "ADA-USD"}, {"trade_id": 143343010, "side": "buy", "size": "9.59598262", "price": "0.73840000", "time": "2025-07-13T13:10:38.222262Z", "fetched_at": "2025-07-13T13:10:50.539709+00:00", "symbol": "ADA-USD"}, {"trade_id": 143343009, "side": "buy", "size": "1672.61513000", "price": "0.73850000", "time": "2025-07-13T13:10:38.221692Z", "fetched_at": "2025-07-13T13:10:50.539709+00:00", "symbol": "ADA-USD"}, {"trade_id": 143343008, "side": "buy", "size": "4656.16999141", "price": "0.73850000", "time": "2025-07-13T13:10:38.221692Z", "fetched_at": "2025-07-13T13:10:50.539709+00:00", "symbol": "ADA-USD"}, {"trade_id": 143343007, "side": "buy", "size": "806.69015652", "price": "0.73850000", "time": "2025-07-13T13:10:38.221315Z", "fetched_at": "2025-07-13T13:10:50.539709+00:00", "symbol": "ADA-USD"}, {"trade_id": 143343006, "side": "buy", "size": "770.29007208", "price": "0.73850000", "time": "2025-07-13T13:10:38.221315Z", "fetched_at": "2025-07-13T13:10:50.539709+00:00", "symbol": "ADA-USD"}, {"trade_id": 143343005, "side": "buy", "size": "1785.67573000", "price": "0.73850000", "time": "2025-07-13T13:10:38.221315Z", "fetched_at": "2025-07-13T13:10:50.539709+00:00", "symbol": "ADA-USD"}, {"trade_id": 143343004, "side": "buy", "size": "275.00859402", "price": "0.73850000", "time": "2025-07-13T13:10:38.221315Z", "fetched_at": "2025-07-13T13:10:50.539709+00:00", "symbol": "ADA-USD"}, {"trade_id": 143343003, "side": "buy", "size": "310.50000000", "price": "0.73850000", "time": "2025-07-13T13:10:38.221315Z", "fetched_at": "2025-07-13T13:10:50.539709+00:00", "symbol": "ADA-USD"}, {"trade_id": 143343002, "side": "buy", "size": "114.48628000", "price": "0.73850000", "time": "2025-07-13T13:10:38.221315Z", "fetched_at": "2025-07-13T13:10:50.539709+00:00", "symbol": "ADA-USD"}, {"trade_id": 143343001, "side": "buy", "size": "11.25045447", "price": "0.73860000", "time": "2025-07-13T13:10:38.221315Z", "fetched_at": "2025-07-13T13:10:50.539709+00:00", "symbol": "ADA-USD"}, {"trade_id": 143343000, "side": "buy", "size": "500.00000000", "price": "0.73860000", "time": "2025-07-13T13:10:38.221315Z", "fetched_at": "2025-07-13T13:10:50.539709+00:00", "symbol": "ADA-USD"}, {"trade_id": 143342999, "side": "buy", "size": "6000.00000000", "price": "0.73860000", "time": "2025-07-13T13:10:38.221315Z", "fetched_at": "2025-07-13T13:10:50.539709+00:00", "symbol": "ADA-USD"}, {"trade_id": 143342998, "side": "buy", "size": "310.50000000", "price": "0.73860000", "time": "2025-07-13T13:10:38.221315Z", "fetched_at": "2025-07-13T13:10:50.539709+00:00", "symbol": "ADA-USD"}, {"trade_id": 143342997, "side": "buy", "size": "114.48628000", "price": "0.73860000", "time": "2025-07-13T13:10:38.221315Z", "fetched_at": "2025-07-13T13:10:50.539709+00:00", "symbol": "ADA-USD"}, {"trade_id": 143342996, "side": "buy", "size": "50.00000000", "price": "0.73860000", "time": "2025-07-13T13:10:38.221315Z", "fetched_at": "2025-07-13T13:10:50.539709+00:00", "symbol": "ADA-USD"}, {"trade_id": 143342995, "side": "buy", "size": "9.64302176", "price": "0.73860000", "time": "2025-07-13T13:10:38.221315Z", "fetched_at": "2025-07-13T13:10:50.539709+00:00", "symbol": "ADA-USD"}, {"trade_id": 143342994, "side": "buy", "size": "11.82063992", "price": "0.73860000", "time": "2025-07-13T13:10:38.221315Z", "fetched_at": "2025-07-13T13:10:50.539709+00:00", "symbol": "ADA-USD"}, {"trade_id": 143342993, "side": "sell", "size": "13.54181458", "price": "0.73860000", "time": "2025-07-13T13:10:38.068719Z", "fetched_at": "2025-07-13T13:10:50.539709+00:00", "symbol": "ADA-USD"}, {"trade_id": 143342992, "side": "sell", "size": "24.14060550", "price": "0.73860000", "time": "2025-07-13T13:10:38.068719Z", "fetched_at": "2025-07-13T13:10:50.539709+00:00", "symbol": "ADA-USD"}, {"trade_id": 143342991, "side": "sell", "size": "1.50000000", "price": "0.73860000", "time": "2025-07-13T13:10:38.068719Z", "fetched_at": "2025-07-13T13:10:50.539709+00:00", "symbol": "ADA-USD"}, {"trade_id": 143342990, "side": "sell", "size": "13.54361365", "price": "0.73850000", "time": "2025-07-13T13:10:37.613742Z", "fetched_at": "2025-07-13T13:10:50.539709+00:00", "symbol": "ADA-USD"}, {"trade_id": 143342989, "side": "sell", "size": "1.50000000", "price": "0.73850000", "time": "2025-07-13T13:10:37.613742Z", "fetched_at": "2025-07-13T13:10:50.539709+00:00", "symbol": "ADA-USD"}, {"trade_id": 143342988, "side": "sell", "size": "13.55008278", "price": "0.73840000", "time": "2025-07-13T13:10:35.425276Z", "fetched_at": "2025-07-13T13:10:50.539709+00:00", "symbol": "ADA-USD"}, {"trade_id": 143342987, "side": "sell", "size": "13.55009193", "price": "0.73830000", "time": "2025-07-13T13:10:33.052179Z", "fetched_at": "2025-07-13T13:10:50.539709+00:00", "symbol": "ADA-USD"}, {"trade_id": 143342986, "side": "sell", "size": "111.97928107", "price": "0.73840000", "time": "2025-07-13T13:10:32.961917Z", "fetched_at": "2025-07-13T13:10:50.539709+00:00", "symbol": "ADA-USD"}, {"trade_id": 143342985, "side": "sell", "size": "1.50000000", "price": "0.73840000", "time": "2025-07-13T13:10:32.961917Z", "fetched_at": "2025-07-13T13:10:50.539709+00:00", "symbol": "ADA-USD"}, {"trade_id": 143342984, "side": "sell", "size": "13.55009193", "price": "0.73830000", "time": "2025-07-13T13:10:32.961917Z", "fetched_at": "2025-07-13T13:10:50.539709+00:00", "symbol": "ADA-USD"}, {"trade_id": 143342983, "side": "sell", "size": "1.50000000", "price": "0.73830000", "time": "2025-07-13T13:10:32.961917Z", "fetched_at": "2025-07-13T13:10:50.539709+00:00", "symbol": "ADA-USD"}, {"trade_id": 143342982, "side": "sell", "size": "13.55100540", "price": "0.73820000", "time": "2025-07-13T13:10:32.480202Z", "fetched_at": "2025-07-13T13:10:50.539709+00:00", "symbol": "ADA-USD"}, {"trade_id": 143342981, "side": "sell", "size": "1.50000000", "price": "0.73820000", "time": "2025-07-13T13:10:32.480202Z", "fetched_at": "2025-07-13T13:10:50.539709+00:00", "symbol": "ADA-USD"}, {"trade_id": 143342980, "side": "sell", "size": "13.55100065", "price": "0.73810000", "time": "2025-07-13T13:10:27.511546Z", "fetched_at": "2025-07-13T13:10:50.539709+00:00", "symbol": "ADA-USD"}, {"trade_id": 143342979, "side": "sell", "size": "1.50000000", "price": "0.73810000", "time": "2025-07-13T13:10:27.511546Z", "fetched_at": "2025-07-13T13:10:50.539709+00:00", "symbol": "ADA-USD"}, {"trade_id": 143342978, "side": "sell", "size": "122.66715240", "price": "0.73800000", "time": "2025-07-13T13:10:20.754209Z", "fetched_at": "2025-07-13T13:10:50.539709+00:00", "symbol": "ADA-USD"}, {"trade_id": 143342977, "side": "sell", "size": "13.55290180", "price": "0.73800000", "time": "2025-07-13T13:10:20.754209Z", "fetched_at": "2025-07-13T13:10:50.539709+00:00", "symbol": "ADA-USD"}, {"trade_id": 143342976, "side": "sell", "size": "2243.75073660", "price": "0.73800000", "time": "2025-07-13T13:10:18.421977Z", "fetched_at": "2025-07-13T13:10:50.539709+00:00", "symbol": "ADA-USD"}, {"trade_id": 143342975, "side": "sell", "size": "1.50000000", "price": "0.73800000", "time": "2025-07-13T13:10:18.421977Z", "fetched_at": "2025-07-13T13:10:50.539709+00:00", "symbol": "ADA-USD"}, {"trade_id": 143342974, "side": "sell", "size": "28.06594740", "price": "0.73790000", "time": "2025-07-13T13:10:18.421977Z", "fetched_at": "2025-07-13T13:10:50.539709+00:00", "symbol": "ADA-USD"}, {"trade_id": 143342973, "side": "sell", "size": "2.44489200", "price": "0.73780000", "time": "2025-07-13T13:10:15.272705Z", "fetched_at": "2025-07-13T13:10:50.539709+00:00", "symbol": "ADA-USD"}, {"trade_id": 143342972, "side": "buy", "size": "10.12187427", "price": "0.73770000", "time": "2025-07-13T13:10:14.937198Z", "fetched_at": "2025-07-13T13:10:50.539709+00:00", "symbol": "ADA-USD"}, {"trade_id": 143342971, "side": "sell", "size": "241.34625700", "price": "0.73780000", "time": "2025-07-13T13:10:11.782532Z", "fetched_at": "2025-07-13T13:10:50.539709+00:00", "symbol": "ADA-USD"}, {"trade_id": 143342970, "side": "sell", "size": "358.64564573", "price": "0.73780000", "time": "2025-07-13T13:10:08.366564Z", "fetched_at": "2025-07-13T13:10:50.539709+00:00", "symbol": "ADA-USD"}, {"trade_id": 143342969, "side": "sell", "size": "780.43298927", "price": "0.73780000", "time": "2025-07-13T13:10:08.366564Z", "fetched_at": "2025-07-13T13:10:50.539709+00:00", "symbol": "ADA-USD"}, {"trade_id": 143342968, "side": "sell", "size": "5022.90000000", "price": "0.73780000", "time": "2025-07-13T13:10:02.385588Z", "fetched_at": "2025-07-13T13:10:50.539709+00:00", "symbol": "ADA-USD"}, {"trade_id": 143342967, "side": "buy", "size": "2.96859100", "price": "0.73770000", "time": "2025-07-13T13:10:00.562444Z", "fetched_at": "2025-07-13T13:10:50.539709+00:00", "symbol": "ADA-USD"}, {"trade_id": 143342966, "side": "buy", "size": "50.00000000", "price": "0.73760000", "time": "2025-07-13T13:09:56.080688Z", "fetched_at": "2025-07-13T13:10:50.539709+00:00", "symbol": "ADA-USD"}, {"trade_id": 143342965, "side": "buy", "size": "1.50000000", "price": "0.73760000", "time": "2025-07-13T13:09:56.080688Z", "fetched_at": "2025-07-13T13:10:50.539709+00:00", "symbol": "ADA-USD"}, {"trade_id": 143342964, "side": "buy", "size": "16.05602321", "price": "0.73780000", "time": "2025-07-13T13:09:55.891566Z", "fetched_at": "2025-07-13T13:10:50.539709+00:00", "symbol": "ADA-USD"}, {"trade_id": 143342963, "side": "buy", "size": "21.40803095", "price": "0.73780000", "time": "2025-07-13T13:09:55.685624Z", "fetched_at": "2025-07-13T13:10:50.539709+00:00", "symbol": "ADA-USD"}, {"trade_id": 143342962, "side": "buy", "size": "13.55380863", "price": "0.73780000", "time": "2025-07-13T13:09:55.617338Z", "fetched_at": "2025-07-13T13:10:50.539709+00:00", "symbol": "ADA-USD"}, {"trade_id": 143342961, "side": "buy", "size": "13.55380863", "price": "0.73780000", "time": "2025-07-13T13:09:55.606905Z", "fetched_at": "2025-07-13T13:10:50.539709+00:00", "symbol": "ADA-USD"}, {"trade_id": 143342960, "side": "buy", "size": "28.54404127", "price": "0.73790000", "time": "2025-07-13T13:09:55.368821Z", "fetched_at": "2025-07-13T13:10:50.539709+00:00", "symbol": "ADA-USD"}, {"trade_id": 143342959, "side": "buy", "size": "13.55197182", "price": "0.73790000", "time": "2025-07-13T13:09:55.368821Z", "fetched_at": "2025-07-13T13:10:50.539709+00:00", "symbol": "ADA-USD"}, {"trade_id": 143342958, "side": "buy", "size": "13.55013551", "price": "0.73800000", "time": "2025-07-13T13:09:55.318469Z", "fetched_at": "2025-07-13T13:10:50.539709+00:00", "symbol": "ADA-USD"}, {"trade_id": 143342957, "side": "buy", "size": "4578.44516444", "price": "0.73770000", "time": "2025-07-13T13:09:53.512277Z", "fetched_at": "2025-07-13T13:10:50.539709+00:00", "symbol": "ADA-USD"}, {"trade_id": 143342956, "side": "buy", "size": "10047.90000000", "price": "0.73770000", "time": "2025-07-13T13:09:53.512277Z", "fetched_at": "2025-07-13T13:10:50.539709+00:00", "symbol": "ADA-USD"}, {"trade_id": 143342955, "side": "buy", "size": "809.74808536", "price": "0.73770000", "time": "2025-07-13T13:09:53.512277Z", "fetched_at": "2025-07-13T13:10:50.539709+00:00", "symbol": "ADA-USD"}, {"trade_id": 143342954, "side": "buy", "size": "677.77136966", "price": "0.73770000", "time": "2025-07-13T13:09:53.512277Z", "fetched_at": "2025-07-13T13:10:50.539709+00:00", "symbol": "ADA-USD"}, {"trade_id": 143342953, "side": "buy", "size": "1.50000000", "price": "0.73770000", "time": "2025-07-13T13:09:53.512277Z", "fetched_at": "2025-07-13T13:10:50.539709+00:00", "symbol": "ADA-USD"}, {"trade_id": 143342952, "side": "buy", "size": "1369.47397462", "price": "0.73770000", "time": "2025-07-13T13:09:53.512277Z", "fetched_at": "2025-07-13T13:10:50.539709+00:00", "symbol": "ADA-USD"}, {"trade_id": 143342951, "side": "buy", "size": "62.75430884", "price": "0.73770000", "time": "2025-07-13T13:09:53.512277Z", "fetched_at": "2025-07-13T13:10:50.539709+00:00", "symbol": "ADA-USD"}, {"trade_id": 143342950, "side": "buy", "size": "364.57965532", "price": "0.73770000", "time": "2025-07-13T13:09:53.512277Z", "fetched_at": "2025-07-13T13:10:50.539709+00:00", "symbol": "ADA-USD"}, {"trade_id": 143342949, "side": "buy", "size": "1776.27511000", "price": "0.73770000", "time": "2025-07-13T13:09:53.512277Z", "fetched_at": "2025-07-13T13:10:50.539709+00:00", "symbol": "ADA-USD"}, {"trade_id": 143342948, "side": "buy", "size": "770.29007208", "price": "0.73770000", "time": "2025-07-13T13:09:53.512277Z", "fetched_at": "2025-07-13T13:10:50.539709+00:00", "symbol": "ADA-USD"}, {"trade_id": 143342947, "side": "buy", "size": "310.50000000", "price": "0.73770000", "time": "2025-07-13T13:09:53.512277Z", "fetched_at": "2025-07-13T13:10:50.539709+00:00", "symbol": "ADA-USD"}, {"trade_id": 143342946, "side": "buy", "size": "6834.29806840", "price": "0.73780000", "time": "2025-07-13T13:09:53.512277Z", "fetched_at": "2025-07-13T13:10:50.539709+00:00", "symbol": "ADA-USD"}, {"trade_id": 143342945, "side": "buy", "size": "702.82883683", "price": "0.73780000", "time": "2025-07-13T13:09:53.512277Z", "fetched_at": "2025-07-13T13:10:50.539709+00:00", "symbol": "ADA-USD"}, {"trade_id": 143342944, "side": "buy", "size": "1.50000000", "price": "0.73780000", "time": "2025-07-13T13:09:53.512277Z", "fetched_at": "2025-07-13T13:10:50.539709+00:00", "symbol": "ADA-USD"}, {"trade_id": 143342943, "side": "buy", "size": "1776.27511000", "price": "0.73780000", "time": "2025-07-13T13:09:53.512277Z", "fetched_at": "2025-07-13T13:10:50.539709+00:00", "symbol": "ADA-USD"}, {"trade_id": 143342942, "side": "buy", "size": "481.77499392", "price": "0.73780000", "time": "2025-07-13T13:09:53.512277Z", "fetched_at": "2025-07-13T13:10:50.539709+00:00", "symbol": "ADA-USD"}, {"trade_id": 143342941, "side": "buy", "size": "770.29007208", "price": "0.73780000", "time": "2025-07-13T13:09:53.512277Z", "fetched_at": "2025-07-13T13:10:50.539709+00:00", "symbol": "ADA-USD"}, {"trade_id": 143342940, "side": "buy", "size": "310.50000000", "price": "0.73780000", "time": "2025-07-13T13:09:53.512277Z", "fetched_at": "2025-07-13T13:10:50.539709+00:00", "symbol": "ADA-USD"}, {"trade_id": 143342939, "side": "buy", "size": "400.00000000", "price": "0.73790000", "time": "2025-07-13T13:09:53.512277Z", "fetched_at": "2025-07-13T13:10:50.539709+00:00", "symbol": "ADA-USD"}, {"trade_id": 143342938, "side": "buy", "size": "386.38873491", "price": "0.73790000", "time": "2025-07-13T13:09:53.512277Z", "fetched_at": "2025-07-13T13:10:50.539709+00:00", "symbol": "ADA-USD"}, {"trade_id": 143342937, "side": "buy", "size": "770.29007208", "price": "0.73790000", "time": "2025-07-13T13:09:53.512277Z", "fetched_at": "2025-07-13T13:10:50.539709+00:00", "symbol": "ADA-USD"}, {"trade_id": 143342936, "side": "buy", "size": "667.72972578", "price": "0.73790000", "time": "2025-07-13T13:09:53.512277Z", "fetched_at": "2025-07-13T13:10:50.539709+00:00", "symbol": "ADA-USD"}, {"trade_id": 143342935, "side": "buy", "size": "1.50000000", "price": "0.73790000", "time": "2025-07-13T13:09:53.512277Z", "fetched_at": "2025-07-13T13:10:50.539709+00:00", "symbol": "ADA-USD"}, {"trade_id": 143342934, "side": "buy", "size": "13.55013551", "price": "0.73800000", "time": "2025-07-13T13:09:53.512277Z", "fetched_at": "2025-07-13T13:10:50.539709+00:00", "symbol": "ADA-USD"}, {"trade_id": 143342933, "side": "buy", "size": "13.55013551", "price": "0.73800000", "time": "2025-07-13T13:09:52.642913Z", "fetched_at": "2025-07-13T13:10:50.539709+00:00", "symbol": "ADA-USD"}, {"trade_id": 143342932, "side": "buy", "size": "13.55013551", "price": "0.73800000", "time": "2025-07-13T13:09:52.629828Z", "fetched_at": "2025-07-13T13:10:50.539709+00:00", "symbol": "ADA-USD"}, {"trade_id": 143342931, "side": "buy", "size": "13.55013551", "price": "0.73800000", "time": "2025-07-13T13:09:51.961200Z", "fetched_at": "2025-07-13T13:10:50.539709+00:00", "symbol": "ADA-USD"}, {"trade_id": 143342930, "side": "buy", "size": "13.55013551", "price": "0.73800000", "time": "2025-07-13T13:09:51.948900Z", "fetched_at": "2025-07-13T13:10:50.539709+00:00", "symbol": "ADA-USD"}, {"trade_id": 143342929, "side": "buy", "size": "13.55013551", "price": "0.73800000", "time": "2025-07-13T13:09:51.937988Z", "fetched_at": "2025-07-13T13:10:50.539709+00:00", "symbol": "ADA-USD"}, {"trade_id": 143342928, "side": "buy", "size": "13.55013551", "price": "0.73800000", "time": "2025-07-13T13:09:51.709974Z", "fetched_at": "2025-07-13T13:10:50.539709+00:00", "symbol": "ADA-USD"}, {"trade_id": 143342927, "side": "buy", "size": "13.54829969", "price": "0.73810000", "time": "2025-07-13T13:09:51.192556Z", "fetched_at": "2025-07-13T13:10:50.539709+00:00", "symbol": "ADA-USD"}, {"trade_id": 143342926, "side": "sell", "size": "0.35320400", "price": "0.73830000", "time": "2025-07-13T13:09:46.794210Z", "fetched_at": "2025-07-13T13:10:50.539709+00:00", "symbol": "ADA-USD"}, {"trade_id": 143342925, "side": "sell", "size": "1.50000000", "price": "0.73830000", "time": "2025-07-13T13:09:46.794210Z", "fetched_at": "2025-07-13T13:10:50.539709+00:00", "symbol": "ADA-USD"}, {"trade_id": 143342924, "side": "sell", "size": "1.50000000", "price": "0.73820000", "time": "2025-07-13T13:09:46.794210Z", "fetched_at": "2025-07-13T13:10:50.539709+00:00", "symbol": "ADA-USD"}, {"trade_id": 143342923, "side": "sell", "size": "10.53067600", "price": "0.73820000", "time": "2025-07-13T13:09:42.092376Z", "fetched_at": "2025-07-13T13:10:50.539709+00:00", "symbol": "ADA-USD"}, {"trade_id": 143342922, "side": "sell", "size": "22.80848715", "price": "0.73820000", "time": "2025-07-13T13:09:41.936800Z", "fetched_at": "2025-07-13T13:10:50.539709+00:00", "symbol": "ADA-USD"}, {"trade_id": 143342921, "side": "sell", "size": "755.78204334", "price": "0.73820000", "time": "2025-07-13T13:09:41.936800Z", "fetched_at": "2025-07-13T13:10:50.539709+00:00", "symbol": "ADA-USD"}, {"trade_id": 143342920, "side": "sell", "size": "122.68803000", "price": "0.73820000", "time": "2025-07-13T13:09:41.936800Z", "fetched_at": "2025-07-13T13:10:50.539709+00:00", "symbol": "ADA-USD"}, {"trade_id": 143342919, "side": "sell", "size": "98.78483696", "price": "0.73820000", "time": "2025-07-13T13:09:41.936800Z", "fetched_at": "2025-07-13T13:10:50.539709+00:00", "symbol": "ADA-USD"}, {"trade_id": 143342918, "side": "buy", "size": "6278.08473192", "price": "0.73820000", "time": "2025-07-13T13:09:41.294096Z", "fetched_at": "2025-07-13T13:10:50.539709+00:00", "symbol": "ADA-USD"}, {"trade_id": 143342917, "side": "sell", "size": "770.29007208", "price": "0.73820000", "time": "2025-07-13T13:09:41.075316Z", "fetched_at": "2025-07-13T13:10:50.539709+00:00", "symbol": "ADA-USD"}, {"trade_id": 143342916, "side": "sell", "size": "1.50000000", "price": "0.73820000", "time": "2025-07-13T13:09:41.075316Z", "fetched_at": "2025-07-13T13:10:50.539709+00:00", "symbol": "ADA-USD"}, {"trade_id": 143342915, "side": "sell", "size": "0.00000737", "price": "0.73810000", "time": "2025-07-13T13:09:41.075316Z", "fetched_at": "2025-07-13T13:10:50.539709+00:00", "symbol": "ADA-USD"}, {"trade_id": 143342914, "side": "sell", "size": "53.82605000", "price": "0.73810000", "time": "2025-07-13T13:09:41.052293Z", "fetched_at": "2025-07-13T13:10:50.539709+00:00", "symbol": "ADA-USD"}, {"trade_id": 143342913, "side": "sell", "size": "1.50000000", "price": "0.73810000", "time": "2025-07-13T13:09:41.052293Z", "fetched_at": "2025-07-13T13:10:50.539709+00:00", "symbol": "ADA-USD"}, {"trade_id": 143342912, "side": "sell", "size": "1.50000000", "price": "0.73800000", "time": "2025-07-13T13:09:39.075131Z", "fetched_at": "2025-07-13T13:10:50.539709+00:00", "symbol": "ADA-USD"}, {"trade_id": 143342911, "side": "buy", "size": "171.72942000", "price": "0.73790000", "time": "2025-07-13T13:09:37.796351Z", "fetched_at": "2025-07-13T13:10:50.539709+00:00", "symbol": "ADA-USD"}, {"trade_id": 143342910, "side": "sell", "size": "667.84772726", "price": "0.73790000", "time": "2025-07-13T13:09:37.788363Z", "fetched_at": "2025-07-13T13:10:50.539709+00:00", "symbol": "ADA-USD"}, {"trade_id": 143342909, "side": "sell", "size": "3294.89993246", "price": "0.73790000", "time": "2025-07-13T13:09:37.788363Z", "fetched_at": "2025-07-13T13:10:50.539709+00:00", "symbol": "ADA-USD"}, {"trade_id": 143342908, "side": "sell", "size": "861.71046827", "price": "0.73790000", "time": "2025-07-13T13:09:37.788363Z", "fetched_at": "2025-07-13T13:10:50.539709+00:00", "symbol": "ADA-USD"}, {"trade_id": 143342907, "side": "sell", "size": "770.29007208", "price": "0.73790000", "time": "2025-07-13T13:09:37.788363Z", "fetched_at": "2025-07-13T13:10:50.539709+00:00", "symbol": "ADA-USD"}, {"trade_id": 143342906, "side": "sell", "size": "1.50000000", "price": "0.73790000", "time": "2025-07-13T13:09:37.788363Z", "fetched_at": "2025-07-13T13:10:50.539709+00:00", "symbol": "ADA-USD"}, {"trade_id": 143342905, "side": "sell", "size": "2.25710713", "price": "0.73770000", "time": "2025-07-13T13:09:37.785043Z", "fetched_at": "2025-07-13T13:10:50.539709+00:00", "symbol": "ADA-USD"}, {"trade_id": 143342904, "side": "sell", "size": "51.41197203", "price": "0.73780000", "time": "2025-07-13T13:09:36.648851Z", "fetched_at": "2025-07-13T13:10:50.539709+00:00", "symbol": "ADA-USD"}, {"trade_id": 143342903, "side": "sell", "size": "1.50000000", "price": "0.73780000", "time": "2025-07-13T13:09:36.648851Z", "fetched_at": "2025-07-13T13:10:50.539709+00:00", "symbol": "ADA-USD"}, {"trade_id": 143342902, "side": "sell", "size": "7.50299997", "price": "0.73770000", "time": "2025-07-13T13:09:36.648851Z", "fetched_at": "2025-07-13T13:10:50.539709+00:00", "symbol": "ADA-USD"}, {"trade_id": 143342901, "side": "buy", "size": "70.86167000", "price": "0.73770000", "time": "2025-07-13T13:09:35.171326Z", "fetched_at": "2025-07-13T13:10:50.539709+00:00", "symbol": "ADA-USD"}, {"trade_id": 143342900, "side": "buy", "size": "184.03204000", "price": "0.73760000", "time": "2025-07-13T13:09:35.137303Z", "fetched_at": "2025-07-13T13:10:50.539709+00:00", "symbol": "ADA-USD"}, {"trade_id": 143342899, "side": "buy", "size": "171.72942000", "price": "0.73760000", "time": "2025-07-13T13:09:35.137303Z", "fetched_at": "2025-07-13T13:10:50.539709+00:00", "symbol": "ADA-USD"}, {"trade_id": 143342898, "side": "sell", "size": "192.32579993", "price": "0.73770000", "time": "2025-07-13T13:09:35.136773Z", "fetched_at": "2025-07-13T13:10:50.539709+00:00", "symbol": "ADA-USD"}, {"trade_id": 143342897, "side": "sell", "size": "357.69093578", "price": "0.73770000", "time": "2025-07-13T13:09:35.136773Z", "fetched_at": "2025-07-13T13:10:50.539709+00:00", "symbol": "ADA-USD"}, {"trade_id": 143342896, "side": "sell", "size": "412.59913630", "price": "0.73770000", "time": "2025-07-13T13:09:35.136773Z", "fetched_at": "2025-07-13T13:10:50.539709+00:00", "symbol": "ADA-USD"}, {"trade_id": 143342895, "side": "sell", "size": "1.50000000", "price": "0.73770000", "time": "2025-07-13T13:09:35.136773Z", "fetched_at": "2025-07-13T13:10:50.539709+00:00", "symbol": "ADA-USD"}, {"trade_id": 143342894, "side": "sell", "size": "788.31030655", "price": "0.73760000", "time": "2025-07-13T13:09:35.131125Z", "fetched_at": "2025-07-13T13:10:50.539709+00:00", "symbol": "ADA-USD"}, {"trade_id": 143342893, "side": "sell", "size": "684.18962007", "price": "0.73760000", "time": "2025-07-13T13:09:35.131125Z", "fetched_at": "2025-07-13T13:10:50.539709+00:00", "symbol": "ADA-USD"}, {"trade_id": 143342892, "side": "sell", "size": "1.50000000", "price": "0.73760000", "time": "2025-07-13T13:09:35.131125Z", "fetched_at": "2025-07-13T13:10:50.539709+00:00", "symbol": "ADA-USD"}, {"trade_id": 143342891, "side": "sell", "size": "275.00859402", "price": "0.73760000", "time": "2025-07-13T13:09:35.131125Z", "fetched_at": "2025-07-13T13:10:50.539709+00:00", "symbol": "ADA-USD"}, {"trade_id": 143342890, "side": "sell", "size": "800.00000000", "price": "0.73750000", "time": "2025-07-13T13:09:35.127925Z", "fetched_at": "2025-07-13T13:10:50.539709+00:00", "symbol": "ADA-USD"}, {"trade_id": 143342889, "side": "sell", "size": "5032.00000000", "price": "0.73750000", "time": "2025-07-13T13:09:35.127925Z", "fetched_at": "2025-07-13T13:10:50.539709+00:00", "symbol": "ADA-USD"}, {"trade_id": 143342888, "side": "sell", "size": "1.50000000", "price": "0.73750000", "time": "2025-07-13T13:09:35.127925Z", "fetched_at": "2025-07-13T13:10:50.539709+00:00", "symbol": "ADA-USD"}, {"trade_id": 143342887, "side": "sell", "size": "678.07942472", "price": "0.73740000", "time": "2025-07-13T13:09:35.125457Z", "fetched_at": "2025-07-13T13:10:50.539709+00:00", "symbol": "ADA-USD"}, {"trade_id": 143342886, "side": "sell", "size": "1.50000000", "price": "0.73740000", "time": "2025-07-13T13:09:35.125457Z", "fetched_at": "2025-07-13T13:10:50.539709+00:00", "symbol": "ADA-USD"}, {"trade_id": 143342885, "side": "sell", "size": "13.56383551", "price": "0.73730000", "time": "2025-07-13T13:09:35.125282Z", "fetched_at": "2025-07-13T13:10:50.539709+00:00", "symbol": "ADA-USD"}, {"trade_id": 143342884, "side": "sell", "size": "1.50000000", "price": "0.73730000", "time": "2025-07-13T13:09:35.125282Z", "fetched_at": "2025-07-13T13:10:50.539709+00:00", "symbol": "ADA-USD"}, {"trade_id": 143342883, "side": "buy", "size": "12.46569656", "price": "0.73710000", "time": "2025-07-13T13:09:30.821984Z", "fetched_at": "2025-07-13T13:10:50.539709+00:00", "symbol": "ADA-USD"}, {"trade_id": 143342882, "side": "buy", "size": "11.15457256", "price": "0.73710000", "time": "2025-07-13T13:09:29.715290Z", "fetched_at": "2025-07-13T13:10:50.539709+00:00", "symbol": "ADA-USD"}, {"trade_id": 143342881, "side": "buy", "size": "1.50000000", "price": "0.73710000", "time": "2025-07-13T13:09:29.715290Z", "fetched_at": "2025-07-13T13:10:50.539709+00:00", "symbol": "ADA-USD"}, {"trade_id": 143342880, "side": "buy", "size": "122.68803000", "price": "0.73730000", "time": "2025-07-13T13:09:26.280182Z", "fetched_at": "2025-07-13T13:10:50.539709+00:00", "symbol": "ADA-USD"}, {"trade_id": 143342879, "side": "sell", "size": "1652.10293281", "price": "0.73740000", "time": "2025-07-13T13:09:23.459095Z", "fetched_at": "2025-07-13T13:10:50.539709+00:00", "symbol": "ADA-USD"}, {"trade_id": 143342878, "side": "sell", "size": "770.29007208", "price": "0.73740000", "time": "2025-07-13T13:09:23.459095Z", "fetched_at": "2025-07-13T13:10:50.539709+00:00", "symbol": "ADA-USD"}, {"trade_id": 143342877, "side": "sell", "size": "51.00306000", "price": "0.73740000", "time": "2025-07-13T13:09:23.459095Z", "fetched_at": "2025-07-13T13:10:50.539709+00:00", "symbol": "ADA-USD"}, {"trade_id": 143342876, "side": "sell", "size": "684.88816774", "price": "0.73740000", "time": "2025-07-13T13:09:23.459095Z", "fetched_at": "2025-07-13T13:10:50.539709+00:00", "symbol": "ADA-USD"}, {"trade_id": 143342875, "side": "sell", "size": "50.00000000", "price": "0.73740000", "time": "2025-07-13T13:09:23.459095Z", "fetched_at": "2025-07-13T13:10:50.539709+00:00", "symbol": "ADA-USD"}, {"trade_id": 143342874, "side": "sell", "size": "678.14523337", "price": "0.73740000", "time": "2025-07-13T13:09:23.459095Z", "fetched_at": "2025-07-13T13:10:50.539709+00:00", "symbol": "ADA-USD"}, {"trade_id": 143342873, "side": "sell", "size": "3.99276937", "price": "0.73740000", "time": "2025-07-13T13:09:20.552463Z", "fetched_at": "2025-07-13T13:10:50.539709+00:00", "symbol": "ADA-USD"}, {"trade_id": 143342872, "side": "sell", "size": "1.50000000", "price": "0.73740000", "time": "2025-07-13T13:09:20.552463Z", "fetched_at": "2025-07-13T13:10:50.539709+00:00", "symbol": "ADA-USD"}, {"trade_id": 143342871, "side": "sell", "size": "1.62109363", "price": "0.73730000", "time": "2025-07-13T13:09:20.552463Z", "fetched_at": "2025-07-13T13:10:50.539709+00:00", "symbol": "ADA-USD"}, {"trade_id": 143342870, "side": "buy", "size": "184.03204000", "price": "0.73730000", "time": "2025-07-13T13:09:17.368813Z", "fetched_at": "2025-07-13T13:10:50.539709+00:00", "symbol": "ADA-USD"}, {"trade_id": 143342869, "side": "sell", "size": "50.00000000", "price": "0.73730000", "time": "2025-07-13T13:09:17.364643Z", "fetched_at": "2025-07-13T13:10:50.539709+00:00", "symbol": "ADA-USD"}, {"trade_id": 143342868, "side": "sell", "size": "5.17967352", "price": "0.73730000", "time": "2025-07-13T13:09:17.364643Z", "fetched_at": "2025-07-13T13:10:50.539709+00:00", "symbol": "ADA-USD"}, {"trade_id": 143342867, "side": "buy", "size": "122.68803000", "price": "0.73730000", "time": "2025-07-13T13:09:17.175535Z", "fetched_at": "2025-07-13T13:10:50.539709+00:00", "symbol": "ADA-USD"}, {"trade_id": 143342866, "side": "sell", "size": "121.30046502", "price": "0.73730000", "time": "2025-07-13T13:09:16.974075Z", "fetched_at": "2025-07-13T13:10:50.539709+00:00", "symbol": "ADA-USD"}, {"trade_id": 143342865, "side": "sell", "size": "1.50000000", "price": "0.73730000", "time": "2025-07-13T13:09:16.974075Z", "fetched_at": "2025-07-13T13:10:50.539709+00:00", "symbol": "ADA-USD"}, {"trade_id": 143342864, "side": "sell", "size": "13.56581272", "price": "0.73720000", "time": "2025-07-13T13:09:16.974075Z", "fetched_at": "2025-07-13T13:10:50.539709+00:00", "symbol": "ADA-USD"}, {"trade_id": 143342863, "side": "sell", "size": "13.56754993", "price": "0.73720000", "time": "2025-07-13T13:09:15.048119Z", "fetched_at": "2025-07-13T13:10:50.539709+00:00", "symbol": "ADA-USD"}, {"trade_id": 143342862, "side": "buy", "size": "184.03204000", "price": "0.73720000", "time": "2025-07-13T13:09:14.087744Z", "fetched_at": "2025-07-13T13:10:50.539709+00:00", "symbol": "ADA-USD"}, {"trade_id": 143342861, "side": "sell", "size": "4501.48919643", "price": "0.73730000", "time": "2025-07-13T13:09:13.950367Z", "fetched_at": "2025-07-13T13:10:50.539709+00:00", "symbol": "ADA-USD"}, {"trade_id": 143342860, "side": "sell", "size": "423.82706750", "price": "0.73730000", "time": "2025-07-13T13:09:13.950367Z", "fetched_at": "2025-07-13T13:10:50.539709+00:00", "symbol": "ADA-USD"}, {"trade_id": 143342859, "side": "sell", "size": "770.29007208", "price": "0.73730000", "time": "2025-07-13T13:09:13.950367Z", "fetched_at": "2025-07-13T13:10:50.539709+00:00", "symbol": "ADA-USD"}, {"trade_id": 143342858, "side": "sell", "size": "13.56754993", "price": "0.73720000", "time": "2025-07-13T13:09:13.950367Z", "fetched_at": "2025-07-13T13:10:50.539709+00:00", "symbol": "ADA-USD"}, {"trade_id": 143342857, "side": "sell", "size": "678.27121306", "price": "0.73720000", "time": "2025-07-13T13:09:13.950367Z", "fetched_at": "2025-07-13T13:10:50.539709+00:00", "symbol": "ADA-USD"}, {"trade_id": 143342856, "side": "sell", "size": "1.50000000", "price": "0.73720000", "time": "2025-07-13T13:09:13.950367Z", "fetched_at": "2025-07-13T13:10:50.539709+00:00", "symbol": "ADA-USD"}, {"trade_id": 143342855, "side": "buy", "size": "2.46263700", "price": "0.73710000", "time": "2025-07-13T13:09:13.783852Z", "fetched_at": "2025-07-13T13:10:50.539709+00:00", "symbol": "ADA-USD"}, {"trade_id": 143342854, "side": "buy", "size": "68.40876150", "price": "0.73700000", "time": "2025-07-13T13:09:13.603690Z", "fetched_at": "2025-07-13T13:10:50.539709+00:00", "symbol": "ADA-USD"}, {"trade_id": 143342853, "side": "buy", "size": "2.45290850", "price": "0.73710000", "time": "2025-07-13T13:09:13.603690Z", "fetched_at": "2025-07-13T13:10:50.539709+00:00", "symbol": "ADA-USD"}, {"trade_id": 143342852, "side": "sell", "size": "13.56581701", "price": "0.73690000", "time": "2025-07-13T13:09:09.562504Z", "fetched_at": "2025-07-13T13:10:50.539709+00:00", "symbol": "ADA-USD"}, {"trade_id": 143342851, "side": "buy", "size": "9.49450300", "price": "0.73680000", "time": "2025-07-13T13:09:08.831444Z", "fetched_at": "2025-07-13T13:10:50.539709+00:00", "symbol": "ADA-USD"}, {"trade_id": 143342850, "side": "buy", "size": "4096.14554229", "price": "0.73680000", "time": "2025-07-13T13:09:08.821200Z", "fetched_at": "2025-07-13T13:10:50.539709+00:00", "symbol": "ADA-USD"}, {"trade_id": 143342849, "side": "buy", "size": "678.57632207", "price": "0.73680000", "time": "2025-07-13T13:09:08.821200Z", "fetched_at": "2025-07-13T13:10:50.539709+00:00", "symbol": "ADA-USD"}, {"trade_id": 143342848, "side": "buy", "size": "1.50000000", "price": "0.73680000", "time": "2025-07-13T13:09:08.821200Z", "fetched_at": "2025-07-13T13:10:50.539709+00:00", "symbol": "ADA-USD"}, {"trade_id": 143342847, "side": "buy", "size": "239.63833000", "price": "0.73680000", "time": "2025-07-13T13:09:08.821200Z", "fetched_at": "2025-07-13T13:10:50.539709+00:00", "symbol": "ADA-USD"}, {"trade_id": 143342846, "side": "buy", "size": "70.86167000", "price": "0.73680000", "time": "2025-07-13T13:09:08.820273Z", "fetched_at": "2025-07-13T13:10:50.539709+00:00", "symbol": "ADA-USD"}, {"trade_id": 143342845, "side": "buy", "size": "1711.66631847", "price": "0.73690000", "time": "2025-07-13T13:09:08.819164Z", "fetched_at": "2025-07-13T13:10:50.539709+00:00", "symbol": "ADA-USD"}, {"trade_id": 143342844, "side": "buy", "size": "937.79506809", "price": "0.73690000", "time": "2025-07-13T13:09:08.819164Z", "fetched_at": "2025-07-13T13:10:50.539709+00:00", "symbol": "ADA-USD"}, {"trade_id": 143342843, "side": "buy", "size": "1028.97062332", "price": "0.73690000", "time": "2025-07-13T13:09:08.819164Z", "fetched_at": "2025-07-13T13:10:50.539709+00:00", "symbol": "ADA-USD"}, {"trade_id": 143342842, "side": "buy", "size": "833.29915092", "price": "0.73690000", "time": "2025-07-13T13:09:08.819164Z", "fetched_at": "2025-07-13T13:10:50.539709+00:00", "symbol": "ADA-USD"}, {"trade_id": 143342841, "side": "buy", "size": "770.29007208", "price": "0.73690000", "time": "2025-07-13T13:09:08.819164Z", "fetched_at": "2025-07-13T13:10:50.539709+00:00", "symbol": "ADA-USD"}, {"trade_id": 143342840, "side": "buy", "size": "1.50000000", "price": "0.73690000", "time": "2025-07-13T13:09:08.819164Z", "fetched_at": "2025-07-13T13:10:50.539709+00:00", "symbol": "ADA-USD"}, {"trade_id": 143342839, "side": "buy", "size": "310.50000000", "price": "0.73690000", "time": "2025-07-13T13:09:08.819164Z", "fetched_at": "2025-07-13T13:10:50.539709+00:00", "symbol": "ADA-USD"}, {"trade_id": 143342838, "side": "buy", "size": "802.60000000", "price": "0.73700000", "time": "2025-07-13T13:09:08.818551Z", "fetched_at": "2025-07-13T13:10:50.539709+00:00", "symbol": "ADA-USD"}, {"trade_id": 143342837, "side": "buy", "size": "1.50000000", "price": "0.73700000", "time": "2025-07-13T13:09:08.818551Z", "fetched_at": "2025-07-13T13:10:50.539709+00:00", "symbol": "ADA-USD"}, {"trade_id": 143342836, "side": "buy", "size": "1.50000000", "price": "0.73710000", "time": "2025-07-13T13:09:08.617638Z", "fetched_at": "2025-07-13T13:10:50.539709+00:00", "symbol": "ADA-USD"}, {"trade_id": 143342835, "side": "buy", "size": "1.64478123", "price": "0.73720000", "time": "2025-07-13T13:09:07.995673Z", "fetched_at": "2025-07-13T13:10:50.539709+00:00", "symbol": "ADA-USD"}, {"trade_id": 143342834, "side": "buy", "size": "813.89039609", "price": "0.73720000", "time": "2025-07-13T13:09:07.978753Z", "fetched_at": "2025-07-13T13:10:50.539709+00:00", "symbol": "ADA-USD"}, {"trade_id": 143342833, "side": "buy", "size": "1.50000000", "price": "0.73720000", "time": "2025-07-13T13:09:07.978753Z", "fetched_at": "2025-07-13T13:10:50.539709+00:00", "symbol": "ADA-USD"}, {"trade_id": 143342832, "side": "buy", "size": "1.64455815", "price": "0.73730000", "time": "2025-07-13T13:09:07.977322Z", "fetched_at": "2025-07-13T13:10:50.539709+00:00", "symbol": "ADA-USD"}, {"trade_id": 143342831, "side": "buy", "size": "1.64455815", "price": "0.73730000", "time": "2025-07-13T13:09:07.949021Z", "fetched_at": "2025-07-13T13:10:50.539709+00:00", "symbol": "ADA-USD"}, {"trade_id": 143342830, "side": "buy", "size": "813.78000813", "price": "0.73730000", "time": "2025-07-13T13:09:07.919960Z", "fetched_at": "2025-07-13T13:10:50.539709+00:00", "symbol": "ADA-USD"}, {"trade_id": 143342829, "side": "buy", "size": "1.50000000", "price": "0.73730000", "time": "2025-07-13T13:09:07.919960Z", "fetched_at": "2025-07-13T13:10:50.539709+00:00", "symbol": "ADA-USD"}, {"trade_id": 143342828, "side": "buy", "size": "1.62720877", "price": "0.73740000", "time": "2025-07-13T13:09:07.919960Z", "fetched_at": "2025-07-13T13:10:50.539709+00:00", "symbol": "ADA-USD"}, {"trade_id": 143342827, "side": "sell", "size": "43.89385000", "price": "0.73750000", "time": "2025-07-13T13:09:01.117694Z", "fetched_at": "2025-07-13T13:10:50.539709+00:00", "symbol": "ADA-USD"}, {"trade_id": 143342826, "side": "sell", "size": "1.00623400", "price": "0.73740000", "time": "2025-07-13T13:08:59.951366Z", "fetched_at": "2025-07-13T13:10:50.539709+00:00", "symbol": "ADA-USD"}, {"trade_id": 143342825, "side": "sell", "size": "13.08104100", "price": "0.73740000", "time": "2025-07-13T13:08:57.942160Z", "fetched_at": "2025-07-13T13:10:50.539709+00:00", "symbol": "ADA-USD"}, {"trade_id": 143342824, "side": "sell", "size": "33.53860500", "price": "0.73740000", "time": "2025-07-13T13:08:57.519877Z", "fetched_at": "2025-07-13T13:10:50.539709+00:00", "symbol": "ADA-USD"}, {"trade_id": 143342823, "side": "buy", "size": "1.50000000", "price": "0.73740000", "time": "2025-07-13T13:08:57.057148Z", "fetched_at": "2025-07-13T13:10:50.539709+00:00", "symbol": "ADA-USD"}, {"trade_id": 143342822, "side": "buy", "size": "1.43945906", "price": "0.73750000", "time": "2025-07-13T13:08:56.760074Z", "fetched_at": "2025-07-13T13:10:50.539709+00:00", "symbol": "ADA-USD"}, {"trade_id": 143342821, "side": "buy", "size": "1.50000000", "price": "0.73750000", "time": "2025-07-13T13:08:56.760074Z", "fetched_at": "2025-07-13T13:10:50.539709+00:00", "symbol": "ADA-USD"}, {"trade_id": 143342820, "side": "buy", "size": "164.07348341", "price": "0.73750000", "time": "2025-07-13T13:08:56.760074Z", "fetched_at": "2025-07-13T13:10:50.539709+00:00", "symbol": "ADA-USD"}, {"trade_id": 143342819, "side": "buy", "size": "40.46129900", "price": "0.73750000", "time": "2025-07-13T13:08:56.426561Z", "fetched_at": "2025-07-13T13:10:50.539709+00:00", "symbol": "ADA-USD"}, {"trade_id": 143342818, "side": "sell", "size": "3.42918800", "price": "0.73760000", "time": "2025-07-13T13:08:55.101507Z", "fetched_at": "2025-07-13T13:10:50.539709+00:00", "symbol": "ADA-USD"}, {"trade_id": 143342817, "side": "buy", "size": "12.27715823", "price": "0.73760000", "time": "2025-07-13T13:08:52.343768Z", "fetched_at": "2025-07-13T13:10:50.539709+00:00", "symbol": "ADA-USD"}, {"trade_id": 143342816, "side": "buy", "size": "12.14856401", "price": "0.73770000", "time": "2025-07-13T13:08:52.218105Z", "fetched_at": "2025-07-13T13:10:50.539709+00:00", "symbol": "ADA-USD"}, {"trade_id": 143342815, "side": "sell", "size": "210.93410154", "price": "0.73780000", "time": "2025-07-13T13:08:50.052208Z", "fetched_at": "2025-07-13T13:10:50.539709+00:00", "symbol": "ADA-USD"}, {"trade_id": 143342814, "side": "sell", "size": "13.55377246", "price": "0.73780000", "time": "2025-07-13T13:08:50.052208Z", "fetched_at": "2025-07-13T13:10:50.539709+00:00", "symbol": "ADA-USD"}, {"trade_id": 143342813, "side": "buy", "size": "4.33905690", "price": "0.73770000", "time": "2025-07-13T13:08:48.878031Z", "fetched_at": "2025-07-13T13:10:50.539709+00:00", "symbol": "ADA-USD"}, {"trade_id": 143342812, "side": "buy", "size": "13.55564593", "price": "0.73770000", "time": "2025-07-13T13:08:41.318999Z", "fetched_at": "2025-07-13T13:10:50.539709+00:00", "symbol": "ADA-USD"}, {"trade_id": 143342811, "side": "buy", "size": "122.75544709", "price": "0.73760000", "time": "2025-07-13T13:08:39.749923Z", "fetched_at": "2025-07-13T13:10:50.539709+00:00", "symbol": "ADA-USD"}, {"trade_id": 143342810, "side": "buy", "size": "13.55564593", "price": "0.73770000", "time": "2025-07-13T13:08:39.749923Z", "fetched_at": "2025-07-13T13:10:50.539709+00:00", "symbol": "ADA-USD"}, {"trade_id": 143342809, "side": "sell", "size": "131.67966000", "price": "0.73780000", "time": "2025-07-13T13:08:38.525747Z", "fetched_at": "2025-07-13T13:10:50.539709+00:00", "symbol": "ADA-USD"}, {"trade_id": 143342808, "side": "sell", "size": "248.81258229", "price": "0.73800000", "time": "2025-07-13T13:08:35.037043Z", "fetched_at": "2025-07-13T13:10:50.539709+00:00", "symbol": "ADA-USD"}, {"trade_id": 143342807, "side": "sell", "size": "770.29007208", "price": "0.73800000", "time": "2025-07-13T13:08:35.037043Z", "fetched_at": "2025-07-13T13:10:50.539709+00:00", "symbol": "ADA-USD"}, {"trade_id": 143342806, "side": "sell", "size": "744.37511513", "price": "0.73800000", "time": "2025-07-13T13:08:35.037043Z", "fetched_at": "2025-07-13T13:10:50.539709+00:00", "symbol": "ADA-USD"}, {"trade_id": 143342805, "side": "sell", "size": "752.10918593", "price": "0.73800000", "time": "2025-07-13T13:08:35.037043Z", "fetched_at": "2025-07-13T13:10:50.539709+00:00", "symbol": "ADA-USD"}, {"trade_id": 143342804, "side": "sell", "size": "677.53607980", "price": "0.73800000", "time": "2025-07-13T13:08:35.037043Z", "fetched_at": "2025-07-13T13:10:50.539709+00:00", "symbol": "ADA-USD"}, {"trade_id": 143342803, "side": "sell", "size": "1.50000000", "price": "0.73800000", "time": "2025-07-13T13:08:35.037043Z", "fetched_at": "2025-07-13T13:10:50.539709+00:00", "symbol": "ADA-USD"}, {"trade_id": 143342802, "side": "sell", "size": "12.53641475", "price": "0.73780000", "time": "2025-07-13T13:08:34.839589Z", "fetched_at": "2025-07-13T13:10:50.539709+00:00", "symbol": "ADA-USD"}, {"trade_id": 143342801, "side": "buy", "size": "12651.34989431", "price": "0.73760000", "time": "2025-07-13T13:08:33.276186Z", "fetched_at": "2025-07-13T13:10:50.539709+00:00", "symbol": "ADA-USD"}, {"trade_id": 143342800, "side": "buy", "size": "5035.50000000", "price": "0.73760000", "time": "2025-07-13T13:08:33.276186Z", "fetched_at": "2025-07-13T13:10:50.539709+00:00", "symbol": "ADA-USD"}, {"trade_id": 143342799, "side": "buy", "size": "1769.80351000", "price": "0.73760000", "time": "2025-07-13T13:08:33.276186Z", "fetched_at": "2025-07-13T13:10:50.539709+00:00", "symbol": "ADA-USD"}, {"trade_id": 143342798, "side": "buy", "size": "1770.54845000", "price": "0.73760000", "time": "2025-07-13T13:08:33.276186Z", "fetched_at": "2025-07-13T13:10:50.539709+00:00", "symbol": "ADA-USD"}, {"trade_id": 143342797, "side": "buy", "size": "1769.08521000", "price": "0.73760000", "time": "2025-07-13T13:08:33.276186Z", "fetched_at": "2025-07-13T13:10:50.539709+00:00", "symbol": "ADA-USD"}, {"trade_id": 143342796, "side": "buy", "size": "525.91676808", "price": "0.73760000", "time": "2025-07-13T13:08:33.276186Z", "fetched_at": "2025-07-13T13:10:50.539709+00:00", "symbol": "ADA-USD"}, {"trade_id": 143342795, "side": "buy", "size": "1.50000000", "price": "0.73760000", "time": "2025-07-13T13:08:33.276186Z", "fetched_at": "2025-07-13T13:10:50.539709+00:00", "symbol": "ADA-USD"}, {"trade_id": 143342794, "side": "buy", "size": "0.10000000", "price": "0.73760000", "time": "2025-07-13T13:08:33.276186Z", "fetched_at": "2025-07-13T13:10:50.539709+00:00", "symbol": "ADA-USD"}, {"trade_id": 143342793, "side": "buy", "size": "621.63281091", "price": "0.73760000", "time": "2025-07-13T13:08:33.276186Z", "fetched_at": "2025-07-13T13:10:50.539709+00:00", "symbol": "ADA-USD"}, {"trade_id": 143342792, "side": "buy", "size": "770.29007208", "price": "0.73760000", "time": "2025-07-13T13:08:33.276186Z", "fetched_at": "2025-07-13T13:10:50.539709+00:00", "symbol": "ADA-USD"}, {"trade_id": 143342791, "side": "buy", "size": "51.00306000", "price": "0.73770000", "time": "2025-07-13T13:08:33.276186Z", "fetched_at": "2025-07-13T13:10:50.539709+00:00", "symbol": "ADA-USD"}, {"trade_id": 143342790, "side": "buy", "size": "763.87542167", "price": "0.73770000", "time": "2025-07-13T13:08:33.276186Z", "fetched_at": "2025-07-13T13:10:50.539709+00:00", "symbol": "ADA-USD"}, {"trade_id": 143342789, "side": "buy", "size": "13.55564593", "price": "0.73770000", "time": "2025-07-13T13:08:33.276186Z", "fetched_at": "2025-07-13T13:10:50.539709+00:00", "symbol": "ADA-USD"}, {"trade_id": 143342788, "side": "buy", "size": "1.50000000", "price": "0.73770000", "time": "2025-07-13T13:08:33.276186Z", "fetched_at": "2025-07-13T13:10:50.539709+00:00", "symbol": "ADA-USD"}, {"trade_id": 143342787, "side": "sell", "size": "31.42397300", "price": "0.73800000", "time": "2025-07-13T13:08:31.148260Z", "fetched_at": "2025-07-13T13:10:50.539709+00:00", "symbol": "ADA-USD"}, {"trade_id": 143342786, "side": "sell", "size": "1.50000000", "price": "0.73800000", "time": "2025-07-13T13:08:31.148260Z", "fetched_at": "2025-07-13T13:10:50.539709+00:00", "symbol": "ADA-USD"}, {"trade_id": 143342785, "side": "sell", "size": "12.01034157", "price": "0.73790000", "time": "2025-07-13T13:08:31.098060Z", "fetched_at": "2025-07-13T13:10:50.539709+00:00", "symbol": "ADA-USD"}, {"trade_id": 143342784, "side": "buy", "size": "70.56230000", "price": "0.73780000", "time": "2025-07-13T13:08:30.636811Z", "fetched_at": "2025-07-13T13:10:50.539709+00:00", "symbol": "ADA-USD"}, {"trade_id": 143342783, "side": "sell", "size": "13.55292578", "price": "0.73780000", "time": "2025-07-13T13:08:27.318942Z", "fetched_at": "2025-07-13T13:10:50.539709+00:00", "symbol": "ADA-USD"}, {"trade_id": 143342782, "side": "buy", "size": "13.55380863", "price": "0.73780000", "time": "2025-07-13T13:08:26.580830Z", "fetched_at": "2025-07-13T13:10:50.539709+00:00", "symbol": "ADA-USD"}, {"trade_id": 143342781, "side": "buy", "size": "1.62021737", "price": "0.73790000", "time": "2025-07-13T13:08:24.825974Z", "fetched_at": "2025-07-13T13:10:50.539709+00:00", "symbol": "ADA-USD"}, {"trade_id": 143342780, "side": "buy", "size": "2.16028983", "price": "0.73790000", "time": "2025-07-13T13:08:24.811716Z", "fetched_at": "2025-07-13T13:10:50.539709+00:00", "symbol": "ADA-USD"}, {"trade_id": 143342779, "side": "buy", "size": "1.99411369", "price": "0.73790000", "time": "2025-07-13T13:08:24.794037Z", "fetched_at": "2025-07-13T13:10:50.539709+00:00", "symbol": "ADA-USD"}, {"trade_id": 143342778, "side": "buy", "size": "2.29157816", "price": "0.73800000", "time": "2025-07-13T13:08:23.541626Z", "fetched_at": "2025-07-13T13:10:50.539709+00:00", "symbol": "ADA-USD"}, {"trade_id": 143342777, "side": "buy", "size": "53.77535694", "price": "0.73790000", "time": "2025-07-13T13:08:23.432430Z", "fetched_at": "2025-07-13T13:10:50.539709+00:00", "symbol": "ADA-USD"}, {"trade_id": 143342776, "side": "buy", "size": "13.55013551", "price": "0.73800000", "time": "2025-07-13T13:08:23.432430Z", "fetched_at": "2025-07-13T13:10:50.539709+00:00", "symbol": "ADA-USD"}, {"trade_id": 143342775, "side": "buy", "size": "3.05543755", "price": "0.73800000", "time": "2025-07-13T13:08:23.432430Z", "fetched_at": "2025-07-13T13:10:50.539709+00:00", "symbol": "ADA-USD"}, {"trade_id": 143342774, "side": "sell", "size": "31.03773276", "price": "0.73820000", "time": "2025-07-13T13:08:22.065153Z", "fetched_at": "2025-07-13T13:10:50.539709+00:00", "symbol": "ADA-USD"}, {"trade_id": 143342773, "side": "sell", "size": "644.87726724", "price": "0.73810000", "time": "2025-07-13T13:08:22.065153Z", "fetched_at": "2025-07-13T13:10:50.539709+00:00", "symbol": "ADA-USD"}, {"trade_id": 143342772, "side": "sell", "size": "1.50000000", "price": "0.73810000", "time": "2025-07-13T13:08:22.065153Z", "fetched_at": "2025-07-13T13:10:50.539709+00:00", "symbol": "ADA-USD"}, {"trade_id": 143342771, "side": "sell", "size": "1.50000000", "price": "0.73800000", "time": "2025-07-13T13:08:21.708346Z", "fetched_at": "2025-07-13T13:10:50.539709+00:00", "symbol": "ADA-USD"}, {"trade_id": 143342770, "side": "buy", "size": "297.04592466", "price": "0.73770000", "time": "2025-07-13T13:08:19.582798Z", "fetched_at": "2025-07-13T13:10:50.539709+00:00", "symbol": "ADA-USD"}, {"trade_id": 143342769, "side": "buy", "size": "310.50000000", "price": "0.73770000", "time": "2025-07-13T13:08:19.582798Z", "fetched_at": "2025-07-13T13:10:50.539709+00:00", "symbol": "ADA-USD"}, {"trade_id": 143342768, "side": "buy", "size": "51.00306000", "price": "0.73780000", "time": "2025-07-13T13:08:19.582798Z", "fetched_at": "2025-07-13T13:10:50.539709+00:00", "symbol": "ADA-USD"}, {"trade_id": 143342767, "side": "buy", "size": "50.00000000", "price": "0.73780000", "time": "2025-07-13T13:08:19.582798Z", "fetched_at": "2025-07-13T13:10:50.539709+00:00", "symbol": "ADA-USD"}, {"trade_id": 143342766, "side": "buy", "size": "310.50000000", "price": "0.73780000", "time": "2025-07-13T13:08:19.582798Z", "fetched_at": "2025-07-13T13:10:50.539709+00:00", "symbol": "ADA-USD"}, {"trade_id": 143342765, "side": "buy", "size": "114.48628000", "price": "0.73780000", "time": "2025-07-13T13:08:19.582798Z", "fetched_at": "2025-07-13T13:10:50.539709+00:00", "symbol": "ADA-USD"}, {"trade_id": 143342764, "side": "buy", "size": "122.68803000", "price": "0.73780000", "time": "2025-07-13T13:08:19.582798Z", "fetched_at": "2025-07-13T13:10:50.539709+00:00", "symbol": "ADA-USD"}, {"trade_id": 143342763, "side": "buy", "size": "4.07391673", "price": "0.73780000", "time": "2025-07-13T13:08:19.582798Z", "fetched_at": "2025-07-13T13:10:50.539709+00:00", "symbol": "ADA-USD"}, {"trade_id": 143342762, "side": "sell", "size": "402.34769316", "price": "0.73800000", "time": "2025-07-13T13:08:18.452955Z", "fetched_at": "2025-07-13T13:10:50.539709+00:00", "symbol": "ADA-USD"}, {"trade_id": 143342761, "side": "sell", "size": "310.50000000", "price": "0.73800000", "time": "2025-07-13T13:08:18.452955Z", "fetched_at": "2025-07-13T13:10:50.539709+00:00", "symbol": "ADA-USD"}, {"trade_id": 143342760, "side": "sell", "size": "629.83259884", "price": "0.73790000", "time": "2025-07-13T13:08:18.452955Z", "fetched_at": "2025-07-13T13:10:50.539709+00:00", "symbol": "ADA-USD"}, {"trade_id": 143342759, "side": "sell", "size": "1.50000000", "price": "0.73790000", "time": "2025-07-13T13:08:18.452955Z", "fetched_at": "2025-07-13T13:10:50.539709+00:00", "symbol": "ADA-USD"}, {"trade_id": 143342758, "side": "sell", "size": "1.50000000", "price": "0.73780000", "time": "2025-07-13T13:08:17.284119Z", "fetched_at": "2025-07-13T13:10:50.539709+00:00", "symbol": "ADA-USD"}, {"trade_id": 143342757, "side": "sell", "size": "72.60769173", "price": "0.73760000", "time": "2025-07-13T13:08:16.326368Z", "fetched_at": "2025-07-13T13:10:50.539709+00:00", "symbol": "ADA-USD"}, {"trade_id": 143342756, "side": "sell", "size": "3317.88482477", "price": "0.73760000", "time": "2025-07-13T13:08:16.321134Z", "fetched_at": "2025-07-13T13:10:50.539709+00:00", "symbol": "ADA-USD"}, {"trade_id": 143342755, "side": "sell", "size": "1.50000000", "price": "0.73760000", "time": "2025-07-13T13:08:16.321134Z", "fetched_at": "2025-07-13T13:10:50.539709+00:00", "symbol": "ADA-USD"}, {"trade_id": 143342754, "side": "sell", "size": "2.54737028", "price": "0.73750000", "time": "2025-07-13T13:08:14.132053Z", "fetched_at": "2025-07-13T13:10:50.539709+00:00", "symbol": "ADA-USD"}, {"trade_id": 143342753, "side": "sell", "size": "6.94999956", "price": "0.73750000", "time": "2025-07-13T13:08:13.712781Z", "fetched_at": "2025-07-13T13:10:50.539709+00:00", "symbol": "ADA-USD"}, {"trade_id": 143342752, "side": "sell", "size": "10.75967764", "price": "0.73740000", "time": "2025-07-13T13:08:12.946122Z", "fetched_at": "2025-07-13T13:10:50.539709+00:00", "symbol": "ADA-USD"}, {"trade_id": 143342751, "side": "sell", "size": "136.31109302", "price": "0.73740000", "time": "2025-07-13T13:08:12.357936Z", "fetched_at": "2025-07-13T13:10:50.539709+00:00", "symbol": "ADA-USD"}, {"trade_id": 143342750, "side": "sell", "size": "2.50786547", "price": "0.73740000", "time": "2025-07-13T13:08:12.033591Z", "fetched_at": "2025-07-13T13:10:50.539709+00:00", "symbol": "ADA-USD"}, {"trade_id": 143342749, "side": "sell", "size": "23.90767271", "price": "0.73740000", "time": "2025-07-13T13:08:11.484431Z", "fetched_at": "2025-07-13T13:10:50.539709+00:00", "symbol": "ADA-USD"}, {"trade_id": 143342748, "side": "sell", "size": "13.56291294", "price": "0.73750000", "time": "2025-07-13T13:08:10.123578Z", "fetched_at": "2025-07-13T13:10:50.539709+00:00", "symbol": "ADA-USD"}, {"trade_id": 143342747, "side": "sell", "size": "3327.42436858", "price": "0.73750000", "time": "2025-07-13T13:08:09.685972Z", "fetched_at": "2025-07-13T13:10:50.539709+00:00", "symbol": "ADA-USD"}, {"trade_id": 143342746, "side": "buy", "size": "208.25239618", "price": "0.73730000", "time": "2025-07-13T13:08:09.074710Z", "fetched_at": "2025-07-13T13:10:50.539709+00:00", "symbol": "ADA-USD"}, {"trade_id": 143342745, "side": "buy", "size": "963.87724258", "price": "0.73730000", "time": "2025-07-13T13:08:09.074710Z", "fetched_at": "2025-07-13T13:10:50.539709+00:00", "symbol": "ADA-USD"}, {"trade_id": 143342744, "side": "buy", "size": "789.33738734", "price": "0.73730000", "time": "2025-07-13T13:08:09.074710Z", "fetched_at": "2025-07-13T13:10:50.539709+00:00", "symbol": "ADA-USD"}, {"trade_id": 143342743, "side": "buy", "size": "770.29007208", "price": "0.73730000", "time": "2025-07-13T13:08:09.074710Z", "fetched_at": "2025-07-13T13:10:50.539709+00:00", "symbol": "ADA-USD"}, {"trade_id": 143342742, "side": "buy", "size": "310.50000000", "price": "0.73730000", "time": "2025-07-13T13:08:09.074710Z", "fetched_at": "2025-07-13T13:10:50.539709+00:00", "symbol": "ADA-USD"}, {"trade_id": 143342741, "side": "buy", "size": "6.68540182", "price": "0.73730000", "time": "2025-07-13T13:08:09.074710Z", "fetched_at": "2025-07-13T13:10:50.539709+00:00", "symbol": "ADA-USD"}, {"trade_id": 143342740, "side": "sell", "size": "13.55828707", "price": "0.73730000", "time": "2025-07-13T13:08:08.356236Z", "fetched_at": "2025-07-13T13:10:50.539709+00:00", "symbol": "ADA-USD"}, {"trade_id": 143342739, "side": "sell", "size": "616.12056576", "price": "0.73730000", "time": "2025-07-13T13:08:08.356236Z", "fetched_at": "2025-07-13T13:10:50.539709+00:00", "symbol": "ADA-USD"}, {"trade_id": 143342738, "side": "buy", "size": "1.50000000", "price": "0.73730000", "time": "2025-07-13T13:08:08.276400Z", "fetched_at": "2025-07-13T13:10:50.539709+00:00", "symbol": "ADA-USD"}, {"trade_id": 143342737, "side": "buy", "size": "526.19027932", "price": "0.73730000", "time": "2025-07-13T13:08:08.276400Z", "fetched_at": "2025-07-13T13:10:50.539709+00:00", "symbol": "ADA-USD"}, {"trade_id": 143342736, "side": "buy", "size": "770.29007208", "price": "0.73730000", "time": "2025-07-13T13:08:08.276400Z", "fetched_at": "2025-07-13T13:10:50.539709+00:00", "symbol": "ADA-USD"}, {"trade_id": 143342735, "side": "buy", "size": "1.50000000", "price": "0.73740000", "time": "2025-07-13T13:08:08.274287Z", "fetched_at": "2025-07-13T13:10:50.539709+00:00", "symbol": "ADA-USD"}, {"trade_id": 143342734, "side": "buy", "size": "1.50000000", "price": "0.73750000", "time": "2025-07-13T13:08:07.915370Z", "fetched_at": "2025-07-13T13:10:50.539709+00:00", "symbol": "ADA-USD"}, {"trade_id": 143342733, "side": "buy", "size": "1.50000000", "price": "0.73760000", "time": "2025-07-13T13:08:04.141799Z", "fetched_at": "2025-07-13T13:10:50.539709+00:00", "symbol": "ADA-USD"}, {"trade_id": 143342732, "side": "buy", "size": "1.50000000", "price": "0.73770000", "time": "2025-07-13T13:08:03.906577Z", "fetched_at": "2025-07-13T13:10:50.539709+00:00", "symbol": "ADA-USD"}, {"trade_id": 143342731, "side": "buy", "size": "1.50000000", "price": "0.73780000", "time": "2025-07-13T13:08:03.824518Z", "fetched_at": "2025-07-13T13:10:50.539709+00:00", "symbol": "ADA-USD"}, {"trade_id": 143342730, "side": "buy", "size": "1498.50000000", "price": "0.73790000", "time": "2025-07-13T13:08:03.661083Z", "fetched_at": "2025-07-13T13:10:50.539709+00:00", "symbol": "ADA-USD"}, {"trade_id": 143342729, "side": "buy", "size": "1.50000000", "price": "0.73790000", "time": "2025-07-13T13:08:03.661083Z", "fetched_at": "2025-07-13T13:10:50.539709+00:00", "symbol": "ADA-USD"}, {"trade_id": 143342728, "side": "buy", "size": "51.78072330", "price": "0.73790000", "time": "2025-07-13T13:07:59.860105Z", "fetched_at": "2025-07-13T13:10:50.539709+00:00", "symbol": "ADA-USD"}, {"trade_id": 143342727, "side": "buy", "size": "1.44698604", "price": "0.73800000", "time": "2025-07-13T13:07:59.860105Z", "fetched_at": "2025-07-13T13:10:50.539709+00:00", "symbol": "ADA-USD"}, {"trade_id": 143342726, "side": "buy", "size": "1.50000000", "price": "0.73800000", "time": "2025-07-13T13:07:59.860105Z", "fetched_at": "2025-07-13T13:10:50.539709+00:00", "symbol": "ADA-USD"}, {"trade_id": 143342725, "side": "buy", "size": "0.00000666", "price": "0.73800000", "time": "2025-07-13T13:07:59.860105Z", "fetched_at": "2025-07-13T13:10:50.539709+00:00", "symbol": "ADA-USD"}, {"trade_id": 143342724, "side": "buy", "size": "1.48412629", "price": "0.73810000", "time": "2025-07-13T13:07:57.042463Z", "fetched_at": "2025-07-13T13:10:50.539709+00:00", "symbol": "ADA-USD"}, {"trade_id": 143342723, "side": "buy", "size": "1.50000000", "price": "0.73810000", "time": "2025-07-13T13:07:57.042463Z", "fetched_at": "2025-07-13T13:10:50.539709+00:00", "symbol": "ADA-USD"}, {"trade_id": 143342722, "side": "sell", "size": "6.36505100", "price": "0.73820000", "time": "2025-07-13T13:07:54.646261Z", "fetched_at": "2025-07-13T13:10:50.539709+00:00", "symbol": "ADA-USD"}, {"trade_id": 143342721, "side": "buy", "size": "2546.94610864", "price": "0.73820000", "time": "2025-07-13T13:07:52.216151Z", "fetched_at": "2025-07-13T13:10:50.539709+00:00", "symbol": "ADA-USD"}, {"trade_id": 143342720, "side": "buy", "size": "3003.90105879", "price": "0.73820000", "time": "2025-07-13T13:07:52.216151Z", "fetched_at": "2025-07-13T13:10:50.539709+00:00", "symbol": "ADA-USD"}, {"trade_id": 143342719, "side": "buy", "size": "770.29007208", "price": "0.73820000", "time": "2025-07-13T13:07:52.216151Z", "fetched_at": "2025-07-13T13:10:50.539709+00:00", "symbol": "ADA-USD"}, {"trade_id": 143342718, "side": "buy", "size": "801.20000000", "price": "0.73820000", "time": "2025-07-13T13:07:52.216151Z", "fetched_at": "2025-07-13T13:10:50.539709+00:00", "symbol": "ADA-USD"}, {"trade_id": 143342717, "side": "buy", "size": "1.50000000", "price": "0.73820000", "time": "2025-07-13T13:07:52.216151Z", "fetched_at": "2025-07-13T13:10:50.539709+00:00", "symbol": "ADA-USD"}, {"trade_id": 143342716, "side": "buy", "size": "1.45717936", "price": "0.73830000", "time": "2025-07-13T13:07:52.216151Z", "fetched_at": "2025-07-13T13:10:50.539709+00:00", "symbol": "ADA-USD"}, {"trade_id": 143342715, "side": "buy", "size": "1.50000000", "price": "0.73830000", "time": "2025-07-13T13:07:52.216151Z", "fetched_at": "2025-07-13T13:10:50.539709+00:00", "symbol": "ADA-USD"}, {"trade_id": 143342714, "side": "buy", "size": "1.45698201", "price": "0.73840000", "time": "2025-07-13T13:07:52.014141Z", "fetched_at": "2025-07-13T13:10:50.539709+00:00", "symbol": "ADA-USD"}, {"trade_id": 143342713, "side": "buy", "size": "1.50000000", "price": "0.73840000", "time": "2025-07-13T13:07:52.014141Z", "fetched_at": "2025-07-13T13:10:50.539709+00:00", "symbol": "ADA-USD"}, {"trade_id": 143342712, "side": "buy", "size": "1.45678472", "price": "0.73850000", "time": "2025-07-13T13:07:51.988091Z", "fetched_at": "2025-07-13T13:10:50.539709+00:00", "symbol": "ADA-USD"}, {"trade_id": 143342711, "side": "buy", "size": "1.50000000", "price": "0.73850000", "time": "2025-07-13T13:07:51.988091Z", "fetched_at": "2025-07-13T13:10:50.539709+00:00", "symbol": "ADA-USD"}, {"trade_id": 143342710, "side": "buy", "size": "1.63179086", "price": "0.73860000", "time": "2025-07-13T13:07:51.612180Z", "fetched_at": "2025-07-13T13:10:50.539709+00:00", "symbol": "ADA-USD"}, {"trade_id": 143342709, "side": "buy", "size": "1.50000000", "price": "0.73860000", "time": "2025-07-13T13:07:51.612180Z", "fetched_at": "2025-07-13T13:10:50.539709+00:00", "symbol": "ADA-USD"}, {"trade_id": 143342708, "side": "buy", "size": "57.62304775", "price": "0.73870000", "time": "2025-07-13T13:07:50.515373Z", "fetched_at": "2025-07-13T13:10:50.539709+00:00", "symbol": "ADA-USD"}, {"trade_id": 143342707, "side": "sell", "size": "0.79494300", "price": "0.73880000", "time": "2025-07-13T13:07:48.626953Z", "fetched_at": "2025-07-13T13:10:50.539709+00:00", "symbol": "ADA-USD"}, {"trade_id": 143342706, "side": "buy", "size": "122.68803000", "price": "0.73880000", "time": "2025-07-13T13:07:43.376562Z", "fetched_at": "2025-07-13T13:10:50.539709+00:00", "symbol": "ADA-USD"}, {"trade_id": 143342705, "side": "sell", "size": "13.20904075", "price": "0.73880000", "time": "2025-07-13T13:07:43.369402Z", "fetched_at": "2025-07-13T13:10:50.539709+00:00", "symbol": "ADA-USD"}, {"trade_id": 143342704, "side": "buy", "size": "8.91386909", "price": "0.73870000", "time": "2025-07-13T13:07:42.943732Z", "fetched_at": "2025-07-13T13:10:50.539709+00:00", "symbol": "ADA-USD"}, {"trade_id": 143342703, "side": "buy", "size": "13.53729525", "price": "0.73870000", "time": "2025-07-13T13:07:42.904823Z", "fetched_at": "2025-07-13T13:10:50.539709+00:00", "symbol": "ADA-USD"}, {"trade_id": 143342702, "side": "buy", "size": "13.53729525", "price": "0.73870000", "time": "2025-07-13T13:07:42.887537Z", "fetched_at": "2025-07-13T13:10:50.539709+00:00", "symbol": "ADA-USD"}, {"trade_id": 143342701, "side": "buy", "size": "237.14931957", "price": "0.73870000", "time": "2025-07-13T13:07:42.887537Z", "fetched_at": "2025-07-13T13:10:50.539709+00:00", "symbol": "ADA-USD"}, {"trade_id": 143342700, "side": "buy", "size": "13.53729525", "price": "0.73870000", "time": "2025-07-13T13:07:42.877328Z", "fetched_at": "2025-07-13T13:10:50.539709+00:00", "symbol": "ADA-USD"}, {"trade_id": 143342699, "side": "buy", "size": "825.68744368", "price": "0.73870000", "time": "2025-07-13T13:07:42.823928Z", "fetched_at": "2025-07-13T13:10:50.539709+00:00", "symbol": "ADA-USD"}, {"trade_id": 143342698, "side": "buy", "size": "1.50000000", "price": "0.73870000", "time": "2025-07-13T13:07:42.823928Z", "fetched_at": "2025-07-13T13:10:50.539709+00:00", "symbol": "ADA-USD"}, {"trade_id": 143342697, "side": "buy", "size": "3.96171959", "price": "0.73870000", "time": "2025-07-13T13:07:42.823928Z", "fetched_at": "2025-07-13T13:10:50.539709+00:00", "symbol": "ADA-USD"}, {"trade_id": 143342696, "side": "buy", "size": "11.88515879", "price": "0.73870000", "time": "2025-07-13T13:07:42.823928Z", "fetched_at": "2025-07-13T13:10:50.539709+00:00", "symbol": "ADA-USD"}, {"trade_id": 143342695, "side": "buy", "size": "50.00000000", "price": "0.73880000", "time": "2025-07-13T13:07:42.762029Z", "fetched_at": "2025-07-13T13:10:50.539709+00:00", "symbol": "ADA-USD"}, {"trade_id": 143342694, "side": "buy", "size": "13.53546292", "price": "0.73880000", "time": "2025-07-13T13:07:42.762029Z", "fetched_at": "2025-07-13T13:10:50.539709+00:00", "symbol": "ADA-USD"}, {"trade_id": 143342693, "side": "buy", "size": "310.50000000", "price": "0.73880000", "time": "2025-07-13T13:07:42.762029Z", "fetched_at": "2025-07-13T13:10:50.539709+00:00", "symbol": "ADA-USD"}, {"trade_id": 143342692, "side": "buy", "size": "678.15350610", "price": "0.73890000", "time": "2025-07-13T13:07:42.355457Z", "fetched_at": "2025-07-13T13:10:50.539709+00:00", "symbol": "ADA-USD"}, {"trade_id": 143342691, "side": "buy", "size": "11.88515879", "price": "0.73890000", "time": "2025-07-13T13:07:42.355457Z", "fetched_at": "2025-07-13T13:10:50.539709+00:00", "symbol": "ADA-USD"}, {"trade_id": 143342690, "side": "sell", "size": "416.33708127", "price": "0.73900000", "time": "2025-07-13T13:07:41.588623Z", "fetched_at": "2025-07-13T13:10:50.539709+00:00", "symbol": "ADA-USD"}, {"trade_id": 143342689, "side": "sell", "size": "275.00859402", "price": "0.73900000", "time": "2025-07-13T13:07:41.588623Z", "fetched_at": "2025-07-13T13:10:50.539709+00:00", "symbol": "ADA-USD"}, {"trade_id": 143342688, "side": "sell", "size": "626.27643300", "price": "0.73900000", "time": "2025-07-13T13:07:41.588623Z", "fetched_at": "2025-07-13T13:10:50.539709+00:00", "symbol": "ADA-USD"}, {"trade_id": 143342687, "side": "sell", "size": "755.13825890", "price": "0.73900000", "time": "2025-07-13T13:07:41.588623Z", "fetched_at": "2025-07-13T13:10:50.539709+00:00", "symbol": "ADA-USD"}, {"trade_id": 143342686, "side": "sell", "size": "1.50000000", "price": "0.73900000", "time": "2025-07-13T13:07:41.588623Z", "fetched_at": "2025-07-13T13:10:50.539709+00:00", "symbol": "ADA-USD"}, {"trade_id": 143342685, "side": "sell", "size": "610.59458317", "price": "0.73900000", "time": "2025-07-13T13:07:41.588623Z", "fetched_at": "2025-07-13T13:10:50.539709+00:00", "symbol": "ADA-USD"}, {"trade_id": 143342684, "side": "sell", "size": "13.53628933", "price": "0.73890000", "time": "2025-07-13T13:07:41.588623Z", "fetched_at": "2025-07-13T13:10:50.539709+00:00", "symbol": "ADA-USD"}, {"trade_id": 143342683, "side": "buy", "size": "13.67431400", "price": "0.73880000", "time": "2025-07-13T13:07:40.632505Z", "fetched_at": "2025-07-13T13:10:50.539709+00:00", "symbol": "ADA-USD"}, {"trade_id": 143342682, "side": "sell", "size": "13.53639910", "price": "0.73860000", "time": "2025-07-13T13:07:37.757725Z", "fetched_at": "2025-07-13T13:10:50.539709+00:00", "symbol": "ADA-USD"}, {"trade_id": 143342681, "side": "buy", "size": "136.09687949", "price": "0.73850000", "time": "2025-07-13T13:07:37.679380Z", "fetched_at": "2025-07-13T13:10:50.539709+00:00", "symbol": "ADA-USD"}, {"trade_id": 143342680, "side": "sell", "size": "133.93058500", "price": "0.73860000", "time": "2025-07-13T13:07:37.024307Z", "fetched_at": "2025-07-13T13:10:50.539709+00:00", "symbol": "ADA-USD"}, {"trade_id": 143342679, "side": "buy", "size": "21.12917118", "price": "0.73850000", "time": "2025-07-13T13:07:36.975006Z", "fetched_at": "2025-07-13T13:10:50.539709+00:00", "symbol": "ADA-USD"}, {"trade_id": 143342678, "side": "buy", "size": "1.50000000", "price": "0.73850000", "time": "2025-07-13T13:07:36.915622Z", "fetched_at": "2025-07-13T13:10:50.539709+00:00", "symbol": "ADA-USD"}, {"trade_id": 143342677, "side": "buy", "size": "1.50000000", "price": "0.73860000", "time": "2025-07-13T13:07:36.506475Z", "fetched_at": "2025-07-13T13:10:50.539709+00:00", "symbol": "ADA-USD"}, {"trade_id": 143342676, "side": "buy", "size": "1.50000000", "price": "0.73870000", "time": "2025-07-13T13:07:36.176037Z", "fetched_at": "2025-07-13T13:10:50.539709+00:00", "symbol": "ADA-USD"}, {"trade_id": 143342675, "side": "buy", "size": "1.74583919", "price": "0.73880000", "time": "2025-07-13T13:07:35.373475Z", "fetched_at": "2025-07-13T13:10:50.539709+00:00", "symbol": "ADA-USD"}, {"trade_id": 143342674, "side": "buy", "size": "1.50000000", "price": "0.73880000", "time": "2025-07-13T13:07:35.373475Z", "fetched_at": "2025-07-13T13:10:50.539709+00:00", "symbol": "ADA-USD"}, {"trade_id": 143342673, "side": "buy", "size": "1.74560291", "price": "0.73890000", "time": "2025-07-13T13:07:35.258447Z", "fetched_at": "2025-07-13T13:10:50.539709+00:00", "symbol": "ADA-USD"}, {"trade_id": 143342672, "side": "buy", "size": "1.50000000", "price": "0.73890000", "time": "2025-07-13T13:07:35.258447Z", "fetched_at": "2025-07-13T13:10:50.539709+00:00", "symbol": "ADA-USD"}, {"trade_id": 143342671, "side": "buy", "size": "1.99815645", "price": "0.73900000", "time": "2025-07-13T13:07:34.746898Z", "fetched_at": "2025-07-13T13:10:50.539709+00:00", "symbol": "ADA-USD"}, {"trade_id": 143342670, "side": "buy", "size": "2.49821829", "price": "0.73910000", "time": "2025-07-13T13:07:34.226570Z", "fetched_at": "2025-07-13T13:10:50.539709+00:00", "symbol": "ADA-USD"}, {"trade_id": 143342669, "side": "sell", "size": "65.70547700", "price": "0.73920000", "time": "2025-07-13T13:07:33.776322Z", "fetched_at": "2025-07-13T13:10:50.539709+00:00", "symbol": "ADA-USD"}, {"trade_id": 143342668, "side": "buy", "size": "3.38074420", "price": "0.73920000", "time": "2025-07-13T13:07:32.566267Z", "fetched_at": "2025-07-13T13:10:50.539709+00:00", "symbol": "ADA-USD"}, {"trade_id": 143342667, "side": "buy", "size": "1.50000000", "price": "0.73920000", "time": "2025-07-13T13:07:32.566267Z", "fetched_at": "2025-07-13T13:10:50.539709+00:00", "symbol": "ADA-USD"}, {"trade_id": 143342666, "side": "buy", "size": "7.80828918", "price": "0.73930000", "time": "2025-07-13T13:07:31.552490Z", "fetched_at": "2025-07-13T13:10:50.539709+00:00", "symbol": "ADA-USD"}, {"trade_id": 143342665, "side": "buy", "size": "114.48628000", "price": "0.73950000", "time": "2025-07-13T13:07:27.440697Z", "fetched_at": "2025-07-13T13:10:50.539709+00:00", "symbol": "ADA-USD"}, {"trade_id": 143342664, "side": "buy", "size": "70.86167000", "price": "0.73940000", "time": "2025-07-13T13:07:27.436556Z", "fetched_at": "2025-07-13T13:10:50.539709+00:00", "symbol": "ADA-USD"}, {"trade_id": 143342663, "side": "sell", "size": "80.41731565", "price": "0.73940000", "time": "2025-07-13T13:07:27.432623Z", "fetched_at": "2025-07-13T13:10:50.539709+00:00", "symbol": "ADA-USD"}, {"trade_id": 143342662, "side": "buy", "size": "122.68803000", "price": "0.73930000", "time": "2025-07-13T13:07:27.429823Z", "fetched_at": "2025-07-13T13:10:50.539709+00:00", "symbol": "ADA-USD"}, {"trade_id": 143342661, "side": "sell", "size": "596.09040920", "price": "0.73950000", "time": "2025-07-13T13:07:27.429085Z", "fetched_at": "2025-07-13T13:10:50.539709+00:00", "symbol": "ADA-USD"}, {"trade_id": 143342660, "side": "sell", "size": "770.29007208", "price": "0.73950000", "time": "2025-07-13T13:07:27.429085Z", "fetched_at": "2025-07-13T13:10:50.539709+00:00", "symbol": "ADA-USD"}, {"trade_id": 143342659, "side": "sell", "size": "981.50000000", "price": "0.73950000", "time": "2025-07-13T13:07:27.429085Z", "fetched_at": "2025-07-13T13:10:50.539709+00:00", "symbol": "ADA-USD"}, {"trade_id": 143342658, "side": "sell", "size": "275.00859402", "price": "0.73950000", "time": "2025-07-13T13:07:27.429085Z", "fetched_at": "2025-07-13T13:10:50.539709+00:00", "symbol": "ADA-USD"}, {"trade_id": 143342657, "side": "buy", "size": "122.68803000", "price": "0.73940000", "time": "2025-07-13T13:07:27.308585Z", "fetched_at": "2025-07-13T13:10:50.539709+00:00", "symbol": "ADA-USD"}, {"trade_id": 143342656, "side": "sell", "size": "134.98088365", "price": "0.73990000", "time": "2025-07-13T13:07:27.297593Z", "fetched_at": "2025-07-13T13:10:50.539709+00:00", "symbol": "ADA-USD"}, {"trade_id": 143342655, "side": "sell", "size": "6094.67734789", "price": "0.73990000", "time": "2025-07-13T13:07:27.297593Z", "fetched_at": "2025-07-13T13:10:50.539709+00:00", "symbol": "ADA-USD"}, {"trade_id": 143342654, "side": "sell", "size": "310.50000000", "price": "0.73990000", "time": "2025-07-13T13:07:27.297593Z", "fetched_at": "2025-07-13T13:10:50.539709+00:00", "symbol": "ADA-USD"}, {"trade_id": 143342653, "side": "sell", "size": "1685.96243093", "price": "0.73990000", "time": "2025-07-13T13:07:27.297593Z", "fetched_at": "2025-07-13T13:10:50.539709+00:00", "symbol": "ADA-USD"}, {"trade_id": 143342652, "side": "sell", "size": "684.30638282", "price": "0.73990000", "time": "2025-07-13T13:07:27.297593Z", "fetched_at": "2025-07-13T13:10:50.539709+00:00", "symbol": "ADA-USD"}, {"trade_id": 143342651, "side": "sell", "size": "1752.61221000", "price": "0.73990000", "time": "2025-07-13T13:07:27.297593Z", "fetched_at": "2025-07-13T13:10:50.539709+00:00", "symbol": "ADA-USD"}