[{"trade_id": 143351696, "side": "buy", "size": "290.14192938", "price": "0.74600000", "time": "2025-07-13T14:10:41.415653Z", "fetched_at": "2025-07-13T14:10:48.845484+00:00", "symbol": "ADA-USD"}, {"trade_id": 143351695, "side": "buy", "size": "117.03598000", "price": "0.74610000", "time": "2025-07-13T14:10:41.415653Z", "fetched_at": "2025-07-13T14:10:48.845484+00:00", "symbol": "ADA-USD"}, {"trade_id": 143351694, "side": "buy", "size": "1.94475062", "price": "0.74610000", "time": "2025-07-13T14:10:41.415653Z", "fetched_at": "2025-07-13T14:10:48.845484+00:00", "symbol": "ADA-USD"}, {"trade_id": 143351693, "side": "buy", "size": "51.00306000", "price": "0.74610000", "time": "2025-07-13T14:10:41.415653Z", "fetched_at": "2025-07-13T14:10:48.845484+00:00", "symbol": "ADA-USD"}, {"trade_id": 143351692, "side": "buy", "size": "15.14638000", "price": "0.74610000", "time": "2025-07-13T14:10:41.415653Z", "fetched_at": "2025-07-13T14:10:48.845484+00:00", "symbol": "ADA-USD"}, {"trade_id": 143351691, "side": "sell", "size": "1.50000000", "price": "0.74610000", "time": "2025-07-13T14:10:40.942648Z", "fetched_at": "2025-07-13T14:10:48.845484+00:00", "symbol": "ADA-USD"}, {"trade_id": 143351690, "side": "sell", "size": "1.50000000", "price": "0.74600000", "time": "2025-07-13T14:10:39.977169Z", "fetched_at": "2025-07-13T14:10:48.845484+00:00", "symbol": "ADA-USD"}, {"trade_id": 143351689, "side": "sell", "size": "4482.69319564", "price": "0.74590000", "time": "2025-07-13T14:10:37.737575Z", "fetched_at": "2025-07-13T14:10:48.845484+00:00", "symbol": "ADA-USD"}, {"trade_id": 143351688, "side": "sell", "size": "1.50000000", "price": "0.74590000", "time": "2025-07-13T14:10:37.737575Z", "fetched_at": "2025-07-13T14:10:48.845484+00:00", "symbol": "ADA-USD"}, {"trade_id": 143351687, "side": "sell", "size": "774.73333489", "price": "0.74590000", "time": "2025-07-13T14:10:37.737575Z", "fetched_at": "2025-07-13T14:10:48.845484+00:00", "symbol": "ADA-USD"}, {"trade_id": 143351686, "side": "buy", "size": "3.39769142", "price": "0.74580000", "time": "2025-07-13T14:10:37.151813Z", "fetched_at": "2025-07-13T14:10:48.845484+00:00", "symbol": "ADA-USD"}, {"trade_id": 143351685, "side": "sell", "size": "1.50000000", "price": "0.74580000", "time": "2025-07-13T14:10:36.991900Z", "fetched_at": "2025-07-13T14:10:48.845484+00:00", "symbol": "ADA-USD"}, {"trade_id": 143351684, "side": "sell", "size": "1.50000000", "price": "0.74570000", "time": "2025-07-13T14:10:36.581870Z", "fetched_at": "2025-07-13T14:10:48.845484+00:00", "symbol": "ADA-USD"}, {"trade_id": 143351683, "side": "buy", "size": "17.84259400", "price": "0.74540000", "time": "2025-07-13T14:10:34.434490Z", "fetched_at": "2025-07-13T14:10:48.845484+00:00", "symbol": "ADA-USD"}, {"trade_id": 143351682, "side": "buy", "size": "5.15582505", "price": "0.74540000", "time": "2025-07-13T14:10:33.887936Z", "fetched_at": "2025-07-13T14:10:48.845484+00:00", "symbol": "ADA-USD"}, {"trade_id": 143351681, "side": "buy", "size": "12.96164773", "price": "0.74540000", "time": "2025-07-13T14:10:32.866026Z", "fetched_at": "2025-07-13T14:10:48.845484+00:00", "symbol": "ADA-USD"}, {"trade_id": 143351680, "side": "sell", "size": "2.90891547", "price": "0.74550000", "time": "2025-07-13T14:10:32.671147Z", "fetched_at": "2025-07-13T14:10:48.845484+00:00", "symbol": "ADA-USD"}, {"trade_id": 143351679, "side": "sell", "size": "3.71938168", "price": "0.74540000", "time": "2025-07-13T14:10:32.671147Z", "fetched_at": "2025-07-13T14:10:48.845484+00:00", "symbol": "ADA-USD"}, {"trade_id": 143351678, "side": "buy", "size": "12.80180000", "price": "0.74550000", "time": "2025-07-13T14:10:32.452608Z", "fetched_at": "2025-07-13T14:10:48.845484+00:00", "symbol": "ADA-USD"}, {"trade_id": 143351677, "side": "sell", "size": "7.41615697", "price": "0.74560000", "time": "2025-07-13T14:10:32.281928Z", "fetched_at": "2025-07-13T14:10:48.845484+00:00", "symbol": "ADA-USD"}, {"trade_id": 143351676, "side": "sell", "size": "1.50000000", "price": "0.74560000", "time": "2025-07-13T14:10:32.281928Z", "fetched_at": "2025-07-13T14:10:48.845484+00:00", "symbol": "ADA-USD"}, {"trade_id": 143351675, "side": "sell", "size": "12.96036710", "price": "0.74550000", "time": "2025-07-13T14:10:32.018420Z", "fetched_at": "2025-07-13T14:10:48.845484+00:00", "symbol": "ADA-USD"}, {"trade_id": 143351674, "side": "sell", "size": "1341.70774497", "price": "0.74550000", "time": "2025-07-13T14:10:32.018420Z", "fetched_at": "2025-07-13T14:10:48.845484+00:00", "symbol": "ADA-USD"}, {"trade_id": 143351673, "side": "sell", "size": "1363.95903365", "price": "0.74550000", "time": "2025-07-13T14:10:32.016854Z", "fetched_at": "2025-07-13T14:10:48.845484+00:00", "symbol": "ADA-USD"}, {"trade_id": 143351672, "side": "sell", "size": "312.64426737", "price": "0.74550000", "time": "2025-07-13T14:10:32.009020Z", "fetched_at": "2025-07-13T14:10:48.845484+00:00", "symbol": "ADA-USD"}, {"trade_id": 143351671, "side": "sell", "size": "225.59297633", "price": "0.74550000", "time": "2025-07-13T14:10:31.962461Z", "fetched_at": "2025-07-13T14:10:48.845484+00:00", "symbol": "ADA-USD"}, {"trade_id": 143351670, "side": "sell", "size": "35.64555457", "price": "0.74550000", "time": "2025-07-13T14:10:31.939323Z", "fetched_at": "2025-07-13T14:10:48.845484+00:00", "symbol": "ADA-USD"}, {"trade_id": 143351669, "side": "sell", "size": "136.14541124", "price": "0.74550000", "time": "2025-07-13T14:10:31.922338Z", "fetched_at": "2025-07-13T14:10:48.845484+00:00", "symbol": "ADA-USD"}, {"trade_id": 143351668, "side": "sell", "size": "108.29609632", "price": "0.74550000", "time": "2025-07-13T14:10:31.908069Z", "fetched_at": "2025-07-13T14:10:48.845484+00:00", "symbol": "ADA-USD"}, {"trade_id": 143351667, "side": "sell", "size": "152.16034916", "price": "0.74550000", "time": "2025-07-13T14:10:31.891806Z", "fetched_at": "2025-07-13T14:10:48.845484+00:00", "symbol": "ADA-USD"}, {"trade_id": 143351666, "side": "sell", "size": "186.66205530", "price": "0.74550000", "time": "2025-07-13T14:10:31.877748Z", "fetched_at": "2025-07-13T14:10:48.845484+00:00", "symbol": "ADA-USD"}, {"trade_id": 143351665, "side": "sell", "size": "81.50166058", "price": "0.74550000", "time": "2025-07-13T14:10:31.861742Z", "fetched_at": "2025-07-13T14:10:48.845484+00:00", "symbol": "ADA-USD"}, {"trade_id": 143351664, "side": "sell", "size": "217.79506316", "price": "0.74550000", "time": "2025-07-13T14:10:31.849085Z", "fetched_at": "2025-07-13T14:10:48.845484+00:00", "symbol": "ADA-USD"}, {"trade_id": 143351663, "side": "sell", "size": "86.68387376", "price": "0.74550000", "time": "2025-07-13T14:10:31.811247Z", "fetched_at": "2025-07-13T14:10:48.845484+00:00", "symbol": "ADA-USD"}, {"trade_id": 143351662, "side": "sell", "size": "714.60591359", "price": "0.74550000", "time": "2025-07-13T14:10:31.800604Z", "fetched_at": "2025-07-13T14:10:48.845484+00:00", "symbol": "ADA-USD"}, {"trade_id": 143351661, "side": "sell", "size": "1.50000000", "price": "0.74550000", "time": "2025-07-13T14:10:31.800604Z", "fetched_at": "2025-07-13T14:10:48.845484+00:00", "symbol": "ADA-USD"}, {"trade_id": 143351660, "side": "sell", "size": "12.96546394", "price": "0.74540000", "time": "2025-07-13T14:10:30.519596Z", "fetched_at": "2025-07-13T14:10:48.845484+00:00", "symbol": "ADA-USD"}, {"trade_id": 143351659, "side": "sell", "size": "1.50000000", "price": "0.74540000", "time": "2025-07-13T14:10:30.519596Z", "fetched_at": "2025-07-13T14:10:48.845484+00:00", "symbol": "ADA-USD"}, {"trade_id": 143351658, "side": "buy", "size": "25.49147600", "price": "0.74520000", "time": "2025-07-13T14:10:30.302457Z", "fetched_at": "2025-07-13T14:10:48.845484+00:00", "symbol": "ADA-USD"}, {"trade_id": 143351657, "side": "buy", "size": "175.55396000", "price": "0.74520000", "time": "2025-07-13T14:10:30.302457Z", "fetched_at": "2025-07-13T14:10:48.845484+00:00", "symbol": "ADA-USD"}, {"trade_id": 143351656, "side": "sell", "size": "0.00001096", "price": "0.74520000", "time": "2025-07-13T14:10:30.270025Z", "fetched_at": "2025-07-13T14:10:48.845484+00:00", "symbol": "ADA-USD"}, {"trade_id": 143351655, "side": "sell", "size": "8.38118658", "price": "0.74520000", "time": "2025-07-13T14:10:30.269480Z", "fetched_at": "2025-07-13T14:10:48.845484+00:00", "symbol": "ADA-USD"}, {"trade_id": 143351654, "side": "sell", "size": "51.22227342", "price": "0.74520000", "time": "2025-07-13T14:10:30.269480Z", "fetched_at": "2025-07-13T14:10:48.845484+00:00", "symbol": "ADA-USD"}, {"trade_id": 143351653, "side": "buy", "size": "81.93578060", "price": "0.74500000", "time": "2025-07-13T14:10:27.539517Z", "fetched_at": "2025-07-13T14:10:48.845484+00:00", "symbol": "ADA-USD"}, {"trade_id": 143351652, "side": "buy", "size": "310.50000000", "price": "0.74500000", "time": "2025-07-13T14:10:27.539517Z", "fetched_at": "2025-07-13T14:10:48.845484+00:00", "symbol": "ADA-USD"}, {"trade_id": 143351651, "side": "buy", "size": "275.00859402", "price": "0.74500000", "time": "2025-07-13T14:10:27.539517Z", "fetched_at": "2025-07-13T14:10:48.845484+00:00", "symbol": "ADA-USD"}, {"trade_id": 143351650, "side": "buy", "size": "1.50000000", "price": "0.74500000", "time": "2025-07-13T14:10:27.539517Z", "fetched_at": "2025-07-13T14:10:48.845484+00:00", "symbol": "ADA-USD"}, {"trade_id": 143351649, "side": "buy", "size": "1.33918500", "price": "0.74510000", "time": "2025-07-13T14:10:27.539517Z", "fetched_at": "2025-07-13T14:10:48.845484+00:00", "symbol": "ADA-USD"}, {"trade_id": 143351648, "side": "buy", "size": "0.76720306", "price": "0.74520000", "time": "2025-07-13T14:10:27.539517Z", "fetched_at": "2025-07-13T14:10:48.845484+00:00", "symbol": "ADA-USD"}, {"trade_id": 143351647, "side": "sell", "size": "260.42717400", "price": "0.74530000", "time": "2025-07-13T14:10:24.394356Z", "fetched_at": "2025-07-13T14:10:48.845484+00:00", "symbol": "ADA-USD"}, {"trade_id": 143351646, "side": "buy", "size": "0.16081500", "price": "0.74510000", "time": "2025-07-13T14:10:22.631529Z", "fetched_at": "2025-07-13T14:10:48.845484+00:00", "symbol": "ADA-USD"}, {"trade_id": 143351645, "side": "buy", "size": "1.78365376", "price": "0.74520000", "time": "2025-07-13T14:10:22.530293Z", "fetched_at": "2025-07-13T14:10:48.845484+00:00", "symbol": "ADA-USD"}, {"trade_id": 143351644, "side": "buy", "size": "53.86203871", "price": "0.74520000", "time": "2025-07-13T14:10:22.530293Z", "fetched_at": "2025-07-13T14:10:48.845484+00:00", "symbol": "ADA-USD"}, {"trade_id": 143351643, "side": "sell", "size": "12.94975886", "price": "0.74520000", "time": "2025-07-13T14:10:22.314738Z", "fetched_at": "2025-07-13T14:10:48.845484+00:00", "symbol": "ADA-USD"}, {"trade_id": 143351642, "side": "sell", "size": "450.55621246", "price": "0.74530000", "time": "2025-07-13T14:10:22.262235Z", "fetched_at": "2025-07-13T14:10:48.845484+00:00", "symbol": "ADA-USD"}, {"trade_id": 143351641, "side": "sell", "size": "774.73333489", "price": "0.74530000", "time": "2025-07-13T14:10:22.262235Z", "fetched_at": "2025-07-13T14:10:48.845484+00:00", "symbol": "ADA-USD"}, {"trade_id": 143351640, "side": "sell", "size": "51.00306000", "price": "0.74520000", "time": "2025-07-13T14:10:22.262235Z", "fetched_at": "2025-07-13T14:10:48.845484+00:00", "symbol": "ADA-USD"}, {"trade_id": 143351639, "side": "sell", "size": "50.34235165", "price": "0.74520000", "time": "2025-07-13T14:10:22.262235Z", "fetched_at": "2025-07-13T14:10:48.845484+00:00", "symbol": "ADA-USD"}, {"trade_id": 143351638, "side": "sell", "size": "80.72797700", "price": "0.74520000", "time": "2025-07-13T14:10:22.127854Z", "fetched_at": "2025-07-13T14:10:48.845484+00:00", "symbol": "ADA-USD"}, {"trade_id": 143351637, "side": "sell", "size": "49.50306000", "price": "0.74520000", "time": "2025-07-13T14:10:22.127854Z", "fetched_at": "2025-07-13T14:10:48.845484+00:00", "symbol": "ADA-USD"}, {"trade_id": 143351636, "side": "buy", "size": "1.50000000", "price": "0.74520000", "time": "2025-07-13T14:10:22.081026Z", "fetched_at": "2025-07-13T14:10:48.845484+00:00", "symbol": "ADA-USD"}, {"trade_id": 143351635, "side": "buy", "size": "1.50000000", "price": "0.74530000", "time": "2025-07-13T14:10:22.077229Z", "fetched_at": "2025-07-13T14:10:48.845484+00:00", "symbol": "ADA-USD"}, {"trade_id": 143351634, "side": "buy", "size": "55.03526000", "price": "0.74540000", "time": "2025-07-13T14:10:21.975610Z", "fetched_at": "2025-07-13T14:10:48.845484+00:00", "symbol": "ADA-USD"}, {"trade_id": 143351633, "side": "buy", "size": "1.50000000", "price": "0.74540000", "time": "2025-07-13T14:10:21.962269Z", "fetched_at": "2025-07-13T14:10:48.845484+00:00", "symbol": "ADA-USD"}, {"trade_id": 143351632, "side": "buy", "size": "0.10000000", "price": "0.74540000", "time": "2025-07-13T14:10:21.962269Z", "fetched_at": "2025-07-13T14:10:48.845484+00:00", "symbol": "ADA-USD"}, {"trade_id": 143351631, "side": "buy", "size": "275.00859402", "price": "0.74540000", "time": "2025-07-13T14:10:21.962269Z", "fetched_at": "2025-07-13T14:10:48.845484+00:00", "symbol": "ADA-USD"}, {"trade_id": 143351630, "side": "buy", "size": "1.50000000", "price": "0.74550000", "time": "2025-07-13T14:10:21.962269Z", "fetched_at": "2025-07-13T14:10:48.845484+00:00", "symbol": "ADA-USD"}, {"trade_id": 143351629, "side": "buy", "size": "1.50000000", "price": "0.74560000", "time": "2025-07-13T14:10:21.879873Z", "fetched_at": "2025-07-13T14:10:48.845484+00:00", "symbol": "ADA-USD"}, {"trade_id": 143351628, "side": "sell", "size": "44.69972020", "price": "0.74570000", "time": "2025-07-13T14:10:21.592275Z", "fetched_at": "2025-07-13T14:10:48.845484+00:00", "symbol": "ADA-USD"}, {"trade_id": 143351627, "side": "buy", "size": "0.00000402", "price": "0.74580000", "time": "2025-07-13T14:10:21.529255Z", "fetched_at": "2025-07-13T14:10:48.845484+00:00", "symbol": "ADA-USD"}, {"trade_id": 143351626, "side": "buy", "size": "172.66782000", "price": "0.74580000", "time": "2025-07-13T14:10:21.527665Z", "fetched_at": "2025-07-13T14:10:48.845484+00:00", "symbol": "ADA-USD"}, {"trade_id": 143351625, "side": "buy", "size": "43.86033000", "price": "0.74580000", "time": "2025-07-13T14:10:21.524708Z", "fetched_at": "2025-07-13T14:10:48.845484+00:00", "symbol": "ADA-USD"}, {"trade_id": 143351624, "side": "buy", "size": "58.48044000", "price": "0.74580000", "time": "2025-07-13T14:10:21.517012Z", "fetched_at": "2025-07-13T14:10:48.845484+00:00", "symbol": "ADA-USD"}, {"trade_id": 143351623, "side": "buy", "size": "58.48044766", "price": "0.74580000", "time": "2025-07-13T14:10:21.511182Z", "fetched_at": "2025-07-13T14:10:48.845484+00:00", "symbol": "ADA-USD"}, {"trade_id": 143351622, "side": "buy", "size": "10.72173400", "price": "0.74580000", "time": "2025-07-13T14:10:21.506549Z", "fetched_at": "2025-07-13T14:10:48.845484+00:00", "symbol": "ADA-USD"}, {"trade_id": 143351621, "side": "buy", "size": "275.00859402", "price": "0.74580000", "time": "2025-07-13T14:10:21.506549Z", "fetched_at": "2025-07-13T14:10:48.845484+00:00", "symbol": "ADA-USD"}, {"trade_id": 143351620, "side": "buy", "size": "4945.70000000", "price": "0.74570000", "time": "2025-07-13T14:10:21.498556Z", "fetched_at": "2025-07-13T14:10:48.845484+00:00", "symbol": "ADA-USD"}, {"trade_id": 143351619, "side": "buy", "size": "269.86886423", "price": "0.74570000", "time": "2025-07-13T14:10:21.498556Z", "fetched_at": "2025-07-13T14:10:48.845484+00:00", "symbol": "ADA-USD"}, {"trade_id": 143351618, "side": "buy", "size": "762.73644704", "price": "0.74570000", "time": "2025-07-13T14:10:21.498556Z", "fetched_at": "2025-07-13T14:10:48.845484+00:00", "symbol": "ADA-USD"}, {"trade_id": 143351617, "side": "buy", "size": "491.86966327", "price": "0.74570000", "time": "2025-07-13T14:10:21.498556Z", "fetched_at": "2025-07-13T14:10:48.845484+00:00", "symbol": "ADA-USD"}, {"trade_id": 143351616, "side": "buy", "size": "1.50000000", "price": "0.74570000", "time": "2025-07-13T14:10:21.498556Z", "fetched_at": "2025-07-13T14:10:48.845484+00:00", "symbol": "ADA-USD"}, {"trade_id": 143351615, "side": "buy", "size": "516.66306666", "price": "0.74570000", "time": "2025-07-13T14:10:21.498556Z", "fetched_at": "2025-07-13T14:10:48.845484+00:00", "symbol": "ADA-USD"}, {"trade_id": 143351614, "side": "buy", "size": "774.73333489", "price": "0.74570000", "time": "2025-07-13T14:10:21.498556Z", "fetched_at": "2025-07-13T14:10:48.845484+00:00", "symbol": "ADA-USD"}, {"trade_id": 143351613, "side": "buy", "size": "29.14845111", "price": "0.74570000", "time": "2025-07-13T14:10:21.498556Z", "fetched_at": "2025-07-13T14:10:48.845484+00:00", "symbol": "ADA-USD"}, {"trade_id": 143351612, "side": "buy", "size": "1726.72152000", "price": "0.74570000", "time": "2025-07-13T14:10:21.498556Z", "fetched_at": "2025-07-13T14:10:48.845484+00:00", "symbol": "ADA-USD"}, {"trade_id": 143351611, "side": "buy", "size": "310.50000000", "price": "0.74570000", "time": "2025-07-13T14:10:21.498556Z", "fetched_at": "2025-07-13T14:10:48.845484+00:00", "symbol": "ADA-USD"}, {"trade_id": 143351610, "side": "buy", "size": "3098.56409547", "price": "0.74580000", "time": "2025-07-13T14:10:21.498171Z", "fetched_at": "2025-07-13T14:10:48.845484+00:00", "symbol": "ADA-USD"}, {"trade_id": 143351609, "side": "buy", "size": "661.93605118", "price": "0.74580000", "time": "2025-07-13T14:10:21.498171Z", "fetched_at": "2025-07-13T14:10:48.845484+00:00", "symbol": "ADA-USD"}, {"trade_id": 143351608, "side": "buy", "size": "762.28095307", "price": "0.74580000", "time": "2025-07-13T14:10:21.498171Z", "fetched_at": "2025-07-13T14:10:48.845484+00:00", "symbol": "ADA-USD"}, {"trade_id": 143351607, "side": "buy", "size": "233.92824828", "price": "0.74580000", "time": "2025-07-13T14:10:21.498171Z", "fetched_at": "2025-07-13T14:10:48.845484+00:00", "symbol": "ADA-USD"}, {"trade_id": 143351606, "side": "buy", "size": "540.80508661", "price": "0.74580000", "time": "2025-07-13T14:10:21.497810Z", "fetched_at": "2025-07-13T14:10:48.845484+00:00", "symbol": "ADA-USD"}, {"trade_id": 143351605, "side": "buy", "size": "1.50000000", "price": "0.74580000", "time": "2025-07-13T14:10:21.497810Z", "fetched_at": "2025-07-13T14:10:48.845484+00:00", "symbol": "ADA-USD"}, {"trade_id": 143351604, "side": "buy", "size": "1725.68813000", "price": "0.74580000", "time": "2025-07-13T14:10:21.497810Z", "fetched_at": "2025-07-13T14:10:48.845484+00:00", "symbol": "ADA-USD"}, {"trade_id": 143351603, "side": "buy", "size": "275.00859402", "price": "0.74580000", "time": "2025-07-13T14:10:21.497810Z", "fetched_at": "2025-07-13T14:10:48.845484+00:00", "symbol": "ADA-USD"}, {"trade_id": 143351602, "side": "buy", "size": "1063.74633023", "price": "0.74590000", "time": "2025-07-13T14:10:21.497040Z", "fetched_at": "2025-07-13T14:10:48.845484+00:00", "symbol": "ADA-USD"}, {"trade_id": 143351601, "side": "buy", "size": "774.73333489", "price": "0.74590000", "time": "2025-07-13T14:10:21.497040Z", "fetched_at": "2025-07-13T14:10:48.845484+00:00", "symbol": "ADA-USD"}, {"trade_id": 143351600, "side": "buy", "size": "670.29539932", "price": "0.74590000", "time": "2025-07-13T14:10:21.497040Z", "fetched_at": "2025-07-13T14:10:48.845484+00:00", "symbol": "ADA-USD"}, {"trade_id": 143351599, "side": "buy", "size": "1.50000000", "price": "0.74590000", "time": "2025-07-13T14:10:21.497040Z", "fetched_at": "2025-07-13T14:10:48.845484+00:00", "symbol": "ADA-USD"}, {"trade_id": 143351598, "side": "buy", "size": "0.76718526", "price": "0.74600000", "time": "2025-07-13T14:10:21.494948Z", "fetched_at": "2025-07-13T14:10:48.845484+00:00", "symbol": "ADA-USD"}, {"trade_id": 143351597, "side": "buy", "size": "275.00859402", "price": "0.74600000", "time": "2025-07-13T14:10:21.494948Z", "fetched_at": "2025-07-13T14:10:48.845484+00:00", "symbol": "ADA-USD"}, {"trade_id": 143351596, "side": "buy", "size": "1.50000000", "price": "0.74600000", "time": "2025-07-13T14:10:21.494948Z", "fetched_at": "2025-07-13T14:10:48.845484+00:00", "symbol": "ADA-USD"}, {"trade_id": 143351595, "side": "sell", "size": "332.00281400", "price": "0.74610000", "time": "2025-07-13T14:10:20.704491Z", "fetched_at": "2025-07-13T14:10:48.845484+00:00", "symbol": "ADA-USD"}, {"trade_id": 143351594, "side": "buy", "size": "33.72766855", "price": "0.74610000", "time": "2025-07-13T14:10:18.784292Z", "fetched_at": "2025-07-13T14:10:48.845484+00:00", "symbol": "ADA-USD"}, {"trade_id": 143351593, "side": "buy", "size": "0.76717145", "price": "0.74610000", "time": "2025-07-13T14:10:18.784292Z", "fetched_at": "2025-07-13T14:10:48.845484+00:00", "symbol": "ADA-USD"}, {"trade_id": 143351592, "side": "buy", "size": "1.50000000", "price": "0.74610000", "time": "2025-07-13T14:10:18.784292Z", "fetched_at": "2025-07-13T14:10:48.845484+00:00", "symbol": "ADA-USD"}, {"trade_id": 143351591, "side": "sell", "size": "2.02247900", "price": "0.74620000", "time": "2025-07-13T14:10:16.478707Z", "fetched_at": "2025-07-13T14:10:48.845484+00:00", "symbol": "ADA-USD"}, {"trade_id": 143351590, "side": "sell", "size": "39.03093700", "price": "0.74620000", "time": "2025-07-13T14:10:15.876482Z", "fetched_at": "2025-07-13T14:10:48.845484+00:00", "symbol": "ADA-USD"}, {"trade_id": 143351589, "side": "sell", "size": "20.00000000", "price": "0.74620000", "time": "2025-07-13T14:10:15.494124Z", "fetched_at": "2025-07-13T14:10:48.845484+00:00", "symbol": "ADA-USD"}, {"trade_id": 143351588, "side": "buy", "size": "1.50000000", "price": "0.74620000", "time": "2025-07-13T14:10:12.887953Z", "fetched_at": "2025-07-13T14:10:48.845484+00:00", "symbol": "ADA-USD"}, {"trade_id": 143351587, "side": "sell", "size": "265.06024100", "price": "0.74630000", "time": "2025-07-13T14:10:12.375749Z", "fetched_at": "2025-07-13T14:10:48.845484+00:00", "symbol": "ADA-USD"}, {"trade_id": 143351586, "side": "sell", "size": "0.00079421", "price": "0.74630000", "time": "2025-07-13T14:10:12.075585Z", "fetched_at": "2025-07-13T14:10:48.845484+00:00", "symbol": "ADA-USD"}, {"trade_id": 143351585, "side": "buy", "size": "1.61000992", "price": "0.74630000", "time": "2025-07-13T14:10:11.932633Z", "fetched_at": "2025-07-13T14:10:48.845484+00:00", "symbol": "ADA-USD"}, {"trade_id": 143351584, "side": "buy", "size": "0.76718986", "price": "0.74630000", "time": "2025-07-13T14:10:11.932633Z", "fetched_at": "2025-07-13T14:10:48.845484+00:00", "symbol": "ADA-USD"}, {"trade_id": 143351583, "side": "buy", "size": "1.50000000", "price": "0.74630000", "time": "2025-07-13T14:10:11.932633Z", "fetched_at": "2025-07-13T14:10:48.845484+00:00", "symbol": "ADA-USD"}, {"trade_id": 143351582, "side": "buy", "size": "77.97393022", "price": "0.74630000", "time": "2025-07-13T14:10:11.932633Z", "fetched_at": "2025-07-13T14:10:48.845484+00:00", "symbol": "ADA-USD"}, {"trade_id": 143351581, "side": "sell", "size": "93.97276827", "price": "0.74650000", "time": "2025-07-13T14:10:07.694366Z", "fetched_at": "2025-07-13T14:10:48.845484+00:00", "symbol": "ADA-USD"}, {"trade_id": 143351580, "side": "sell", "size": "107.15899014", "price": "0.74650000", "time": "2025-07-13T14:10:07.677205Z", "fetched_at": "2025-07-13T14:10:48.845484+00:00", "symbol": "ADA-USD"}, {"trade_id": 143351579, "side": "sell", "size": "282.75793022", "price": "0.74650000", "time": "2025-07-13T14:10:07.661287Z", "fetched_at": "2025-07-13T14:10:48.845484+00:00", "symbol": "ADA-USD"}, {"trade_id": 143351578, "side": "sell", "size": "212.58715545", "price": "0.74650000", "time": "2025-07-13T14:10:07.646389Z", "fetched_at": "2025-07-13T14:10:48.845484+00:00", "symbol": "ADA-USD"}, {"trade_id": 143351577, "side": "sell", "size": "82.18041380", "price": "0.74650000", "time": "2025-07-13T14:10:07.634275Z", "fetched_at": "2025-07-13T14:10:48.845484+00:00", "symbol": "ADA-USD"}, {"trade_id": 143351576, "side": "sell", "size": "651.29514433", "price": "0.74650000", "time": "2025-07-13T14:10:07.634275Z", "fetched_at": "2025-07-13T14:10:48.845484+00:00", "symbol": "ADA-USD"}, {"trade_id": 143351575, "side": "sell", "size": "750.11732919", "price": "0.74640000", "time": "2025-07-13T14:10:07.282018Z", "fetched_at": "2025-07-13T14:10:48.845484+00:00", "symbol": "ADA-USD"}, {"trade_id": 143351574, "side": "sell", "size": "1.50000000", "price": "0.74640000", "time": "2025-07-13T14:10:07.282018Z", "fetched_at": "2025-07-13T14:10:48.845484+00:00", "symbol": "ADA-USD"}, {"trade_id": 143351573, "side": "buy", "size": "0.76717437", "price": "0.74620000", "time": "2025-07-13T14:10:05.439093Z", "fetched_at": "2025-07-13T14:10:48.845484+00:00", "symbol": "ADA-USD"}, {"trade_id": 143351572, "side": "buy", "size": "1.98653598", "price": "0.74620000", "time": "2025-07-13T14:10:05.315822Z", "fetched_at": "2025-07-13T14:10:48.845484+00:00", "symbol": "ADA-USD"}, {"trade_id": 143351571, "side": "buy", "size": "275.00859402", "price": "0.74620000", "time": "2025-07-13T14:10:05.315822Z", "fetched_at": "2025-07-13T14:10:48.845484+00:00", "symbol": "ADA-USD"}, {"trade_id": 143351570, "side": "buy", "size": "275.00859402", "price": "0.74620000", "time": "2025-07-13T14:10:05.249110Z", "fetched_at": "2025-07-13T14:10:48.845484+00:00", "symbol": "ADA-USD"}, {"trade_id": 143351569, "side": "buy", "size": "1.98627876", "price": "0.74630000", "time": "2025-07-13T14:10:05.249110Z", "fetched_at": "2025-07-13T14:10:48.845484+00:00", "symbol": "ADA-USD"}, {"trade_id": 143351568, "side": "buy", "size": "1.99053785", "price": "0.74640000", "time": "2025-07-13T14:10:05.070140Z", "fetched_at": "2025-07-13T14:10:48.845484+00:00", "symbol": "ADA-USD"}, {"trade_id": 143351567, "side": "buy", "size": "275.00859402", "price": "0.74640000", "time": "2025-07-13T14:10:05.070140Z", "fetched_at": "2025-07-13T14:10:48.845484+00:00", "symbol": "ADA-USD"}, {"trade_id": 143351566, "side": "sell", "size": "2.84939800", "price": "0.74650000", "time": "2025-07-13T14:10:05.067574Z", "fetched_at": "2025-07-13T14:10:48.845484+00:00", "symbol": "ADA-USD"}, {"trade_id": 143351565, "side": "sell", "size": "3246.52252490", "price": "0.74630000", "time": "2025-07-13T14:10:04.162090Z", "fetched_at": "2025-07-13T14:10:48.845484+00:00", "symbol": "ADA-USD"}, {"trade_id": 143351564, "side": "sell", "size": "774.73333489", "price": "0.74630000", "time": "2025-07-13T14:10:04.162090Z", "fetched_at": "2025-07-13T14:10:48.845484+00:00", "symbol": "ADA-USD"}, {"trade_id": 143351563, "side": "sell", "size": "6.29518100", "price": "0.74630000", "time": "2025-07-13T14:10:03.446382Z", "fetched_at": "2025-07-13T14:10:48.845484+00:00", "symbol": "ADA-USD"}, {"trade_id": 143351562, "side": "buy", "size": "126.06779598", "price": "0.74620000", "time": "2025-07-13T14:10:02.531284Z", "fetched_at": "2025-07-13T14:10:48.845484+00:00", "symbol": "ADA-USD"}, {"trade_id": 143351561, "side": "buy", "size": "1.50000000", "price": "0.74620000", "time": "2025-07-13T14:10:02.531284Z", "fetched_at": "2025-07-13T14:10:48.845484+00:00", "symbol": "ADA-USD"}, {"trade_id": 143351560, "side": "buy", "size": "275.00859402", "price": "0.74620000", "time": "2025-07-13T14:10:02.531284Z", "fetched_at": "2025-07-13T14:10:48.845484+00:00", "symbol": "ADA-USD"}, {"trade_id": 143351559, "side": "buy", "size": "1.50000000", "price": "0.74630000", "time": "2025-07-13T14:10:02.531284Z", "fetched_at": "2025-07-13T14:10:48.845484+00:00", "symbol": "ADA-USD"}, {"trade_id": 143351558, "side": "buy", "size": "1.50000000", "price": "0.74640000", "time": "2025-07-13T14:10:02.528068Z", "fetched_at": "2025-07-13T14:10:48.845484+00:00", "symbol": "ADA-USD"}, {"trade_id": 143351557, "side": "buy", "size": "1.40183314", "price": "0.74650000", "time": "2025-07-13T14:10:02.259510Z", "fetched_at": "2025-07-13T14:10:48.845484+00:00", "symbol": "ADA-USD"}, {"trade_id": 143351556, "side": "buy", "size": "1.50000000", "price": "0.74650000", "time": "2025-07-13T14:10:02.259510Z", "fetched_at": "2025-07-13T14:10:48.845484+00:00", "symbol": "ADA-USD"}, {"trade_id": 143351555, "side": "buy", "size": "1.39944809", "price": "0.74660000", "time": "2025-07-13T14:10:02.228296Z", "fetched_at": "2025-07-13T14:10:48.845484+00:00", "symbol": "ADA-USD"}, {"trade_id": 143351554, "side": "buy", "size": "0.76732074", "price": "0.74660000", "time": "2025-07-13T14:10:02.228296Z", "fetched_at": "2025-07-13T14:10:48.845484+00:00", "symbol": "ADA-USD"}, {"trade_id": 143351553, "side": "buy", "size": "275.00859402", "price": "0.74660000", "time": "2025-07-13T14:10:02.228296Z", "fetched_at": "2025-07-13T14:10:48.845484+00:00", "symbol": "ADA-USD"}, {"trade_id": 143351552, "side": "buy", "size": "1.38062072", "price": "0.74670000", "time": "2025-07-13T14:10:02.099917Z", "fetched_at": "2025-07-13T14:10:48.845484+00:00", "symbol": "ADA-USD"}, {"trade_id": 143351551, "side": "sell", "size": "71.88081547", "price": "0.74670000", "time": "2025-07-13T14:10:00.468095Z", "fetched_at": "2025-07-13T14:10:48.845484+00:00", "symbol": "ADA-USD"}, {"trade_id": 143351550, "side": "buy", "size": "275.00859402", "price": "0.74660000", "time": "2025-07-13T14:09:59.810521Z", "fetched_at": "2025-07-13T14:10:48.845484+00:00", "symbol": "ADA-USD"}, {"trade_id": 143351549, "side": "buy", "size": "676.88500267", "price": "0.74660000", "time": "2025-07-13T14:09:59.713509Z", "fetched_at": "2025-07-13T14:10:48.845484+00:00", "symbol": "ADA-USD"}, {"trade_id": 143351548, "side": "buy", "size": "1.50000000", "price": "0.74660000", "time": "2025-07-13T14:09:59.713509Z", "fetched_at": "2025-07-13T14:10:48.845484+00:00", "symbol": "ADA-USD"}, {"trade_id": 143351547, "side": "buy", "size": "275.00859402", "price": "0.74660000", "time": "2025-07-13T14:09:59.713509Z", "fetched_at": "2025-07-13T14:10:48.845484+00:00", "symbol": "ADA-USD"}, {"trade_id": 143351546, "side": "buy", "size": "275.00859402", "price": "0.74680000", "time": "2025-07-13T14:09:59.710009Z", "fetched_at": "2025-07-13T14:10:48.845484+00:00", "symbol": "ADA-USD"}, {"trade_id": 143351545, "side": "buy", "size": "918.40907626", "price": "0.74670000", "time": "2025-07-13T14:09:59.704679Z", "fetched_at": "2025-07-13T14:10:48.845484+00:00", "symbol": "ADA-USD"}, {"trade_id": 143351544, "side": "buy", "size": "1731.15220000", "price": "0.74670000", "time": "2025-07-13T14:09:59.704679Z", "fetched_at": "2025-07-13T14:10:48.845484+00:00", "symbol": "ADA-USD"}, {"trade_id": 143351543, "side": "buy", "size": "774.73333489", "price": "0.74670000", "time": "2025-07-13T14:09:59.704679Z", "fetched_at": "2025-07-13T14:10:48.845484+00:00", "symbol": "ADA-USD"}, {"trade_id": 143351542, "side": "buy", "size": "1729.90222000", "price": "0.74670000", "time": "2025-07-13T14:09:59.704679Z", "fetched_at": "2025-07-13T14:10:48.845484+00:00", "symbol": "ADA-USD"}, {"trade_id": 143351541, "side": "buy", "size": "669.58182182", "price": "0.74670000", "time": "2025-07-13T14:09:59.704679Z", "fetched_at": "2025-07-13T14:10:48.845484+00:00", "symbol": "ADA-USD"}, {"trade_id": 143351540, "side": "buy", "size": "1.50000000", "price": "0.74670000", "time": "2025-07-13T14:09:59.704679Z", "fetched_at": "2025-07-13T14:10:48.845484+00:00", "symbol": "ADA-USD"}, {"trade_id": 143351539, "side": "buy", "size": "50.00000000", "price": "0.74680000", "time": "2025-07-13T14:09:59.704031Z", "fetched_at": "2025-07-13T14:10:48.845484+00:00", "symbol": "ADA-USD"}, {"trade_id": 143351538, "side": "buy", "size": "0.76720658", "price": "0.74680000", "time": "2025-07-13T14:09:59.704031Z", "fetched_at": "2025-07-13T14:10:48.845484+00:00", "symbol": "ADA-USD"}, {"trade_id": 143351537, "side": "buy", "size": "1.50000000", "price": "0.74680000", "time": "2025-07-13T14:09:59.704031Z", "fetched_at": "2025-07-13T14:10:48.845484+00:00", "symbol": "ADA-USD"}, {"trade_id": 143351536, "side": "buy", "size": "275.00859402", "price": "0.74680000", "time": "2025-07-13T14:09:59.704031Z", "fetched_at": "2025-07-13T14:10:48.845484+00:00", "symbol": "ADA-USD"}, {"trade_id": 143351535, "side": "sell", "size": "6.29181200", "price": "0.74700000", "time": "2025-07-13T14:09:53.311657Z", "fetched_at": "2025-07-13T14:10:48.845484+00:00", "symbol": "ADA-USD"}, {"trade_id": 143351534, "side": "buy", "size": "1.50000000", "price": "0.74690000", "time": "2025-07-13T14:09:53.069254Z", "fetched_at": "2025-07-13T14:10:48.845484+00:00", "symbol": "ADA-USD"}, {"trade_id": 143351533, "side": "sell", "size": "0.00066113", "price": "0.74700000", "time": "2025-07-13T14:09:52.907800Z", "fetched_at": "2025-07-13T14:10:48.845484+00:00", "symbol": "ADA-USD"}, {"trade_id": 143351532, "side": "sell", "size": "12.75630993", "price": "0.74700000", "time": "2025-07-13T14:09:52.542708Z", "fetched_at": "2025-07-13T14:10:48.845484+00:00", "symbol": "ADA-USD"}, {"trade_id": 143351531, "side": "buy", "size": "0.76725338", "price": "0.74710000", "time": "2025-07-13T14:09:52.013916Z", "fetched_at": "2025-07-13T14:10:48.845484+00:00", "symbol": "ADA-USD"}, {"trade_id": 143351530, "side": "buy", "size": "1.50000000", "price": "0.74700000", "time": "2025-07-13T14:09:48.083446Z", "fetched_at": "2025-07-13T14:10:48.845484+00:00", "symbol": "ADA-USD"}, {"trade_id": 143351529, "side": "buy", "size": "4959.30000000", "price": "0.74710000", "time": "2025-07-13T14:09:47.970337Z", "fetched_at": "2025-07-13T14:10:48.845484+00:00", "symbol": "ADA-USD"}, {"trade_id": 143351528, "side": "buy", "size": "1.50000000", "price": "0.74710000", "time": "2025-07-13T14:09:47.970337Z", "fetched_at": "2025-07-13T14:10:48.845484+00:00", "symbol": "ADA-USD"}, {"trade_id": 143351527, "side": "buy", "size": "1.50000000", "price": "0.74720000", "time": "2025-07-13T14:09:47.563098Z", "fetched_at": "2025-07-13T14:10:48.845484+00:00", "symbol": "ADA-USD"}, {"trade_id": 143351526, "side": "buy", "size": "0.76717851", "price": "0.74730000", "time": "2025-07-13T14:09:47.559518Z", "fetched_at": "2025-07-13T14:10:48.845484+00:00", "symbol": "ADA-USD"}, {"trade_id": 143351525, "side": "buy", "size": "1.50000000", "price": "0.74730000", "time": "2025-07-13T14:09:47.559518Z", "fetched_at": "2025-07-13T14:10:48.845484+00:00", "symbol": "ADA-USD"}, {"trade_id": 143351524, "side": "sell", "size": "766.76400474", "price": "0.74740000", "time": "2025-07-13T14:09:46.775459Z", "fetched_at": "2025-07-13T14:10:48.845484+00:00", "symbol": "ADA-USD"}, {"trade_id": 143351523, "side": "sell", "size": "3.22364003", "price": "0.74740000", "time": "2025-07-13T14:09:46.688450Z", "fetched_at": "2025-07-13T14:10:48.845484+00:00", "symbol": "ADA-USD"}, {"trade_id": 143351522, "side": "sell", "size": "74.10198472", "price": "0.74740000", "time": "2025-07-13T14:09:46.688450Z", "fetched_at": "2025-07-13T14:10:48.845484+00:00", "symbol": "ADA-USD"}, {"trade_id": 143351521, "side": "sell", "size": "683.43865134", "price": "0.74740000", "time": "2025-07-13T14:09:45.550887Z", "fetched_at": "2025-07-13T14:10:48.845484+00:00", "symbol": "ADA-USD"}, {"trade_id": 143351520, "side": "sell", "size": "22.45795348", "price": "0.74740000", "time": "2025-07-13T14:09:45.550887Z", "fetched_at": "2025-07-13T14:10:48.845484+00:00", "symbol": "ADA-USD"}, {"trade_id": 143351519, "side": "buy", "size": "1.50000000", "price": "0.74740000", "time": "2025-07-13T14:09:44.386324Z", "fetched_at": "2025-07-13T14:10:48.845484+00:00", "symbol": "ADA-USD"}, {"trade_id": 143351518, "side": "buy", "size": "0.00000548", "price": "0.74750000", "time": "2025-07-13T14:09:44.386324Z", "fetched_at": "2025-07-13T14:10:48.845484+00:00", "symbol": "ADA-USD"}, {"trade_id": 143351517, "side": "buy", "size": "71.88081000", "price": "0.74750000", "time": "2025-07-13T14:09:41.841226Z", "fetched_at": "2025-07-13T14:10:48.845484+00:00", "symbol": "ADA-USD"}, {"trade_id": 143351516, "side": "sell", "size": "738.00050716", "price": "0.74770000", "time": "2025-07-13T14:09:41.558419Z", "fetched_at": "2025-07-13T14:10:48.845484+00:00", "symbol": "ADA-USD"}, {"trade_id": 143351515, "side": "buy", "size": "0.88155309", "price": "0.74780000", "time": "2025-07-13T14:09:41.047502Z", "fetched_at": "2025-07-13T14:10:48.845484+00:00", "symbol": "ADA-USD"}, {"trade_id": 143351514, "side": "buy", "size": "141.49807504", "price": "0.74770000", "time": "2025-07-13T14:09:39.861606Z", "fetched_at": "2025-07-13T14:10:48.845484+00:00", "symbol": "ADA-USD"}, {"trade_id": 143351513, "side": "buy", "size": "310.50000000", "price": "0.74770000", "time": "2025-07-13T14:09:39.861606Z", "fetched_at": "2025-07-13T14:10:48.845484+00:00", "symbol": "ADA-USD"}, {"trade_id": 143351512, "side": "buy", "size": "66.79333094", "price": "0.74770000", "time": "2025-07-13T14:09:39.861606Z", "fetched_at": "2025-07-13T14:10:48.845484+00:00", "symbol": "ADA-USD"}, {"trade_id": 143351511, "side": "buy", "size": "275.00859402", "price": "0.74780000", "time": "2025-07-13T14:09:39.861606Z", "fetched_at": "2025-07-13T14:10:48.845484+00:00", "symbol": "ADA-USD"}, {"trade_id": 143351510, "side": "sell", "size": "12.75351217", "price": "0.74800000", "time": "2025-07-13T14:09:39.114640Z", "fetched_at": "2025-07-13T14:10:48.845484+00:00", "symbol": "ADA-USD"}, {"trade_id": 143351509, "side": "sell", "size": "235.91393002", "price": "0.74800000", "time": "2025-07-13T14:09:39.114640Z", "fetched_at": "2025-07-13T14:10:48.845484+00:00", "symbol": "ADA-USD"}, {"trade_id": 143351508, "side": "sell", "size": "464.95023061", "price": "0.74800000", "time": "2025-07-13T14:09:39.100771Z", "fetched_at": "2025-07-13T14:10:48.845484+00:00", "symbol": "ADA-USD"}, {"trade_id": 143351507, "side": "sell", "size": "1.50000000", "price": "0.74800000", "time": "2025-07-13T14:09:39.100771Z", "fetched_at": "2025-07-13T14:10:48.845484+00:00", "symbol": "ADA-USD"}, {"trade_id": 143351506, "side": "sell", "size": "0.00000015", "price": "0.74800000", "time": "2025-07-13T14:09:39.100771Z", "fetched_at": "2025-07-13T14:10:48.845484+00:00", "symbol": "ADA-USD"}, {"trade_id": 143351505, "side": "sell", "size": "0.10000000", "price": "0.74800000", "time": "2025-07-13T14:09:39.100771Z", "fetched_at": "2025-07-13T14:10:48.845484+00:00", "symbol": "ADA-USD"}, {"trade_id": 143351504, "side": "sell", "size": "112.25124500", "price": "0.74800000", "time": "2025-07-13T14:09:39.100771Z", "fetched_at": "2025-07-13T14:10:48.845484+00:00", "symbol": "ADA-USD"}, {"trade_id": 143351503, "side": "sell", "size": "9.99106800", "price": "0.74800000", "time": "2025-07-13T14:09:39.100771Z", "fetched_at": "2025-07-13T14:10:48.845484+00:00", "symbol": "ADA-USD"}, {"trade_id": 143351502, "side": "sell", "size": "10.00000000", "price": "0.74800000", "time": "2025-07-13T14:09:39.100771Z", "fetched_at": "2025-07-13T14:10:48.845484+00:00", "symbol": "ADA-USD"}, {"trade_id": 143351501, "side": "sell", "size": "115.38627779", "price": "0.74800000", "time": "2025-07-13T14:09:39.100771Z", "fetched_at": "2025-07-13T14:10:48.845484+00:00", "symbol": "ADA-USD"}, {"trade_id": 143351500, "side": "sell", "size": "0.00000002", "price": "0.74800000", "time": "2025-07-13T14:09:39.100771Z", "fetched_at": "2025-07-13T14:10:48.845484+00:00", "symbol": "ADA-USD"}, {"trade_id": 143351499, "side": "sell", "size": "19.34237967", "price": "0.74800000", "time": "2025-07-13T14:09:39.100771Z", "fetched_at": "2025-07-13T14:10:48.845484+00:00", "symbol": "ADA-USD"}, {"trade_id": 143351498, "side": "sell", "size": "7.69115486", "price": "0.74800000", "time": "2025-07-13T14:09:39.100771Z", "fetched_at": "2025-07-13T14:10:48.845484+00:00", "symbol": "ADA-USD"}, {"trade_id": 143351497, "side": "sell", "size": "0.10000000", "price": "0.74800000", "time": "2025-07-13T14:09:39.100771Z", "fetched_at": "2025-07-13T14:10:48.845484+00:00", "symbol": "ADA-USD"}, {"trade_id": 143351496, "side": "sell", "size": "1.50000000", "price": "0.74790000", "time": "2025-07-13T14:09:39.089713Z", "fetched_at": "2025-07-13T14:10:48.845484+00:00", "symbol": "ADA-USD"}, {"trade_id": 143351495, "side": "sell", "size": "0.14950814", "price": "0.74790000", "time": "2025-07-13T14:09:39.089713Z", "fetched_at": "2025-07-13T14:10:48.845484+00:00", "symbol": "ADA-USD"}, {"trade_id": 143351494, "side": "sell", "size": "42.36586334", "price": "0.74790000", "time": "2025-07-13T14:09:39.089713Z", "fetched_at": "2025-07-13T14:10:48.845484+00:00", "symbol": "ADA-USD"}, {"trade_id": 143351493, "side": "sell", "size": "70.86165866", "price": "0.74790000", "time": "2025-07-13T14:09:39.089663Z", "fetched_at": "2025-07-13T14:10:48.845484+00:00", "symbol": "ADA-USD"}, {"trade_id": 143351492, "side": "sell", "size": "0.00001134", "price": "0.74790000", "time": "2025-07-13T14:09:39.089663Z", "fetched_at": "2025-07-13T14:10:48.845484+00:00", "symbol": "ADA-USD"}, {"trade_id": 143351491, "side": "sell", "size": "1.50000000", "price": "0.74780000", "time": "2025-07-13T14:09:38.727758Z", "fetched_at": "2025-07-13T14:10:48.845484+00:00", "symbol": "ADA-USD"}, {"trade_id": 143351490, "side": "sell", "size": "9.49281259", "price": "0.74780000", "time": "2025-07-13T14:09:38.727758Z", "fetched_at": "2025-07-13T14:10:48.845484+00:00", "symbol": "ADA-USD"}, {"trade_id": 143351489, "side": "sell", "size": "0.00000011", "price": "0.74780000", "time": "2025-07-13T14:09:38.727758Z", "fetched_at": "2025-07-13T14:10:48.845484+00:00", "symbol": "ADA-USD"}, {"trade_id": 143351488, "side": "sell", "size": "1723.15340000", "price": "0.74770000", "time": "2025-07-13T14:09:38.696610Z", "fetched_at": "2025-07-13T14:10:48.845484+00:00", "symbol": "ADA-USD"}, {"trade_id": 143351487, "side": "sell", "size": "12.75351217", "price": "0.74770000", "time": "2025-07-13T14:09:38.696610Z", "fetched_at": "2025-07-13T14:10:48.845484+00:00", "symbol": "ADA-USD"}, {"trade_id": 143351486, "side": "sell", "size": "668.72559131", "price": "0.74770000", "time": "2025-07-13T14:09:38.696610Z", "fetched_at": "2025-07-13T14:10:48.845484+00:00", "symbol": "ADA-USD"}, {"trade_id": 143351485, "side": "sell", "size": "438.29197472", "price": "0.74770000", "time": "2025-07-13T14:09:38.696610Z", "fetched_at": "2025-07-13T14:10:48.845484+00:00", "symbol": "ADA-USD"}, {"trade_id": 143351484, "side": "sell", "size": "333.66420228", "price": "0.74770000", "time": "2025-07-13T14:09:38.696610Z", "fetched_at": "2025-07-13T14:10:48.845484+00:00", "symbol": "ADA-USD"}, {"trade_id": 143351483, "side": "sell", "size": "774.73333489", "price": "0.74770000", "time": "2025-07-13T14:09:38.696610Z", "fetched_at": "2025-07-13T14:10:48.845484+00:00", "symbol": "ADA-USD"}, {"trade_id": 143351482, "side": "sell", "size": "1.50000000", "price": "0.74770000", "time": "2025-07-13T14:09:38.696610Z", "fetched_at": "2025-07-13T14:10:48.845484+00:00", "symbol": "ADA-USD"}, {"trade_id": 143351481, "side": "sell", "size": "0.09688877", "price": "0.74770000", "time": "2025-07-13T14:09:38.696610Z", "fetched_at": "2025-07-13T14:10:48.845484+00:00", "symbol": "ADA-USD"}, {"trade_id": 143351480, "side": "sell", "size": "1723.23794000", "price": "0.74760000", "time": "2025-07-13T14:09:38.689185Z", "fetched_at": "2025-07-13T14:10:48.845484+00:00", "symbol": "ADA-USD"}, {"trade_id": 143351479, "side": "sell", "size": "275.09387546", "price": "0.74760000", "time": "2025-07-13T14:09:38.689185Z", "fetched_at": "2025-07-13T14:10:48.845484+00:00", "symbol": "ADA-USD"}, {"trade_id": 143351478, "side": "sell", "size": "426.35649062", "price": "0.74760000", "time": "2025-07-13T14:09:38.689070Z", "fetched_at": "2025-07-13T14:10:48.845484+00:00", "symbol": "ADA-USD"}, {"trade_id": 143351477, "side": "sell", "size": "774.73333489", "price": "0.74760000", "time": "2025-07-13T14:09:38.689070Z", "fetched_at": "2025-07-13T14:10:48.845484+00:00", "symbol": "ADA-USD"}, {"trade_id": 143351476, "side": "sell", "size": "4948.20000000", "price": "0.74760000", "time": "2025-07-13T14:09:38.689070Z", "fetched_at": "2025-07-13T14:10:48.845484+00:00", "symbol": "ADA-USD"}, {"trade_id": 143351475, "side": "sell", "size": "1.50000000", "price": "0.74760000", "time": "2025-07-13T14:09:38.689070Z", "fetched_at": "2025-07-13T14:10:48.845484+00:00", "symbol": "ADA-USD"}, {"trade_id": 143351474, "side": "sell", "size": "785.25697354", "price": "0.74760000", "time": "2025-07-13T14:09:38.689070Z", "fetched_at": "2025-07-13T14:10:48.845484+00:00", "symbol": "ADA-USD"}, {"trade_id": 143351473, "side": "sell", "size": "3707.83624312", "price": "0.74750000", "time": "2025-07-13T14:09:38.687481Z", "fetched_at": "2025-07-13T14:10:48.845484+00:00", "symbol": "ADA-USD"}, {"trade_id": 143351472, "side": "sell", "size": "774.73333489", "price": "0.74750000", "time": "2025-07-13T14:09:38.687481Z", "fetched_at": "2025-07-13T14:10:48.845484+00:00", "symbol": "ADA-USD"}, {"trade_id": 143351471, "side": "sell", "size": "50.00000000", "price": "0.74750000", "time": "2025-07-13T14:09:38.687481Z", "fetched_at": "2025-07-13T14:10:48.845484+00:00", "symbol": "ADA-USD"}, {"trade_id": 143351470, "side": "sell", "size": "51.00306000", "price": "0.74750000", "time": "2025-07-13T14:09:38.687481Z", "fetched_at": "2025-07-13T14:10:48.845484+00:00", "symbol": "ADA-USD"}, {"trade_id": 143351469, "side": "sell", "size": "1.50000000", "price": "0.74750000", "time": "2025-07-13T14:09:37.934379Z", "fetched_at": "2025-07-13T14:10:48.845484+00:00", "symbol": "ADA-USD"}, {"trade_id": 143351468, "side": "sell", "size": "14.58963388", "price": "0.74740000", "time": "2025-07-13T14:09:37.807055Z", "fetched_at": "2025-07-13T14:10:48.845484+00:00", "symbol": "ADA-USD"}, {"trade_id": 143351467, "side": "sell", "size": "51.40882483", "price": "0.74740000", "time": "2025-07-13T14:09:37.682064Z", "fetched_at": "2025-07-13T14:10:48.845484+00:00", "symbol": "ADA-USD"}, {"trade_id": 143351466, "side": "sell", "size": "19.45284517", "price": "0.74730000", "time": "2025-07-13T14:09:37.682064Z", "fetched_at": "2025-07-13T14:10:48.845484+00:00", "symbol": "ADA-USD"}, {"trade_id": 143351465, "side": "sell", "size": "7.16016911", "price": "0.74740000", "time": "2025-07-13T14:09:37.554506Z", "fetched_at": "2025-07-13T14:10:48.845484+00:00", "symbol": "ADA-USD"}, {"trade_id": 143351464, "side": "sell", "size": "25.93712689", "price": "0.74740000", "time": "2025-07-13T14:09:37.554506Z", "fetched_at": "2025-07-13T14:10:48.845484+00:00", "symbol": "ADA-USD"}, {"trade_id": 143351463, "side": "buy", "size": "0.94652750", "price": "0.74730000", "time": "2025-07-13T14:09:35.807139Z", "fetched_at": "2025-07-13T14:10:48.845484+00:00", "symbol": "ADA-USD"}, {"trade_id": 143351462, "side": "buy", "size": "23.50000000", "price": "0.74730000", "time": "2025-07-13T14:09:34.788533Z", "fetched_at": "2025-07-13T14:10:48.845484+00:00", "symbol": "ADA-USD"}, {"trade_id": 143351461, "side": "buy", "size": "1.50000000", "price": "0.74730000", "time": "2025-07-13T14:09:34.788533Z", "fetched_at": "2025-07-13T14:10:48.845484+00:00", "symbol": "ADA-USD"}, {"trade_id": 143351460, "side": "buy", "size": "51.00306000", "price": "0.74750000", "time": "2025-07-13T14:09:34.214247Z", "fetched_at": "2025-07-13T14:10:48.845484+00:00", "symbol": "ADA-USD"}, {"trade_id": 143351459, "side": "buy", "size": "2.84973706", "price": "0.74750000", "time": "2025-07-13T14:09:34.214247Z", "fetched_at": "2025-07-13T14:10:48.845484+00:00", "symbol": "ADA-USD"}, {"trade_id": 143351458, "side": "buy", "size": "98.75049746", "price": "0.74750000", "time": "2025-07-13T14:09:34.214247Z", "fetched_at": "2025-07-13T14:10:48.845484+00:00", "symbol": "ADA-USD"}, {"trade_id": 143351457, "side": "buy", "size": "4.19760909", "price": "0.74750000", "time": "2025-07-13T14:09:32.714387Z", "fetched_at": "2025-07-13T14:10:48.845484+00:00", "symbol": "ADA-USD"}, {"trade_id": 143351456, "side": "buy", "size": "8.54302646", "price": "0.74760000", "time": "2025-07-13T14:09:31.942849Z", "fetched_at": "2025-07-13T14:10:48.845484+00:00", "symbol": "ADA-USD"}, {"trade_id": 143351455, "side": "sell", "size": "12.75106482", "price": "0.74760000", "time": "2025-07-13T14:09:30.567824Z", "fetched_at": "2025-07-13T14:10:48.845484+00:00", "symbol": "ADA-USD"}, {"trade_id": 143351454, "side": "sell", "size": "52.26251938", "price": "0.74760000", "time": "2025-07-13T14:09:29.573084Z", "fetched_at": "2025-07-13T14:10:48.845484+00:00", "symbol": "ADA-USD"}, {"trade_id": 143351453, "side": "sell", "size": "51.00306000", "price": "0.74760000", "time": "2025-07-13T14:09:29.570949Z", "fetched_at": "2025-07-13T14:10:48.845484+00:00", "symbol": "ADA-USD"}, {"trade_id": 143351452, "side": "sell", "size": "697.13442062", "price": "0.74760000", "time": "2025-07-13T14:09:29.569449Z", "fetched_at": "2025-07-13T14:10:48.845484+00:00", "symbol": "ADA-USD"}, {"trade_id": 143351451, "side": "sell", "size": "12.75105307", "price": "0.74760000", "time": "2025-07-13T14:09:29.569449Z", "fetched_at": "2025-07-13T14:10:48.845484+00:00", "symbol": "ADA-USD"}, {"trade_id": 143351450, "side": "sell", "size": "1.50000000", "price": "0.74760000", "time": "2025-07-13T14:09:29.569449Z", "fetched_at": "2025-07-13T14:10:48.845484+00:00", "symbol": "ADA-USD"}, {"trade_id": 143351449, "side": "sell", "size": "1.44421387", "price": "0.74760000", "time": "2025-07-13T14:09:29.569449Z", "fetched_at": "2025-07-13T14:10:48.845484+00:00", "symbol": "ADA-USD"}, {"trade_id": 143351448, "side": "sell", "size": "293.57525033", "price": "0.74760000", "time": "2025-07-13T14:09:29.569449Z", "fetched_at": "2025-07-13T14:10:48.845484+00:00", "symbol": "ADA-USD"}, {"trade_id": 143351447, "side": "sell", "size": "48.43883289", "price": "0.74760000", "time": "2025-07-13T14:09:29.557354Z", "fetched_at": "2025-07-13T14:10:48.845484+00:00", "symbol": "ADA-USD"}, {"trade_id": 143351446, "side": "sell", "size": "22.42283711", "price": "0.74760000", "time": "2025-07-13T14:09:29.557354Z", "fetched_at": "2025-07-13T14:10:48.845484+00:00", "symbol": "ADA-USD"}, {"trade_id": 143351445, "side": "sell", "size": "1.50000000", "price": "0.74750000", "time": "2025-07-13T14:09:29.556009Z", "fetched_at": "2025-07-13T14:10:48.845484+00:00", "symbol": "ADA-USD"}, {"trade_id": 143351444, "side": "sell", "size": "8.60858454", "price": "0.74750000", "time": "2025-07-13T14:09:29.556009Z", "fetched_at": "2025-07-13T14:10:48.845484+00:00", "symbol": "ADA-USD"}, {"trade_id": 143351443, "side": "sell", "size": "7.00000000", "price": "0.74750000", "time": "2025-07-13T14:09:29.556009Z", "fetched_at": "2025-07-13T14:10:48.845484+00:00", "symbol": "ADA-USD"}, {"trade_id": 143351442, "side": "sell", "size": "0.10000000", "price": "0.74750000", "time": "2025-07-13T14:09:29.556009Z", "fetched_at": "2025-07-13T14:10:48.845484+00:00", "symbol": "ADA-USD"}, {"trade_id": 143351441, "side": "sell", "size": "0.00000034", "price": "0.74750000", "time": "2025-07-13T14:09:29.556009Z", "fetched_at": "2025-07-13T14:10:48.845484+00:00", "symbol": "ADA-USD"}, {"trade_id": 143351440, "side": "sell", "size": "0.00000072", "price": "0.74750000", "time": "2025-07-13T14:09:29.556009Z", "fetched_at": "2025-07-13T14:10:48.845484+00:00", "symbol": "ADA-USD"}, {"trade_id": 143351439, "side": "sell", "size": "8523.00612985", "price": "0.74750000", "time": "2025-07-13T14:09:29.556009Z", "fetched_at": "2025-07-13T14:10:48.845484+00:00", "symbol": "ADA-USD"}, {"trade_id": 143351438, "side": "buy", "size": "113.64813712", "price": "0.74740000", "time": "2025-07-13T14:09:29.531803Z", "fetched_at": "2025-07-13T14:10:48.845484+00:00", "symbol": "ADA-USD"}, {"trade_id": 143351437, "side": "buy", "size": "51.00306000", "price": "0.74740000", "time": "2025-07-13T14:09:29.531803Z", "fetched_at": "2025-07-13T14:10:48.845484+00:00", "symbol": "ADA-USD"}, {"trade_id": 143351436, "side": "buy", "size": "275.00859402", "price": "0.74740000", "time": "2025-07-13T14:09:29.531803Z", "fetched_at": "2025-07-13T14:10:48.845484+00:00", "symbol": "ADA-USD"}, {"trade_id": 143351435, "side": "buy", "size": "0.47359686", "price": "0.74740000", "time": "2025-07-13T14:09:29.531803Z", "fetched_at": "2025-07-13T14:10:48.845484+00:00", "symbol": "ADA-USD"}, {"trade_id": 143351434, "side": "sell", "size": "178.28725573", "price": "0.74750000", "time": "2025-07-13T14:09:29.453816Z", "fetched_at": "2025-07-13T14:10:48.845484+00:00", "symbol": "ADA-USD"}, {"trade_id": 143351433, "side": "sell", "size": "169.77642137", "price": "0.74750000", "time": "2025-07-13T14:09:29.427398Z", "fetched_at": "2025-07-13T14:10:48.845484+00:00", "symbol": "ADA-USD"}, {"trade_id": 143351432, "side": "sell", "size": "700.34348896", "price": "0.74750000", "time": "2025-07-13T14:09:29.415125Z", "fetched_at": "2025-07-13T14:10:48.845484+00:00", "symbol": "ADA-USD"}, {"trade_id": 143351431, "side": "sell", "size": "222.92352286", "price": "0.74750000", "time": "2025-07-13T14:09:29.197521Z", "fetched_at": "2025-07-13T14:10:48.845484+00:00", "symbol": "ADA-USD"}, {"trade_id": 143351430, "side": "sell", "size": "215.04761161", "price": "0.74750000", "time": "2025-07-13T14:09:29.187041Z", "fetched_at": "2025-07-13T14:10:48.845484+00:00", "symbol": "ADA-USD"}, {"trade_id": 143351429, "side": "sell", "size": "2944.72378712", "price": "0.74750000", "time": "2025-07-13T14:09:29.180616Z", "fetched_at": "2025-07-13T14:10:48.845484+00:00", "symbol": "ADA-USD"}, {"trade_id": 143351428, "side": "sell", "size": "1686.66333755", "price": "0.74750000", "time": "2025-07-13T14:09:29.179553Z", "fetched_at": "2025-07-13T14:10:48.845484+00:00", "symbol": "ADA-USD"}, {"trade_id": 143351427, "side": "sell", "size": "169.25258187", "price": "0.74750000", "time": "2025-07-13T14:09:29.165290Z", "fetched_at": "2025-07-13T14:10:48.845484+00:00", "symbol": "ADA-USD"}, {"trade_id": 143351426, "side": "sell", "size": "181.27064582", "price": "0.74750000", "time": "2025-07-13T14:09:29.119704Z", "fetched_at": "2025-07-13T14:10:48.845484+00:00", "symbol": "ADA-USD"}, {"trade_id": 143351425, "side": "sell", "size": "322.83731316", "price": "0.74750000", "time": "2025-07-13T14:09:29.094543Z", "fetched_at": "2025-07-13T14:10:48.845484+00:00", "symbol": "ADA-USD"}, {"trade_id": 143351424, "side": "sell", "size": "951.43684134", "price": "0.74750000", "time": "2025-07-13T14:09:29.081273Z", "fetched_at": "2025-07-13T14:10:48.845484+00:00", "symbol": "ADA-USD"}, {"trade_id": 143351423, "side": "sell", "size": "3787.61015653", "price": "0.74750000", "time": "2025-07-13T14:09:29.073866Z", "fetched_at": "2025-07-13T14:10:48.845484+00:00", "symbol": "ADA-USD"}, {"trade_id": 143351422, "side": "sell", "size": "10.86011800", "price": "0.74750000", "time": "2025-07-13T14:09:28.665458Z", "fetched_at": "2025-07-13T14:10:48.845484+00:00", "symbol": "ADA-USD"}, {"trade_id": 143351421, "side": "buy", "size": "6112.27335772", "price": "0.74700000", "time": "2025-07-13T14:09:28.403866Z", "fetched_at": "2025-07-13T14:10:48.845484+00:00", "symbol": "ADA-USD"}, {"trade_id": 143351420, "side": "buy", "size": "4953.60000000", "price": "0.74700000", "time": "2025-07-13T14:09:28.403866Z", "fetched_at": "2025-07-13T14:10:48.845484+00:00", "symbol": "ADA-USD"}, {"trade_id": 143351419, "side": "buy", "size": "1720.91362000", "price": "0.74700000", "time": "2025-07-13T14:09:28.403866Z", "fetched_at": "2025-07-13T14:10:48.845484+00:00", "symbol": "ADA-USD"}, {"trade_id": 143351418, "side": "buy", "size": "928.90729785", "price": "0.74700000", "time": "2025-07-13T14:09:28.403866Z", "fetched_at": "2025-07-13T14:10:48.845484+00:00", "symbol": "ADA-USD"}, {"trade_id": 143351417, "side": "buy", "size": "1.50000000", "price": "0.74700000", "time": "2025-07-13T14:09:28.403866Z", "fetched_at": "2025-07-13T14:10:48.845484+00:00", "symbol": "ADA-USD"}, {"trade_id": 143351416, "side": "buy", "size": "382.35733467", "price": "0.74700000", "time": "2025-07-13T14:09:28.403866Z", "fetched_at": "2025-07-13T14:10:48.845484+00:00", "symbol": "ADA-USD"}, {"trade_id": 143351415, "side": "buy", "size": "774.73333489", "price": "0.74700000", "time": "2025-07-13T14:09:28.403866Z", "fetched_at": "2025-07-13T14:10:48.845484+00:00", "symbol": "ADA-USD"}, {"trade_id": 143351414, "side": "buy", "size": "275.00859402", "price": "0.74700000", "time": "2025-07-13T14:09:28.403866Z", "fetched_at": "2025-07-13T14:10:48.845484+00:00", "symbol": "ADA-USD"}, {"trade_id": 143351413, "side": "buy", "size": "4606.29601813", "price": "0.74710000", "time": "2025-07-13T14:09:28.403866Z", "fetched_at": "2025-07-13T14:10:48.845484+00:00", "symbol": "ADA-USD"}, {"trade_id": 143351412, "side": "buy", "size": "817.47648383", "price": "0.74710000", "time": "2025-07-13T14:09:28.403866Z", "fetched_at": "2025-07-13T14:10:48.845484+00:00", "symbol": "ADA-USD"}, {"trade_id": 143351411, "side": "buy", "size": "1722.38059000", "price": "0.74710000", "time": "2025-07-13T14:09:28.403866Z", "fetched_at": "2025-07-13T14:10:48.845484+00:00", "symbol": "ADA-USD"}, {"trade_id": 143351410, "side": "buy", "size": "1.50000000", "price": "0.74710000", "time": "2025-07-13T14:09:28.403866Z", "fetched_at": "2025-07-13T14:10:48.845484+00:00", "symbol": "ADA-USD"}, {"trade_id": 143351409, "side": "buy", "size": "2740.95813713", "price": "0.74710000", "time": "2025-07-13T14:09:28.403866Z", "fetched_at": "2025-07-13T14:10:48.845484+00:00", "symbol": "ADA-USD"}, {"trade_id": 143351408, "side": "buy", "size": "1671.76836090", "price": "0.74710000", "time": "2025-07-13T14:09:28.403866Z", "fetched_at": "2025-07-13T14:10:48.845484+00:00", "symbol": "ADA-USD"}, {"trade_id": 143351407, "side": "buy", "size": "653.23924255", "price": "0.74720000", "time": "2025-07-13T14:09:28.403866Z", "fetched_at": "2025-07-13T14:10:48.845484+00:00", "symbol": "ADA-USD"}, {"trade_id": 143351406, "side": "buy", "size": "400.00000000", "price": "0.74720000", "time": "2025-07-13T14:09:28.403866Z", "fetched_at": "2025-07-13T14:10:48.845484+00:00", "symbol": "ADA-USD"}, {"trade_id": 143351405, "side": "buy", "size": "774.73333489", "price": "0.74720000", "time": "2025-07-13T14:09:28.403866Z", "fetched_at": "2025-07-13T14:10:48.845484+00:00", "symbol": "ADA-USD"}, {"trade_id": 143351404, "side": "buy", "size": "1722.61228000", "price": "0.74720000", "time": "2025-07-13T14:09:28.403866Z", "fetched_at": "2025-07-13T14:10:48.845484+00:00", "symbol": "ADA-USD"}, {"trade_id": 143351403, "side": "buy", "size": "310.50000000", "price": "0.74720000", "time": "2025-07-13T14:09:28.403866Z", "fetched_at": "2025-07-13T14:10:48.845484+00:00", "symbol": "ADA-USD"}, {"trade_id": 143351402, "side": "buy", "size": "1.96680995", "price": "0.74720000", "time": "2025-07-13T14:09:28.403866Z", "fetched_at": "2025-07-13T14:10:48.845484+00:00", "symbol": "ADA-USD"}, {"trade_id": 143351401, "side": "buy", "size": "275.00859402", "price": "0.74720000", "time": "2025-07-13T14:09:28.403866Z", "fetched_at": "2025-07-13T14:10:48.845484+00:00", "symbol": "ADA-USD"}, {"trade_id": 143351400, "side": "buy", "size": "669.04706169", "price": "0.74730000", "time": "2025-07-13T14:09:28.403866Z", "fetched_at": "2025-07-13T14:10:48.845484+00:00", "symbol": "ADA-USD"}, {"trade_id": 143351399, "side": "buy", "size": "754.47760863", "price": "0.74730000", "time": "2025-07-13T14:09:28.403866Z", "fetched_at": "2025-07-13T14:10:48.845484+00:00", "symbol": "ADA-USD"}, {"trade_id": 143351398, "side": "buy", "size": "1721.18762000", "price": "0.74730000", "time": "2025-07-13T14:09:28.403866Z", "fetched_at": "2025-07-13T14:10:48.845484+00:00", "symbol": "ADA-USD"}, {"trade_id": 143351397, "side": "buy", "size": "1722.61228000", "price": "0.74730000", "time": "2025-07-13T14:09:28.403866Z", "fetched_at": "2025-07-13T14:10:48.845484+00:00", "symbol": "ADA-USD"}, {"trade_id": 143351396, "side": "buy", "size": "774.73333489", "price": "0.74730000", "time": "2025-07-13T14:09:28.403866Z", "fetched_at": "2025-07-13T14:10:48.845484+00:00", "symbol": "ADA-USD"}, {"trade_id": 143351395, "side": "buy", "size": "651.54053019", "price": "0.74740000", "time": "2025-07-13T14:09:28.403866Z", "fetched_at": "2025-07-13T14:10:48.845484+00:00", "symbol": "ADA-USD"}, {"trade_id": 143351394, "side": "buy", "size": "1.54021490", "price": "0.74740000", "time": "2025-07-13T14:09:28.403866Z", "fetched_at": "2025-07-13T14:10:48.845484+00:00", "symbol": "ADA-USD"}, {"trade_id": 143351393, "side": "buy", "size": "275.00859402", "price": "0.74740000", "time": "2025-07-13T14:09:28.403866Z", "fetched_at": "2025-07-13T14:10:48.845484+00:00", "symbol": "ADA-USD"}, {"trade_id": 143351392, "side": "sell", "size": "883.76991817", "price": "0.74750000", "time": "2025-07-13T14:09:28.319682Z", "fetched_at": "2025-07-13T14:10:48.845484+00:00", "symbol": "ADA-USD"}, {"trade_id": 143351391, "side": "buy", "size": "177.84654206", "price": "0.74710000", "time": "2025-07-13T14:09:27.474669Z", "fetched_at": "2025-07-13T14:10:48.845484+00:00", "symbol": "ADA-USD"}, {"trade_id": 143351390, "side": "buy", "size": "774.73333489", "price": "0.74710000", "time": "2025-07-13T14:09:27.474669Z", "fetched_at": "2025-07-13T14:10:48.845484+00:00", "symbol": "ADA-USD"}, {"trade_id": 143351389, "side": "buy", "size": "100.00000000", "price": "0.74710000", "time": "2025-07-13T14:09:27.474669Z", "fetched_at": "2025-07-13T14:10:48.845484+00:00", "symbol": "ADA-USD"}, {"trade_id": 143351388, "side": "buy", "size": "1.50000000", "price": "0.74710000", "time": "2025-07-13T14:09:27.474669Z", "fetched_at": "2025-07-13T14:10:48.845484+00:00", "symbol": "ADA-USD"}, {"trade_id": 143351387, "side": "buy", "size": "9.73907400", "price": "0.74720000", "time": "2025-07-13T14:09:27.474669Z", "fetched_at": "2025-07-13T14:10:48.845484+00:00", "symbol": "ADA-USD"}, {"trade_id": 143351386, "side": "buy", "size": "275.00859402", "price": "0.74720000", "time": "2025-07-13T14:09:27.474669Z", "fetched_at": "2025-07-13T14:10:48.845484+00:00", "symbol": "ADA-USD"}, {"trade_id": 143351385, "side": "buy", "size": "1.50000000", "price": "0.74720000", "time": "2025-07-13T14:09:27.474669Z", "fetched_at": "2025-07-13T14:10:48.845484+00:00", "symbol": "ADA-USD"}, {"trade_id": 143351384, "side": "buy", "size": "0.33475503", "price": "0.74720000", "time": "2025-07-13T14:09:27.474669Z", "fetched_at": "2025-07-13T14:10:48.845484+00:00", "symbol": "ADA-USD"}, {"trade_id": 143351383, "side": "buy", "size": "1.42105968", "price": "0.74730000", "time": "2025-07-13T14:09:26.885062Z", "fetched_at": "2025-07-13T14:10:48.845484+00:00", "symbol": "ADA-USD"}, {"trade_id": 143351382, "side": "buy", "size": "1.54681163", "price": "0.74740000", "time": "2025-07-13T14:09:26.684443Z", "fetched_at": "2025-07-13T14:10:48.845484+00:00", "symbol": "ADA-USD"}, {"trade_id": 143351381, "side": "sell", "size": "674.74773590", "price": "0.74750000", "time": "2025-07-13T14:09:26.106942Z", "fetched_at": "2025-07-13T14:10:48.845484+00:00", "symbol": "ADA-USD"}, {"trade_id": 143351380, "side": "buy", "size": "12.75377416", "price": "0.74730000", "time": "2025-07-13T14:09:22.944523Z", "fetched_at": "2025-07-13T14:10:48.845484+00:00", "symbol": "ADA-USD"}, {"trade_id": 143351379, "side": "buy", "size": "12.49689605", "price": "0.74740000", "time": "2025-07-13T14:09:22.878625Z", "fetched_at": "2025-07-13T14:10:48.845484+00:00", "symbol": "ADA-USD"}, {"trade_id": 143351378, "side": "sell", "size": "250.15053137", "price": "0.74750000", "time": "2025-07-13T14:09:21.002254Z", "fetched_at": "2025-07-13T14:10:48.845484+00:00", "symbol": "ADA-USD"}, {"trade_id": 143351377, "side": "sell", "size": "678.39079801", "price": "0.74750000", "time": "2025-07-13T14:09:20.975574Z", "fetched_at": "2025-07-13T14:10:48.845484+00:00", "symbol": "ADA-USD"}, {"trade_id": 143351376, "side": "sell", "size": "247.02344763", "price": "0.74750000", "time": "2025-07-13T14:09:20.773254Z", "fetched_at": "2025-07-13T14:10:48.845484+00:00", "symbol": "ADA-USD"}, {"trade_id": 143351375, "side": "sell", "size": "272.27947510", "price": "0.74750000", "time": "2025-07-13T14:09:20.735883Z", "fetched_at": "2025-07-13T14:10:48.845484+00:00", "symbol": "ADA-USD"}, {"trade_id": 143351374, "side": "sell", "size": "312.90733833", "price": "0.74750000", "time": "2025-07-13T14:09:20.695122Z", "fetched_at": "2025-07-13T14:10:48.845484+00:00", "symbol": "ADA-USD"}, {"trade_id": 143351373, "side": "sell", "size": "289.78428919", "price": "0.74750000", "time": "2025-07-13T14:09:20.649323Z", "fetched_at": "2025-07-13T14:10:48.845484+00:00", "symbol": "ADA-USD"}, {"trade_id": 143351372, "side": "buy", "size": "350.52621924", "price": "0.74740000", "time": "2025-07-13T14:09:20.538979Z", "fetched_at": "2025-07-13T14:10:48.845484+00:00", "symbol": "ADA-USD"}, {"trade_id": 143351371, "side": "buy", "size": "51.00306000", "price": "0.74740000", "time": "2025-07-13T14:09:20.538979Z", "fetched_at": "2025-07-13T14:10:48.845484+00:00", "symbol": "ADA-USD"}, {"trade_id": 143351370, "side": "buy", "size": "117.03598000", "price": "0.74740000", "time": "2025-07-13T14:09:20.538979Z", "fetched_at": "2025-07-13T14:10:48.845484+00:00", "symbol": "ADA-USD"}, {"trade_id": 143351369, "side": "buy", "size": "12.75206774", "price": "0.74740000", "time": "2025-07-13T14:09:20.538979Z", "fetched_at": "2025-07-13T14:10:48.845484+00:00", "symbol": "ADA-USD"}, {"trade_id": 143351368, "side": "buy", "size": "275.00859402", "price": "0.74740000", "time": "2025-07-13T14:09:20.538979Z", "fetched_at": "2025-07-13T14:10:48.845484+00:00", "symbol": "ADA-USD"}, {"trade_id": 143351367, "side": "sell", "size": "400.66751670", "price": "0.74750000", "time": "2025-07-13T14:09:20.532807Z", "fetched_at": "2025-07-13T14:10:48.845484+00:00", "symbol": "ADA-USD"}, {"trade_id": 143351366, "side": "sell", "size": "257.92672924", "price": "0.74750000", "time": "2025-07-13T14:09:20.521036Z", "fetched_at": "2025-07-13T14:10:48.845484+00:00", "symbol": "ADA-USD"}, {"trade_id": 143351365, "side": "sell", "size": "4107.49853693", "price": "0.74750000", "time": "2025-07-13T14:09:20.516504Z", "fetched_at": "2025-07-13T14:10:48.845484+00:00", "symbol": "ADA-USD"}, {"trade_id": 143351364, "side": "sell", "size": "890.81644040", "price": "0.74750000", "time": "2025-07-13T14:09:20.474845Z", "fetched_at": "2025-07-13T14:10:48.845484+00:00", "symbol": "ADA-USD"}, {"trade_id": 143351363, "side": "sell", "size": "70.76167000", "price": "0.74750000", "time": "2025-07-13T14:09:20.464193Z", "fetched_at": "2025-07-13T14:10:48.845484+00:00", "symbol": "ADA-USD"}, {"trade_id": 143351362, "side": "sell", "size": "0.10000000", "price": "0.74750000", "time": "2025-07-13T14:09:20.464193Z", "fetched_at": "2025-07-13T14:10:48.845484+00:00", "symbol": "ADA-USD"}, {"trade_id": 143351361, "side": "sell", "size": "46.01821583", "price": "0.74740000", "time": "2025-07-13T14:09:19.182579Z", "fetched_at": "2025-07-13T14:10:48.845484+00:00", "symbol": "ADA-USD"}, {"trade_id": 143351360, "side": "sell", "size": "1.50000000", "price": "0.74740000", "time": "2025-07-13T14:09:19.182579Z", "fetched_at": "2025-07-13T14:10:48.845484+00:00", "symbol": "ADA-USD"}, {"trade_id": 143351359, "side": "sell", "size": "0.32591485", "price": "0.74740000", "time": "2025-07-13T14:09:19.182579Z", "fetched_at": "2025-07-13T14:10:48.845484+00:00", "symbol": "ADA-USD"}, {"trade_id": 143351358, "side": "sell", "size": "0.00149508", "price": "0.74740000", "time": "2025-07-13T14:09:19.182579Z", "fetched_at": "2025-07-13T14:10:48.845484+00:00", "symbol": "ADA-USD"}, {"trade_id": 143351357, "side": "sell", "size": "1326.22268967", "price": "0.74740000", "time": "2025-07-13T14:09:19.182579Z", "fetched_at": "2025-07-13T14:10:48.845484+00:00", "symbol": "ADA-USD"}, {"trade_id": 143351356, "side": "sell", "size": "384.06599896", "price": "0.74740000", "time": "2025-07-13T14:09:19.139029Z", "fetched_at": "2025-07-13T14:10:48.845484+00:00", "symbol": "ADA-USD"}, {"trade_id": 143351355, "side": "sell", "size": "615.45560243", "price": "0.74740000", "time": "2025-07-13T14:09:19.124783Z", "fetched_at": "2025-07-13T14:10:48.845484+00:00", "symbol": "ADA-USD"}, {"trade_id": 143351354, "side": "sell", "size": "674.25570894", "price": "0.74740000", "time": "2025-07-13T14:09:19.114199Z", "fetched_at": "2025-07-13T14:10:48.845484+00:00", "symbol": "ADA-USD"}, {"trade_id": 143351353, "side": "sell", "size": "0.10000000", "price": "0.74740000", "time": "2025-07-13T14:09:19.114199Z", "fetched_at": "2025-07-13T14:10:48.845484+00:00", "symbol": "ADA-USD"}, {"trade_id": 143351352, "side": "sell", "size": "3.00000000", "price": "0.74740000", "time": "2025-07-13T14:09:19.114199Z", "fetched_at": "2025-07-13T14:10:48.845484+00:00", "symbol": "ADA-USD"}, {"trade_id": 143351351, "side": "sell", "size": "112.77879700", "price": "0.74740000", "time": "2025-07-13T14:09:19.114199Z", "fetched_at": "2025-07-13T14:10:48.845484+00:00", "symbol": "ADA-USD"}, {"trade_id": 143351350, "side": "sell", "size": "0.00006124", "price": "0.74740000", "time": "2025-07-13T14:09:19.114199Z", "fetched_at": "2025-07-13T14:10:48.845484+00:00", "symbol": "ADA-USD"}, {"trade_id": 143351349, "side": "sell", "size": "0.00000417", "price": "0.74740000", "time": "2025-07-13T14:09:19.114199Z", "fetched_at": "2025-07-13T14:10:48.845484+00:00", "symbol": "ADA-USD"}, {"trade_id": 143351348, "side": "sell", "size": "18.84242898", "price": "0.74740000", "time": "2025-07-13T14:09:19.114199Z", "fetched_at": "2025-07-13T14:10:48.845484+00:00", "symbol": "ADA-USD"}, {"trade_id": 143351347, "side": "sell", "size": "0.03156704", "price": "0.74740000", "time": "2025-07-13T14:09:19.114199Z", "fetched_at": "2025-07-13T14:10:48.845484+00:00", "symbol": "ADA-USD"}, {"trade_id": 143351346, "side": "sell", "size": "0.03740647", "price": "0.74740000", "time": "2025-07-13T14:09:19.114199Z", "fetched_at": "2025-07-13T14:10:48.845484+00:00", "symbol": "ADA-USD"}, {"trade_id": 143351345, "side": "sell", "size": "3.95558181", "price": "0.74730000", "time": "2025-07-13T14:09:19.067938Z", "fetched_at": "2025-07-13T14:10:48.845484+00:00", "symbol": "ADA-USD"}, {"trade_id": 143351344, "side": "sell", "size": "359.69978368", "price": "0.74730000", "time": "2025-07-13T14:09:19.055386Z", "fetched_at": "2025-07-13T14:10:48.845484+00:00", "symbol": "ADA-USD"}, {"trade_id": 143351343, "side": "sell", "size": "153.93471730", "price": "0.74730000", "time": "2025-07-13T14:09:18.490280Z", "fetched_at": "2025-07-13T14:10:48.845484+00:00", "symbol": "ADA-USD"}, {"trade_id": 143351342, "side": "buy", "size": "646.76528270", "price": "0.74730000", "time": "2025-07-13T14:09:18.484724Z", "fetched_at": "2025-07-13T14:10:48.845484+00:00", "symbol": "ADA-USD"}, {"trade_id": 143351341, "side": "sell", "size": "6.40736708", "price": "0.74730000", "time": "2025-07-13T14:09:17.232384Z", "fetched_at": "2025-07-13T14:10:48.845484+00:00", "symbol": "ADA-USD"}, {"trade_id": 143351340, "side": "sell", "size": "6.40736708", "price": "0.74730000", "time": "2025-07-13T14:09:17.090901Z", "fetched_at": "2025-07-13T14:10:48.845484+00:00", "symbol": "ADA-USD"}, {"trade_id": 143351339, "side": "sell", "size": "6.41554868", "price": "0.74730000", "time": "2025-07-13T14:09:17.007683Z", "fetched_at": "2025-07-13T14:10:48.845484+00:00", "symbol": "ADA-USD"}, {"trade_id": 143351338, "side": "sell", "size": "1.50000000", "price": "0.74730000", "time": "2025-07-13T14:09:17.007683Z", "fetched_at": "2025-07-13T14:10:48.845484+00:00", "symbol": "ADA-USD"}, {"trade_id": 143351337, "side": "sell", "size": "48.77467243", "price": "0.74730000", "time": "2025-07-13T14:09:17.007683Z", "fetched_at": "2025-07-13T14:10:48.845484+00:00", "symbol": "ADA-USD"}, {"trade_id": 143351336, "side": "sell", "size": "95.15820949", "price": "0.74730000", "time": "2025-07-13T14:09:17.007683Z", "fetched_at": "2025-07-13T14:10:48.845484+00:00", "symbol": "ADA-USD"}, {"trade_id": 143351335, "side": "buy", "size": "12.75548104", "price": "0.74720000", "time": "2025-07-13T14:09:16.807042Z", "fetched_at": "2025-07-13T14:10:48.845484+00:00", "symbol": "ADA-USD"}, {"trade_id": 143351334, "side": "buy", "size": "137.37362177", "price": "0.74710000", "time": "2025-07-13T14:09:15.985511Z", "fetched_at": "2025-07-13T14:10:48.845484+00:00", "symbol": "ADA-USD"}, {"trade_id": 143351333, "side": "buy", "size": "650.97089719", "price": "0.74720000", "time": "2025-07-13T14:09:15.985511Z", "fetched_at": "2025-07-13T14:10:48.845484+00:00", "symbol": "ADA-USD"}, {"trade_id": 143351332, "side": "buy", "size": "12.75548104", "price": "0.74720000", "time": "2025-07-13T14:09:15.985511Z", "fetched_at": "2025-07-13T14:10:48.845484+00:00", "symbol": "ADA-USD"}, {"trade_id": 143351331, "side": "sell", "size": "2.52322592", "price": "0.74710000", "time": "2025-07-13T14:09:15.486906Z", "fetched_at": "2025-07-13T14:10:48.845484+00:00", "symbol": "ADA-USD"}, {"trade_id": 143351330, "side": "sell", "size": "3407.91263788", "price": "0.74720000", "time": "2025-07-13T14:09:14.845748Z", "fetched_at": "2025-07-13T14:10:48.845484+00:00", "symbol": "ADA-USD"}, {"trade_id": 143351329, "side": "sell", "size": "1718.22572000", "price": "0.74720000", "time": "2025-07-13T14:09:14.845748Z", "fetched_at": "2025-07-13T14:10:48.845484+00:00", "symbol": "ADA-USD"}, {"trade_id": 143351328, "side": "sell", "size": "774.73333489", "price": "0.74720000", "time": "2025-07-13T14:09:14.845748Z", "fetched_at": "2025-07-13T14:10:48.845484+00:00", "symbol": "ADA-USD"}, {"trade_id": 143351327, "side": "sell", "size": "11.34275426", "price": "0.74720000", "time": "2025-07-13T14:09:14.845748Z", "fetched_at": "2025-07-13T14:10:48.845484+00:00", "symbol": "ADA-USD"}, {"trade_id": 143351326, "side": "sell", "size": "1.50000000", "price": "0.74720000", "time": "2025-07-13T14:09:14.845748Z", "fetched_at": "2025-07-13T14:10:48.845484+00:00", "symbol": "ADA-USD"}, {"trade_id": 143351325, "side": "sell", "size": "4.08451289", "price": "0.74710000", "time": "2025-07-13T14:09:14.845748Z", "fetched_at": "2025-07-13T14:10:48.845484+00:00", "symbol": "ADA-USD"}, {"trade_id": 143351324, "side": "sell", "size": "1.50000000", "price": "0.74710000", "time": "2025-07-13T14:09:14.845748Z", "fetched_at": "2025-07-13T14:10:48.845484+00:00", "symbol": "ADA-USD"}, {"trade_id": 143351323, "side": "sell", "size": "559.15604808", "price": "0.74710000", "time": "2025-07-13T14:09:14.845748Z", "fetched_at": "2025-07-13T14:10:48.845484+00:00", "symbol": "ADA-USD"}, {"trade_id": 143351322, "side": "sell", "size": "130.07415300", "price": "0.74710000", "time": "2025-07-13T14:09:14.693054Z", "fetched_at": "2025-07-13T14:10:48.845484+00:00", "symbol": "ADA-USD"}, {"trade_id": 143351321, "side": "sell", "size": "671.08702838", "price": "0.74700000", "time": "2025-07-13T14:09:14.551803Z", "fetched_at": "2025-07-13T14:10:48.845484+00:00", "symbol": "ADA-USD"}, {"trade_id": 143351320, "side": "buy", "size": "19.61012700", "price": "0.74690000", "time": "2025-07-13T14:09:14.325334Z", "fetched_at": "2025-07-13T14:10:48.845484+00:00", "symbol": "ADA-USD"}, {"trade_id": 143351319, "side": "sell", "size": "6.61853087", "price": "0.74700000", "time": "2025-07-13T14:09:14.083972Z", "fetched_at": "2025-07-13T14:10:48.845484+00:00", "symbol": "ADA-USD"}, {"trade_id": 143351318, "side": "buy", "size": "188.02776046", "price": "0.74670000", "time": "2025-07-13T14:09:12.502122Z", "fetched_at": "2025-07-13T14:10:48.845484+00:00", "symbol": "ADA-USD"}, {"trade_id": 143351317, "side": "buy", "size": "669.57939633", "price": "0.74670000", "time": "2025-07-13T14:09:12.502122Z", "fetched_at": "2025-07-13T14:10:48.845484+00:00", "symbol": "ADA-USD"}, {"trade_id": 143351316, "side": "buy", "size": "1.50000000", "price": "0.74670000", "time": "2025-07-13T14:09:12.502122Z", "fetched_at": "2025-07-13T14:10:48.845484+00:00", "symbol": "ADA-USD"}, {"trade_id": 143351315, "side": "buy", "size": "30.67737425", "price": "0.74680000", "time": "2025-07-13T14:09:12.502122Z", "fetched_at": "2025-07-13T14:10:48.845484+00:00", "symbol": "ADA-USD"}, {"trade_id": 143351314, "side": "buy", "size": "727.07166961", "price": "0.74680000", "time": "2025-07-13T14:09:12.502122Z", "fetched_at": "2025-07-13T14:10:48.845484+00:00", "symbol": "ADA-USD"}, {"trade_id": 143351313, "side": "buy", "size": "12.76231311", "price": "0.74680000", "time": "2025-07-13T14:09:12.502122Z", "fetched_at": "2025-07-13T14:10:48.845484+00:00", "symbol": "ADA-USD"}, {"trade_id": 143351312, "side": "buy", "size": "1.53458624", "price": "0.74680000", "time": "2025-07-13T14:09:12.502122Z", "fetched_at": "2025-07-13T14:10:48.845484+00:00", "symbol": "ADA-USD"}, {"trade_id": 143351311, "side": "buy", "size": "1.50000000", "price": "0.74680000", "time": "2025-07-13T14:09:12.502122Z", "fetched_at": "2025-07-13T14:10:48.845484+00:00", "symbol": "ADA-USD"}, {"trade_id": 143351310, "side": "sell", "size": "2.80419264", "price": "0.74690000", "time": "2025-07-13T14:09:12.232001Z", "fetched_at": "2025-07-13T14:10:48.845484+00:00", "symbol": "ADA-USD"}, {"trade_id": 143351309, "side": "buy", "size": "1.50000000", "price": "0.74690000", "time": "2025-07-13T14:09:11.575989Z", "fetched_at": "2025-07-13T14:10:48.845484+00:00", "symbol": "ADA-USD"}, {"trade_id": 143351308, "side": "buy", "size": "1.53451889", "price": "0.74700000", "time": "2025-07-13T14:09:10.836197Z", "fetched_at": "2025-07-13T14:10:48.845484+00:00", "symbol": "ADA-USD"}, {"trade_id": 143351307, "side": "sell", "size": "4.42677062", "price": "0.74710000", "time": "2025-07-13T14:09:08.888472Z", "fetched_at": "2025-07-13T14:10:48.845484+00:00", "symbol": "ADA-USD"}, {"trade_id": 143351306, "side": "sell", "size": "11.56099445", "price": "0.74710000", "time": "2025-07-13T14:09:07.650497Z", "fetched_at": "2025-07-13T14:10:48.845484+00:00", "symbol": "ADA-USD"}, {"trade_id": 143351305, "side": "sell", "size": "1.50000000", "price": "0.74710000", "time": "2025-07-13T14:09:07.650497Z", "fetched_at": "2025-07-13T14:10:48.845484+00:00", "symbol": "ADA-USD"}, {"trade_id": 143351304, "side": "sell", "size": "28.64031871", "price": "0.74710000", "time": "2025-07-13T14:09:07.650497Z", "fetched_at": "2025-07-13T14:10:48.845484+00:00", "symbol": "ADA-USD"}, {"trade_id": 143351303, "side": "sell", "size": "801.10000000", "price": "0.74700000", "time": "2025-07-13T14:09:06.894595Z", "fetched_at": "2025-07-13T14:10:48.845484+00:00", "symbol": "ADA-USD"}, {"trade_id": 143351302, "side": "sell", "size": "12.76138350", "price": "0.74700000", "time": "2025-07-13T14:09:06.894595Z", "fetched_at": "2025-07-13T14:10:48.845484+00:00", "symbol": "ADA-USD"}, {"trade_id": 143351301, "side": "sell", "size": "12.75974902", "price": "0.74690000", "time": "2025-07-13T14:09:05.289562Z", "fetched_at": "2025-07-13T14:10:48.845484+00:00", "symbol": "ADA-USD"}, {"trade_id": 143351300, "side": "sell", "size": "853.22776576", "price": "0.74680000", "time": "2025-07-13T14:09:04.548336Z", "fetched_at": "2025-07-13T14:10:48.845484+00:00", "symbol": "ADA-USD"}, {"trade_id": 143351299, "side": "buy", "size": "1.68685406", "price": "0.74680000", "time": "2025-07-13T14:09:04.076200Z", "fetched_at": "2025-07-13T14:10:48.845484+00:00", "symbol": "ADA-USD"}, {"trade_id": 143351298, "side": "sell", "size": "55.23209408", "price": "0.74700000", "time": "2025-07-13T14:09:02.471905Z", "fetched_at": "2025-07-13T14:10:48.845484+00:00", "symbol": "ADA-USD"}, {"trade_id": 143351297, "side": "sell", "size": "11.30542292", "price": "0.74700000", "time": "2025-07-13T14:09:02.471905Z", "fetched_at": "2025-07-13T14:10:48.845484+00:00", "symbol": "ADA-USD"}, {"trade_id": 143351296, "side": "sell", "size": "1.50000000", "price": "0.74700000", "time": "2025-07-13T14:09:02.471905Z", "fetched_at": "2025-07-13T14:10:48.845484+00:00", "symbol": "ADA-USD"}, {"trade_id": 143351295, "side": "sell", "size": "1.50000000", "price": "0.74690000", "time": "2025-07-13T14:09:02.356200Z", "fetched_at": "2025-07-13T14:10:48.845484+00:00", "symbol": "ADA-USD"}, {"trade_id": 143351294, "side": "sell", "size": "52.81867832", "price": "0.74690000", "time": "2025-07-13T14:09:02.356200Z", "fetched_at": "2025-07-13T14:10:48.845484+00:00", "symbol": "ADA-USD"}, {"trade_id": 143351293, "side": "sell", "size": "5.45221004", "price": "0.74680000", "time": "2025-07-13T14:09:02.326637Z", "fetched_at": "2025-07-13T14:10:48.845484+00:00", "symbol": "ADA-USD"}, {"trade_id": 143351292, "side": "sell", "size": "1.50000000", "price": "0.74680000", "time": "2025-07-13T14:09:02.326637Z", "fetched_at": "2025-07-13T14:10:48.845484+00:00", "symbol": "ADA-USD"}, {"trade_id": 143351291, "side": "sell", "size": "111.76528092", "price": "0.74680000", "time": "2025-07-13T14:09:02.326637Z", "fetched_at": "2025-07-13T14:10:48.845484+00:00", "symbol": "ADA-USD"}, {"trade_id": 143351290, "side": "sell", "size": "62.01593900", "price": "0.74670000", "time": "2025-07-13T14:08:59.742160Z", "fetched_at": "2025-07-13T14:10:48.845484+00:00", "symbol": "ADA-USD"}, {"trade_id": 143351289, "side": "sell", "size": "1.50000000", "price": "0.74670000", "time": "2025-07-13T14:08:59.742160Z", "fetched_at": "2025-07-13T14:10:48.845484+00:00", "symbol": "ADA-USD"}, {"trade_id": 143351288, "side": "sell", "size": "1.66600337", "price": "0.74660000", "time": "2025-07-13T14:08:59.480837Z", "fetched_at": "2025-07-13T14:10:48.845484+00:00", "symbol": "ADA-USD"}, {"trade_id": 143351287, "side": "sell", "size": "2.22133782", "price": "0.74650000", "time": "2025-07-13T14:08:59.472299Z", "fetched_at": "2025-07-13T14:10:48.845484+00:00", "symbol": "ADA-USD"}, {"trade_id": 143351286, "side": "sell", "size": "1.00000000", "price": "0.74650000", "time": "2025-07-13T14:08:58.087638Z", "fetched_at": "2025-07-13T14:10:48.845484+00:00", "symbol": "ADA-USD"}, {"trade_id": 143351285, "side": "buy", "size": "0.76721656", "price": "0.74670000", "time": "2025-07-13T14:08:55.834391Z", "fetched_at": "2025-07-13T14:10:48.845484+00:00", "symbol": "ADA-USD"}, {"trade_id": 143351284, "side": "buy", "size": "11.71096651", "price": "0.74660000", "time": "2025-07-13T14:08:53.576583Z", "fetched_at": "2025-07-13T14:10:48.845484+00:00", "symbol": "ADA-USD"}, {"trade_id": 143351283, "side": "buy", "size": "1.67781749", "price": "0.74670000", "time": "2025-07-13T14:08:53.576583Z", "fetched_at": "2025-07-13T14:10:48.845484+00:00", "symbol": "ADA-USD"}, {"trade_id": 143351282, "side": "sell", "size": "10.79253406", "price": "0.74670000", "time": "2025-07-13T14:08:52.192759Z", "fetched_at": "2025-07-13T14:10:48.845484+00:00", "symbol": "ADA-USD"}, {"trade_id": 143351281, "side": "sell", "size": "50.02900204", "price": "0.74670000", "time": "2025-07-13T14:08:52.192759Z", "fetched_at": "2025-07-13T14:10:48.845484+00:00", "symbol": "ADA-USD"}, {"trade_id": 143351280, "side": "buy", "size": "275.00859402", "price": "0.74660000", "time": "2025-07-13T14:08:50.114479Z", "fetched_at": "2025-07-13T14:10:48.845484+00:00", "symbol": "ADA-USD"}, {"trade_id": 143351279, "side": "buy", "size": "50.02900203", "price": "0.74650000", "time": "2025-07-13T14:08:46.999129Z", "fetched_at": "2025-07-13T14:10:48.845484+00:00", "symbol": "ADA-USD"}, {"trade_id": 143351278, "side": "buy", "size": "275.00859402", "price": "0.74660000", "time": "2025-07-13T14:08:46.832919Z", "fetched_at": "2025-07-13T14:10:48.845484+00:00", "symbol": "ADA-USD"}, {"trade_id": 143351277, "side": "sell", "size": "12.77073886", "price": "0.74670000", "time": "2025-07-13T14:08:46.401915Z", "fetched_at": "2025-07-13T14:10:48.845484+00:00", "symbol": "ADA-USD"}, {"trade_id": 143351276, "side": "sell", "size": "1.50000000", "price": "0.74670000", "time": "2025-07-13T14:08:46.401915Z", "fetched_at": "2025-07-13T14:10:48.845484+00:00", "symbol": "ADA-USD"}, {"trade_id": 143351275, "side": "sell", "size": "27.33751180", "price": "0.74670000", "time": "2025-07-13T14:08:46.401915Z", "fetched_at": "2025-07-13T14:10:48.845484+00:00", "symbol": "ADA-USD"}, {"trade_id": 143351274, "side": "sell", "size": "1.50000000", "price": "0.74660000", "time": "2025-07-13T14:08:46.004744Z", "fetched_at": "2025-07-13T14:10:48.845484+00:00", "symbol": "ADA-USD"}, {"trade_id": 143351273, "side": "sell", "size": "20.01204590", "price": "0.74660000", "time": "2025-07-13T14:08:46.004744Z", "fetched_at": "2025-07-13T14:10:48.845484+00:00", "symbol": "ADA-USD"}, {"trade_id": 143351272, "side": "sell", "size": "26.07500300", "price": "0.74660000", "time": "2025-07-13T14:08:45.970343Z", "fetched_at": "2025-07-13T14:10:48.845484+00:00", "symbol": "ADA-USD"}, {"trade_id": 143351271, "side": "sell", "size": "1.50000000", "price": "0.74650000", "time": "2025-07-13T14:08:45.877524Z", "fetched_at": "2025-07-13T14:10:48.845484+00:00", "symbol": "ADA-USD"}, {"trade_id": 143351270, "side": "sell", "size": "3.29511710", "price": "0.74640000", "time": "2025-07-13T14:08:45.197335Z", "fetched_at": "2025-07-13T14:10:48.845484+00:00", "symbol": "ADA-USD"}, {"trade_id": 143351269, "side": "sell", "size": "1.50000000", "price": "0.74640000", "time": "2025-07-13T14:08:45.126976Z", "fetched_at": "2025-07-13T14:10:48.845484+00:00", "symbol": "ADA-USD"}, {"trade_id": 143351268, "side": "sell", "size": "4.39348947", "price": "0.74630000", "time": "2025-07-13T14:08:45.048914Z", "fetched_at": "2025-07-13T14:10:48.845484+00:00", "symbol": "ADA-USD"}, {"trade_id": 143351267, "side": "sell", "size": "0.53884381", "price": "0.74630000", "time": "2025-07-13T14:08:41.971318Z", "fetched_at": "2025-07-13T14:10:48.845484+00:00", "symbol": "ADA-USD"}, {"trade_id": 143351266, "side": "sell", "size": "188.79723047", "price": "0.74630000", "time": "2025-07-13T14:08:41.945962Z", "fetched_at": "2025-07-13T14:10:48.845484+00:00", "symbol": "ADA-USD"}, {"trade_id": 143351265, "side": "sell", "size": "12.77835813", "price": "0.74630000", "time": "2025-07-13T14:08:41.945962Z", "fetched_at": "2025-07-13T14:10:48.845484+00:00", "symbol": "ADA-USD"}, {"trade_id": 143351264, "side": "sell", "size": "332.05078849", "price": "0.74630000", "time": "2025-07-13T14:08:41.945962Z", "fetched_at": "2025-07-13T14:10:48.845484+00:00", "symbol": "ADA-USD"}, {"trade_id": 143351263, "side": "sell", "size": "774.73333489", "price": "0.74630000", "time": "2025-07-13T14:08:41.945962Z", "fetched_at": "2025-07-13T14:10:48.845484+00:00", "symbol": "ADA-USD"}, {"trade_id": 143351262, "side": "sell", "size": "1.50000000", "price": "0.74630000", "time": "2025-07-13T14:08:41.945962Z", "fetched_at": "2025-07-13T14:10:48.845484+00:00", "symbol": "ADA-USD"}, {"trade_id": 143351261, "side": "sell", "size": "5.85798596", "price": "0.74620000", "time": "2025-07-13T14:08:41.945962Z", "fetched_at": "2025-07-13T14:10:48.845484+00:00", "symbol": "ADA-USD"}, {"trade_id": 143351260, "side": "sell", "size": "1.50000000", "price": "0.74620000", "time": "2025-07-13T14:08:41.032906Z", "fetched_at": "2025-07-13T14:10:48.845484+00:00", "symbol": "ADA-USD"}, {"trade_id": 143351259, "side": "sell", "size": "1.50000000", "price": "0.74610000", "time": "2025-07-13T14:08:40.518647Z", "fetched_at": "2025-07-13T14:10:48.845484+00:00", "symbol": "ADA-USD"}, {"trade_id": 143351258, "side": "sell", "size": "12.78253315", "price": "0.74600000", "time": "2025-07-13T14:08:39.879039Z", "fetched_at": "2025-07-13T14:10:48.845484+00:00", "symbol": "ADA-USD"}, {"trade_id": 143351257, "side": "sell", "size": "12.78253315", "price": "0.74600000", "time": "2025-07-13T14:08:39.868479Z", "fetched_at": "2025-07-13T14:10:48.845484+00:00", "symbol": "ADA-USD"}, {"trade_id": 143351256, "side": "sell", "size": "1.50000000", "price": "0.74600000", "time": "2025-07-13T14:08:39.868479Z", "fetched_at": "2025-07-13T14:10:48.845484+00:00", "symbol": "ADA-USD"}, {"trade_id": 143351255, "side": "sell", "size": "12.78253315", "price": "0.74590000", "time": "2025-07-13T14:08:39.756136Z", "fetched_at": "2025-07-13T14:10:48.845484+00:00", "symbol": "ADA-USD"}, {"trade_id": 143351254, "side": "sell", "size": "1.50000000", "price": "0.74590000", "time": "2025-07-13T14:08:38.906708Z", "fetched_at": "2025-07-13T14:10:48.845484+00:00", "symbol": "ADA-USD"}, {"trade_id": 143351253, "side": "sell", "size": "83.57398060", "price": "0.74580000", "time": "2025-07-13T14:08:38.818800Z", "fetched_at": "2025-07-13T14:10:48.845484+00:00", "symbol": "ADA-USD"}, {"trade_id": 143351252, "side": "sell", "size": "1.50000000", "price": "0.74580000", "time": "2025-07-13T14:08:38.818800Z", "fetched_at": "2025-07-13T14:10:48.845484+00:00", "symbol": "ADA-USD"}, {"trade_id": 143351251, "side": "sell", "size": "1.50000000", "price": "0.74570000", "time": "2025-07-13T14:08:38.613336Z", "fetched_at": "2025-07-13T14:10:48.845484+00:00", "symbol": "ADA-USD"}, {"trade_id": 143351250, "side": "sell", "size": "1.50000000", "price": "0.74560000", "time": "2025-07-13T14:08:37.134244Z", "fetched_at": "2025-07-13T14:10:48.845484+00:00", "symbol": "ADA-USD"}, {"trade_id": 143351249, "side": "sell", "size": "49.39399718", "price": "0.74530000", "time": "2025-07-13T14:08:36.796975Z", "fetched_at": "2025-07-13T14:10:48.845484+00:00", "symbol": "ADA-USD"}, {"trade_id": 143351248, "side": "buy", "size": "0.88060549", "price": "0.74540000", "time": "2025-07-13T14:08:35.110659Z", "fetched_at": "2025-07-13T14:10:48.845484+00:00", "symbol": "ADA-USD"}, {"trade_id": 143351247, "side": "sell", "size": "80.98333000", "price": "0.74550000", "time": "2025-07-13T14:08:34.748267Z", "fetched_at": "2025-07-13T14:10:48.845484+00:00", "symbol": "ADA-USD"}, {"trade_id": 143351246, "side": "buy", "size": "1000.54794240", "price": "0.74570000", "time": "2025-07-13T14:08:32.964483Z", "fetched_at": "2025-07-13T14:10:48.845484+00:00", "symbol": "ADA-USD"}, {"trade_id": 143351245, "side": "sell", "size": "16.82872637", "price": "0.74560000", "time": "2025-07-13T14:08:32.934131Z", "fetched_at": "2025-07-13T14:10:48.845484+00:00", "symbol": "ADA-USD"}, {"trade_id": 143351244, "side": "sell", "size": "701.62724495", "price": "0.74560000", "time": "2025-07-13T14:08:32.920802Z", "fetched_at": "2025-07-13T14:10:48.845484+00:00", "symbol": "ADA-USD"}, {"trade_id": 143351243, "side": "sell", "size": "1.50000000", "price": "0.74550000", "time": "2025-07-13T14:08:32.498695Z", "fetched_at": "2025-07-13T14:10:48.845484+00:00", "symbol": "ADA-USD"}, {"trade_id": 143351242, "side": "sell", "size": "4.90436034", "price": "0.74550000", "time": "2025-07-13T14:08:32.498695Z", "fetched_at": "2025-07-13T14:10:48.845484+00:00", "symbol": "ADA-USD"}, {"trade_id": 143351241, "side": "sell", "size": "169.13752000", "price": "0.74520000", "time": "2025-07-13T14:08:31.172026Z", "fetched_at": "2025-07-13T14:10:48.845484+00:00", "symbol": "ADA-USD"}, {"trade_id": 143351240, "side": "buy", "size": "1.50000000", "price": "0.74520000", "time": "2025-07-13T14:08:31.167367Z", "fetched_at": "2025-07-13T14:10:48.845484+00:00", "symbol": "ADA-USD"}, {"trade_id": 143351239, "side": "sell", "size": "677.02638256", "price": "0.74530000", "time": "2025-07-13T14:08:30.185101Z", "fetched_at": "2025-07-13T14:10:48.845484+00:00", "symbol": "ADA-USD"}, {"trade_id": 143351238, "side": "sell", "size": "112.75834000", "price": "0.74530000", "time": "2025-07-13T14:08:29.809047Z", "fetched_at": "2025-07-13T14:10:48.845484+00:00", "symbol": "ADA-USD"}, {"trade_id": 143351237, "side": "buy", "size": "19.32262575", "price": "0.74530000", "time": "2025-07-13T14:08:29.716485Z", "fetched_at": "2025-07-13T14:10:48.845484+00:00", "symbol": "ADA-USD"}, {"trade_id": 143351236, "side": "buy", "size": "1.50000000", "price": "0.74530000", "time": "2025-07-13T14:08:29.716485Z", "fetched_at": "2025-07-13T14:10:48.845484+00:00", "symbol": "ADA-USD"}, {"trade_id": 143351235, "side": "buy", "size": "0.51038725", "price": "0.74540000", "time": "2025-07-13T14:08:29.716485Z", "fetched_at": "2025-07-13T14:10:48.845484+00:00", "symbol": "ADA-USD"}, {"trade_id": 143351234, "side": "buy", "size": "1.50000000", "price": "0.74540000", "time": "2025-07-13T14:08:29.716485Z", "fetched_at": "2025-07-13T14:10:48.845484+00:00", "symbol": "ADA-USD"}, {"trade_id": 143351233, "side": "buy", "size": "0.76720367", "price": "0.74550000", "time": "2025-07-13T14:08:28.640341Z", "fetched_at": "2025-07-13T14:10:48.845484+00:00", "symbol": "ADA-USD"}, {"trade_id": 143351232, "side": "buy", "size": "1.50000000", "price": "0.74550000", "time": "2025-07-13T14:08:28.640341Z", "fetched_at": "2025-07-13T14:10:48.845484+00:00", "symbol": "ADA-USD"}, {"trade_id": 143351231, "side": "sell", "size": "203.46917914", "price": "0.74560000", "time": "2025-07-13T14:08:28.377566Z", "fetched_at": "2025-07-13T14:10:48.845484+00:00", "symbol": "ADA-USD"}, {"trade_id": 143351230, "side": "sell", "size": "224.72282459", "price": "0.74560000", "time": "2025-07-13T14:08:28.377566Z", "fetched_at": "2025-07-13T14:10:48.845484+00:00", "symbol": "ADA-USD"}, {"trade_id": 143351229, "side": "sell", "size": "65.15044200", "price": "0.74560000", "time": "2025-07-13T14:08:27.878114Z", "fetched_at": "2025-07-13T14:10:48.845484+00:00", "symbol": "ADA-USD"}, {"trade_id": 143351228, "side": "sell", "size": "386.23855016", "price": "0.74560000", "time": "2025-07-13T14:08:27.584919Z", "fetched_at": "2025-07-13T14:10:48.845484+00:00", "symbol": "ADA-USD"}, {"trade_id": 143351227, "side": "sell", "size": "50.00000000", "price": "0.74560000", "time": "2025-07-13T14:08:27.584919Z", "fetched_at": "2025-07-13T14:10:48.845484+00:00", "symbol": "ADA-USD"}, {"trade_id": 143351226, "side": "sell", "size": "712.40628672", "price": "0.74560000", "time": "2025-07-13T14:08:27.584919Z", "fetched_at": "2025-07-13T14:10:48.845484+00:00", "symbol": "ADA-USD"}, {"trade_id": 143351225, "side": "sell", "size": "6.53914712", "price": "0.74560000", "time": "2025-07-13T14:08:27.584919Z", "fetched_at": "2025-07-13T14:10:48.845484+00:00", "symbol": "ADA-USD"}, {"trade_id": 143351224, "side": "sell", "size": "112.75834000", "price": "0.74560000", "time": "2025-07-13T14:08:27.584919Z", "fetched_at": "2025-07-13T14:10:48.845484+00:00", "symbol": "ADA-USD"}, {"trade_id": 143351223, "side": "sell", "size": "51.00306000", "price": "0.74560000", "time": "2025-07-13T14:08:27.584919Z", "fetched_at": "2025-07-13T14:10:48.845484+00:00", "symbol": "ADA-USD"}, {"trade_id": 143351222, "side": "buy", "size": "0.76717529", "price": "0.74560000", "time": "2025-07-13T14:08:27.214320Z", "fetched_at": "2025-07-13T14:10:48.845484+00:00", "symbol": "ADA-USD"}, {"trade_id": 143351221, "side": "buy", "size": "1.50000000", "price": "0.74560000", "time": "2025-07-13T14:08:27.214320Z", "fetched_at": "2025-07-13T14:10:48.845484+00:00", "symbol": "ADA-USD"}, {"trade_id": 143351220, "side": "sell", "size": "26.05402900", "price": "0.74570000", "time": "2025-07-13T14:08:25.933711Z", "fetched_at": "2025-07-13T14:10:48.845484+00:00", "symbol": "ADA-USD"}, {"trade_id": 143351219, "side": "sell", "size": "169.13752000", "price": "0.74570000", "time": "2025-07-13T14:08:18.808633Z", "fetched_at": "2025-07-13T14:10:48.845484+00:00", "symbol": "ADA-USD"}, {"trade_id": 143351218, "side": "buy", "size": "400.00000000", "price": "0.74570000", "time": "2025-07-13T14:08:18.803291Z", "fetched_at": "2025-07-13T14:10:48.845484+00:00", "symbol": "ADA-USD"}, {"trade_id": 143351217, "side": "buy", "size": "1732.71029000", "price": "0.74570000", "time": "2025-07-13T14:08:18.803291Z", "fetched_at": "2025-07-13T14:10:48.845484+00:00", "symbol": "ADA-USD"}, {"trade_id": 143351216, "side": "buy", "size": "333.54092466", "price": "0.74570000", "time": "2025-07-13T14:08:18.803291Z", "fetched_at": "2025-07-13T14:10:48.845484+00:00", "symbol": "ADA-USD"}, {"trade_id": 143351215, "side": "buy", "size": "1731.83539000", "price": "0.74570000", "time": "2025-07-13T14:08:18.803291Z", "fetched_at": "2025-07-13T14:10:48.845484+00:00", "symbol": "ADA-USD"}, {"trade_id": 143351214, "side": "buy", "size": "774.73333489", "price": "0.74570000", "time": "2025-07-13T14:08:18.803291Z", "fetched_at": "2025-07-13T14:10:48.845484+00:00", "symbol": "ADA-USD"}, {"trade_id": 143351213, "side": "buy", "size": "0.76720705", "price": "0.74570000", "time": "2025-07-13T14:08:18.803291Z", "fetched_at": "2025-07-13T14:10:48.845484+00:00", "symbol": "ADA-USD"}, {"trade_id": 143351212, "side": "buy", "size": "1.50000000", "price": "0.74570000", "time": "2025-07-13T14:08:18.803291Z", "fetched_at": "2025-07-13T14:10:48.845484+00:00", "symbol": "ADA-USD"}, {"trade_id": 143351211, "side": "buy", "size": "1731.76943000", "price": "0.74580000", "time": "2025-07-13T14:08:18.802942Z", "fetched_at": "2025-07-13T14:10:48.845484+00:00", "symbol": "ADA-USD"}, {"trade_id": 143351210, "side": "buy", "size": "1730.67924000", "price": "0.74580000", "time": "2025-07-13T14:08:18.802942Z", "fetched_at": "2025-07-13T14:10:48.845484+00:00", "symbol": "ADA-USD"}, {"trade_id": 143351209, "side": "buy", "size": "1208.51273048", "price": "0.74580000", "time": "2025-07-13T14:08:18.802942Z", "fetched_at": "2025-07-13T14:10:48.845484+00:00", "symbol": "ADA-USD"}, {"trade_id": 143351208, "side": "buy", "size": "774.73333489", "price": "0.74580000", "time": "2025-07-13T14:08:18.802942Z", "fetched_at": "2025-07-13T14:10:48.845484+00:00", "symbol": "ADA-USD"}, {"trade_id": 143351207, "side": "buy", "size": "275.00859402", "price": "0.74580000", "time": "2025-07-13T14:08:18.802942Z", "fetched_at": "2025-07-13T14:10:48.845484+00:00", "symbol": "ADA-USD"}, {"trade_id": 143351206, "side": "buy", "size": "670.33114358", "price": "0.74590000", "time": "2025-07-13T14:08:18.802827Z", "fetched_at": "2025-07-13T14:10:48.845484+00:00", "symbol": "ADA-USD"}, {"trade_id": 143351205, "side": "sell", "size": "684.50908499", "price": "0.74590000", "time": "2025-07-13T14:08:18.350849Z", "fetched_at": "2025-07-13T14:10:48.845484+00:00", "symbol": "ADA-USD"}, {"trade_id": 143351204, "side": "sell", "size": "112.75834000", "price": "0.74580000", "time": "2025-07-13T14:08:17.364100Z", "fetched_at": "2025-07-13T14:10:48.845484+00:00", "symbol": "ADA-USD"}, {"trade_id": 143351203, "side": "sell", "size": "764.73616084", "price": "0.74580000", "time": "2025-07-13T14:08:17.349891Z", "fetched_at": "2025-07-13T14:10:48.845484+00:00", "symbol": "ADA-USD"}, {"trade_id": 143351202, "side": "sell", "size": "112.75834000", "price": "0.74580000", "time": "2025-07-13T14:08:17.338300Z", "fetched_at": "2025-07-13T14:10:48.845484+00:00", "symbol": "ADA-USD"}, {"trade_id": 143351201, "side": "sell", "size": "130.30088500", "price": "0.74590000", "time": "2025-07-13T14:08:17.092325Z", "fetched_at": "2025-07-13T14:10:48.845484+00:00", "symbol": "ADA-USD"}, {"trade_id": 143351200, "side": "sell", "size": "51.76765493", "price": "0.74580000", "time": "2025-07-13T14:08:16.823824Z", "fetched_at": "2025-07-13T14:10:48.845484+00:00", "symbol": "ADA-USD"}, {"trade_id": 143351199, "side": "sell", "size": "612.91767127", "price": "0.74580000", "time": "2025-07-13T14:08:16.812766Z", "fetched_at": "2025-07-13T14:10:48.845484+00:00", "symbol": "ADA-USD"}, {"trade_id": 143351198, "side": "sell", "size": "112.75834000", "price": "0.74580000", "time": "2025-07-13T14:08:16.771086Z", "fetched_at": "2025-07-13T14:10:48.845484+00:00", "symbol": "ADA-USD"}, {"trade_id": 143351197, "side": "sell", "size": "0.05521319", "price": "0.74590000", "time": "2025-07-13T14:08:16.763526Z", "fetched_at": "2025-07-13T14:10:48.845484+00:00", "symbol": "ADA-USD"}, {"trade_id": 143351196, "side": "sell", "size": "16.13568827", "price": "0.74590000", "time": "2025-07-13T14:08:16.744005Z", "fetched_at": "2025-07-13T14:10:48.845484+00:00", "symbol": "ADA-USD"}, {"trade_id": 143351195, "side": "sell", "size": "115.52200770", "price": "0.74580000", "time": "2025-07-13T14:08:16.744005Z", "fetched_at": "2025-07-13T14:10:48.845484+00:00", "symbol": "ADA-USD"}, {"trade_id": 143351194, "side": "sell", "size": "583.18817230", "price": "0.74580000", "time": "2025-07-13T14:08:16.711141Z", "fetched_at": "2025-07-13T14:10:48.845484+00:00", "symbol": "ADA-USD"}, {"trade_id": 143351193, "side": "sell", "size": "11.60843481", "price": "0.74580000", "time": "2025-07-13T14:08:16.644754Z", "fetched_at": "2025-07-13T14:10:48.845484+00:00", "symbol": "ADA-USD"}, {"trade_id": 143351192, "side": "sell", "size": "665.08784043", "price": "0.74580000", "time": "2025-07-13T14:08:16.621818Z", "fetched_at": "2025-07-13T14:10:48.845484+00:00", "symbol": "ADA-USD"}, {"trade_id": 143351191, "side": "sell", "size": "104.85385343", "price": "0.74580000", "time": "2025-07-13T14:08:16.515099Z", "fetched_at": "2025-07-13T14:10:48.845484+00:00", "symbol": "ADA-USD"}, {"trade_id": 143351190, "side": "sell", "size": "582.26469952", "price": "0.74580000", "time": "2025-07-13T14:08:16.502163Z", "fetched_at": "2025-07-13T14:10:48.845484+00:00", "symbol": "ADA-USD"}, {"trade_id": 143351189, "side": "sell", "size": "112.75834000", "price": "0.74580000", "time": "2025-07-13T14:08:16.502163Z", "fetched_at": "2025-07-13T14:10:48.845484+00:00", "symbol": "ADA-USD"}