[{"trade_id": 143360183, "side": "buy", "size": "35.76129030", "price": "0.74750000", "time": "2025-07-13T14:39:29.091781Z", "fetched_at": "2025-07-13T14:39:32.293657+00:00", "symbol": "ADA-USD"}, {"trade_id": 143360182, "side": "buy", "size": "1.50000000", "price": "0.74750000", "time": "2025-07-13T14:39:29.091781Z", "fetched_at": "2025-07-13T14:39:32.293657+00:00", "symbol": "ADA-USD"}, {"trade_id": 143360181, "side": "buy", "size": "33.60037970", "price": "0.74750000", "time": "2025-07-13T14:39:29.091781Z", "fetched_at": "2025-07-13T14:39:32.293657+00:00", "symbol": "ADA-USD"}, {"trade_id": 143360180, "side": "buy", "size": "9.72263281", "price": "0.74750000", "time": "2025-07-13T14:39:27.925729Z", "fetched_at": "2025-07-13T14:39:32.293657+00:00", "symbol": "ADA-USD"}, {"trade_id": 143360179, "side": "buy", "size": "6.67698749", "price": "0.74750000", "time": "2025-07-13T14:39:27.884611Z", "fetched_at": "2025-07-13T14:39:32.293657+00:00", "symbol": "ADA-USD"}, {"trade_id": 143360178, "side": "buy", "size": "1.50000000", "price": "0.74760000", "time": "2025-07-13T14:39:27.884611Z", "fetched_at": "2025-07-13T14:39:32.293657+00:00", "symbol": "ADA-USD"}, {"trade_id": 143360177, "side": "buy", "size": "1.50000000", "price": "0.74770000", "time": "2025-07-13T14:39:27.477492Z", "fetched_at": "2025-07-13T14:39:32.293657+00:00", "symbol": "ADA-USD"}, {"trade_id": 143360176, "side": "sell", "size": "126.20661360", "price": "0.74780000", "time": "2025-07-13T14:39:26.688949Z", "fetched_at": "2025-07-13T14:39:32.293657+00:00", "symbol": "ADA-USD"}, {"trade_id": 143360175, "side": "sell", "size": "3.71324840", "price": "0.74780000", "time": "2025-07-13T14:39:26.688949Z", "fetched_at": "2025-07-13T14:39:32.293657+00:00", "symbol": "ADA-USD"}, {"trade_id": 143360174, "side": "buy", "size": "1.50000000", "price": "0.74780000", "time": "2025-07-13T14:39:25.629570Z", "fetched_at": "2025-07-13T14:39:32.293657+00:00", "symbol": "ADA-USD"}, {"trade_id": 143360173, "side": "buy", "size": "1.50000000", "price": "0.74790000", "time": "2025-07-13T14:39:25.021277Z", "fetched_at": "2025-07-13T14:39:32.293657+00:00", "symbol": "ADA-USD"}, {"trade_id": 143360172, "side": "buy", "size": "2.67343938", "price": "0.74790000", "time": "2025-07-13T14:39:25.021277Z", "fetched_at": "2025-07-13T14:39:32.293657+00:00", "symbol": "ADA-USD"}, {"trade_id": 143360171, "side": "buy", "size": "50.00000000", "price": "0.74800000", "time": "2025-07-13T14:39:21.775188Z", "fetched_at": "2025-07-13T14:39:32.293657+00:00", "symbol": "ADA-USD"}, {"trade_id": 143360170, "side": "buy", "size": "36.70791875", "price": "0.74790000", "time": "2025-07-13T14:39:20.518937Z", "fetched_at": "2025-07-13T14:39:32.293657+00:00", "symbol": "ADA-USD"}, {"trade_id": 143360169, "side": "sell", "size": "75.28741836", "price": "0.74810000", "time": "2025-07-13T14:39:19.981131Z", "fetched_at": "2025-07-13T14:39:32.293657+00:00", "symbol": "ADA-USD"}, {"trade_id": 143360168, "side": "sell", "size": "651.25462664", "price": "0.74810000", "time": "2025-07-13T14:39:19.981131Z", "fetched_at": "2025-07-13T14:39:32.293657+00:00", "symbol": "ADA-USD"}, {"trade_id": 143360167, "side": "sell", "size": "1.50000000", "price": "0.74810000", "time": "2025-07-13T14:39:19.981131Z", "fetched_at": "2025-07-13T14:39:32.293657+00:00", "symbol": "ADA-USD"}, {"trade_id": 143360166, "side": "buy", "size": "70.86167000", "price": "0.74800000", "time": "2025-07-13T14:39:19.830786Z", "fetched_at": "2025-07-13T14:39:32.293657+00:00", "symbol": "ADA-USD"}, {"trade_id": 143360165, "side": "sell", "size": "0.00001610", "price": "0.74800000", "time": "2025-07-13T14:39:19.821538Z", "fetched_at": "2025-07-13T14:39:32.293657+00:00", "symbol": "ADA-USD"}, {"trade_id": 143360164, "side": "sell", "size": "668.45372303", "price": "0.74800000", "time": "2025-07-13T14:39:19.814867Z", "fetched_at": "2025-07-13T14:39:32.293657+00:00", "symbol": "ADA-USD"}, {"trade_id": 143360163, "side": "sell", "size": "2.30397697", "price": "0.74800000", "time": "2025-07-13T14:39:19.814867Z", "fetched_at": "2025-07-13T14:39:32.293657+00:00", "symbol": "ADA-USD"}, {"trade_id": 143360162, "side": "sell", "size": "194.35147058", "price": "0.74800000", "time": "2025-07-13T14:39:19.762025Z", "fetched_at": "2025-07-13T14:39:32.293657+00:00", "symbol": "ADA-USD"}, {"trade_id": 143360161, "side": "sell", "size": "13.22645300", "price": "0.74790000", "time": "2025-07-13T14:39:19.680060Z", "fetched_at": "2025-07-13T14:39:32.293657+00:00", "symbol": "ADA-USD"}, {"trade_id": 143360160, "side": "sell", "size": "13.21219414", "price": "0.74790000", "time": "2025-07-13T14:39:18.246245Z", "fetched_at": "2025-07-13T14:39:32.293657+00:00", "symbol": "ADA-USD"}, {"trade_id": 143360159, "side": "buy", "size": "12.67635900", "price": "0.74780000", "time": "2025-07-13T14:39:17.429380Z", "fetched_at": "2025-07-13T14:39:32.293657+00:00", "symbol": "ADA-USD"}, {"trade_id": 143360158, "side": "buy", "size": "112.75834000", "price": "0.74790000", "time": "2025-07-13T14:39:17.429380Z", "fetched_at": "2025-07-13T14:39:32.293657+00:00", "symbol": "ADA-USD"}, {"trade_id": 143360157, "side": "sell", "size": "78.35314647", "price": "0.74800000", "time": "2025-07-13T14:39:16.714227Z", "fetched_at": "2025-07-13T14:39:32.293657+00:00", "symbol": "ADA-USD"}, {"trade_id": 143360156, "side": "sell", "size": "1.44361753", "price": "0.74790000", "time": "2025-07-13T14:39:16.714227Z", "fetched_at": "2025-07-13T14:39:32.293657+00:00", "symbol": "ADA-USD"}, {"trade_id": 143360155, "side": "buy", "size": "1.50000000", "price": "0.74800000", "time": "2025-07-13T14:39:16.530337Z", "fetched_at": "2025-07-13T14:39:32.293657+00:00", "symbol": "ADA-USD"}, {"trade_id": 143360154, "side": "sell", "size": "70.86167000", "price": "0.74810000", "time": "2025-07-13T14:39:16.190753Z", "fetched_at": "2025-07-13T14:39:32.293657+00:00", "symbol": "ADA-USD"}, {"trade_id": 143360153, "side": "sell", "size": "583.52487836", "price": "0.74830000", "time": "2025-07-13T14:39:16.147716Z", "fetched_at": "2025-07-13T14:39:32.293657+00:00", "symbol": "ADA-USD"}, {"trade_id": 143360152, "side": "sell", "size": "26.72075606", "price": "0.74830000", "time": "2025-07-13T14:39:16.147716Z", "fetched_at": "2025-07-13T14:39:32.293657+00:00", "symbol": "ADA-USD"}, {"trade_id": 143360151, "side": "sell", "size": "310.50000000", "price": "0.74820000", "time": "2025-07-13T14:39:16.147716Z", "fetched_at": "2025-07-13T14:39:32.293657+00:00", "symbol": "ADA-USD"}, {"trade_id": 143360150, "side": "sell", "size": "51.00306000", "price": "0.74820000", "time": "2025-07-13T14:39:16.147716Z", "fetched_at": "2025-07-13T14:39:32.293657+00:00", "symbol": "ADA-USD"}, {"trade_id": 143360149, "side": "sell", "size": "1.90006356", "price": "0.74820000", "time": "2025-07-13T14:39:16.147716Z", "fetched_at": "2025-07-13T14:39:32.293657+00:00", "symbol": "ADA-USD"}, {"trade_id": 143360148, "side": "sell", "size": "50.00000000", "price": "0.74820000", "time": "2025-07-13T14:39:16.147716Z", "fetched_at": "2025-07-13T14:39:32.293657+00:00", "symbol": "ADA-USD"}, {"trade_id": 143360147, "side": "sell", "size": "275.00859402", "price": "0.74820000", "time": "2025-07-13T14:39:16.147716Z", "fetched_at": "2025-07-13T14:39:32.293657+00:00", "symbol": "ADA-USD"}, {"trade_id": 143360146, "side": "buy", "size": "94.81733020", "price": "0.74820000", "time": "2025-07-13T14:39:15.131382Z", "fetched_at": "2025-07-13T14:39:32.293657+00:00", "symbol": "ADA-USD"}, {"trade_id": 143360145, "side": "buy", "size": "1068.96562941", "price": "0.74820000", "time": "2025-07-13T14:39:14.569247Z", "fetched_at": "2025-07-13T14:39:32.293657+00:00", "symbol": "ADA-USD"}, {"trade_id": 143360144, "side": "buy", "size": "556.15892520", "price": "0.74820000", "time": "2025-07-13T14:39:14.569247Z", "fetched_at": "2025-07-13T14:39:32.293657+00:00", "symbol": "ADA-USD"}, {"trade_id": 143360143, "side": "buy", "size": "637.37142939", "price": "0.74820000", "time": "2025-07-13T14:39:14.569247Z", "fetched_at": "2025-07-13T14:39:32.293657+00:00", "symbol": "ADA-USD"}, {"trade_id": 143360142, "side": "buy", "size": "106.31332000", "price": "0.74830000", "time": "2025-07-13T14:39:14.569247Z", "fetched_at": "2025-07-13T14:39:32.293657+00:00", "symbol": "ADA-USD"}, {"trade_id": 143360141, "side": "buy", "size": "112.75834000", "price": "0.74830000", "time": "2025-07-13T14:39:14.569247Z", "fetched_at": "2025-07-13T14:39:32.293657+00:00", "symbol": "ADA-USD"}, {"trade_id": 143360140, "side": "buy", "size": "70.86167000", "price": "0.74820000", "time": "2025-07-13T14:39:14.169898Z", "fetched_at": "2025-07-13T14:39:32.293657+00:00", "symbol": "ADA-USD"}, {"trade_id": 143360139, "side": "sell", "size": "345.85240000", "price": "0.74830000", "time": "2025-07-13T14:39:13.908910Z", "fetched_at": "2025-07-13T14:39:32.293657+00:00", "symbol": "ADA-USD"}, {"trade_id": 143360138, "side": "sell", "size": "1.50000000", "price": "0.74820000", "time": "2025-07-13T14:39:13.482672Z", "fetched_at": "2025-07-13T14:39:32.293657+00:00", "symbol": "ADA-USD"}, {"trade_id": 143360137, "side": "sell", "size": "1.96734025", "price": "0.74800000", "time": "2025-07-13T14:39:13.064918Z", "fetched_at": "2025-07-13T14:39:32.293657+00:00", "symbol": "ADA-USD"}, {"trade_id": 143360136, "side": "sell", "size": "1.50000000", "price": "0.74800000", "time": "2025-07-13T14:39:13.064918Z", "fetched_at": "2025-07-13T14:39:32.293657+00:00", "symbol": "ADA-USD"}, {"trade_id": 143360135, "side": "sell", "size": "3342.99235257", "price": "0.74800000", "time": "2025-07-13T14:39:13.064918Z", "fetched_at": "2025-07-13T14:39:32.293657+00:00", "symbol": "ADA-USD"}, {"trade_id": 143360134, "side": "buy", "size": "327.59191319", "price": "0.74770000", "time": "2025-07-13T14:39:11.272546Z", "fetched_at": "2025-07-13T14:39:32.293657+00:00", "symbol": "ADA-USD"}, {"trade_id": 143360133, "side": "buy", "size": "13.10943311", "price": "0.74770000", "time": "2025-07-13T14:39:11.272546Z", "fetched_at": "2025-07-13T14:39:32.293657+00:00", "symbol": "ADA-USD"}, {"trade_id": 143360132, "side": "buy", "size": "412.00772790", "price": "0.74770000", "time": "2025-07-13T14:39:11.272546Z", "fetched_at": "2025-07-13T14:39:32.293657+00:00", "symbol": "ADA-USD"}, {"trade_id": 143360131, "side": "buy", "size": "689.69102860", "price": "0.74770000", "time": "2025-07-13T14:39:11.272546Z", "fetched_at": "2025-07-13T14:39:32.293657+00:00", "symbol": "ADA-USD"}, {"trade_id": 143360130, "side": "buy", "size": "736.15840720", "price": "0.74770000", "time": "2025-07-13T14:39:11.272546Z", "fetched_at": "2025-07-13T14:39:32.293657+00:00", "symbol": "ADA-USD"}, {"trade_id": 143360129, "side": "buy", "size": "70.17943000", "price": "0.74770000", "time": "2025-07-13T14:39:11.272546Z", "fetched_at": "2025-07-13T14:39:32.293657+00:00", "symbol": "ADA-USD"}, {"trade_id": 143360128, "side": "buy", "size": "300.00000000", "price": "0.74770000", "time": "2025-07-13T14:39:11.272546Z", "fetched_at": "2025-07-13T14:39:32.293657+00:00", "symbol": "ADA-USD"}, {"trade_id": 143360127, "side": "sell", "size": "26.34420198", "price": "0.74790000", "time": "2025-07-13T14:39:10.423866Z", "fetched_at": "2025-07-13T14:39:32.293657+00:00", "symbol": "ADA-USD"}, {"trade_id": 143360126, "side": "sell", "size": "35.45388121", "price": "0.74790000", "time": "2025-07-13T14:39:10.423866Z", "fetched_at": "2025-07-13T14:39:32.293657+00:00", "symbol": "ADA-USD"}, {"trade_id": 143360125, "side": "sell", "size": "1.52278781", "price": "0.74780000", "time": "2025-07-13T14:39:10.423866Z", "fetched_at": "2025-07-13T14:39:32.293657+00:00", "symbol": "ADA-USD"}, {"trade_id": 143360124, "side": "sell", "size": "7.25346886", "price": "0.74770000", "time": "2025-07-13T14:39:10.074410Z", "fetched_at": "2025-07-13T14:39:32.293657+00:00", "symbol": "ADA-USD"}, {"trade_id": 143360123, "side": "sell", "size": "12.87452868", "price": "0.74770000", "time": "2025-07-13T14:39:09.732500Z", "fetched_at": "2025-07-13T14:39:32.293657+00:00", "symbol": "ADA-USD"}, {"trade_id": 143360122, "side": "sell", "size": "35.53619132", "price": "0.74770000", "time": "2025-07-13T14:39:09.732500Z", "fetched_at": "2025-07-13T14:39:32.293657+00:00", "symbol": "ADA-USD"}, {"trade_id": 143360121, "side": "sell", "size": "0.09148343", "price": "0.74770000", "time": "2025-07-13T14:39:09.549613Z", "fetched_at": "2025-07-13T14:39:32.293657+00:00", "symbol": "ADA-USD"}, {"trade_id": 143360120, "side": "sell", "size": "13.10142177", "price": "0.74770000", "time": "2025-07-13T14:39:08.823173Z", "fetched_at": "2025-07-13T14:39:32.293657+00:00", "symbol": "ADA-USD"}, {"trade_id": 143360119, "side": "sell", "size": "13.10141961", "price": "0.74770000", "time": "2025-07-13T14:39:08.810508Z", "fetched_at": "2025-07-13T14:39:32.293657+00:00", "symbol": "ADA-USD"}, {"trade_id": 143360118, "side": "sell", "size": "222.45603039", "price": "0.74770000", "time": "2025-07-13T14:39:08.810508Z", "fetched_at": "2025-07-13T14:39:32.293657+00:00", "symbol": "ADA-USD"}, {"trade_id": 143360117, "side": "sell", "size": "1984.01265500", "price": "0.74770000", "time": "2025-07-13T14:39:08.607333Z", "fetched_at": "2025-07-13T14:39:32.293657+00:00", "symbol": "ADA-USD"}, {"trade_id": 143360116, "side": "buy", "size": "4.47183796", "price": "0.74770000", "time": "2025-07-13T14:39:08.453323Z", "fetched_at": "2025-07-13T14:39:32.293657+00:00", "symbol": "ADA-USD"}, {"trade_id": 143360115, "side": "buy", "size": "444.83960236", "price": "0.74770000", "time": "2025-07-13T14:39:08.453323Z", "fetched_at": "2025-07-13T14:39:32.293657+00:00", "symbol": "ADA-USD"}, {"trade_id": 143360114, "side": "buy", "size": "200.31408379", "price": "0.74770000", "time": "2025-07-13T14:39:08.453323Z", "fetched_at": "2025-07-13T14:39:32.293657+00:00", "symbol": "ADA-USD"}, {"trade_id": 143360113, "side": "buy", "size": "1.50000000", "price": "0.74770000", "time": "2025-07-13T14:39:08.453323Z", "fetched_at": "2025-07-13T14:39:32.293657+00:00", "symbol": "ADA-USD"}, {"trade_id": 143360112, "side": "buy", "size": "0.02099079", "price": "0.74770000", "time": "2025-07-13T14:39:08.453323Z", "fetched_at": "2025-07-13T14:39:32.293657+00:00", "symbol": "ADA-USD"}, {"trade_id": 143360111, "side": "buy", "size": "0.03133442", "price": "0.74770000", "time": "2025-07-13T14:39:08.453323Z", "fetched_at": "2025-07-13T14:39:32.293657+00:00", "symbol": "ADA-USD"}, {"trade_id": 143360110, "side": "sell", "size": "261.81366500", "price": "0.74780000", "time": "2025-07-13T14:39:08.205292Z", "fetched_at": "2025-07-13T14:39:32.293657+00:00", "symbol": "ADA-USD"}, {"trade_id": 143360109, "side": "sell", "size": "51.00306000", "price": "0.74780000", "time": "2025-07-13T14:39:08.205292Z", "fetched_at": "2025-07-13T14:39:32.293657+00:00", "symbol": "ADA-USD"}, {"trade_id": 143360108, "side": "buy", "size": "1.50000000", "price": "0.74780000", "time": "2025-07-13T14:39:08.179320Z", "fetched_at": "2025-07-13T14:39:32.293657+00:00", "symbol": "ADA-USD"}, {"trade_id": 143360107, "side": "buy", "size": "1.50000000", "price": "0.74790000", "time": "2025-07-13T14:39:07.822950Z", "fetched_at": "2025-07-13T14:39:32.293657+00:00", "symbol": "ADA-USD"}, {"trade_id": 143360106, "side": "buy", "size": "7.81137852", "price": "0.74800000", "time": "2025-07-13T14:39:07.504192Z", "fetched_at": "2025-07-13T14:39:32.293657+00:00", "symbol": "ADA-USD"}, {"trade_id": 143360105, "side": "buy", "size": "1.50000000", "price": "0.74800000", "time": "2025-07-13T14:39:07.504192Z", "fetched_at": "2025-07-13T14:39:32.293657+00:00", "symbol": "ADA-USD"}, {"trade_id": 143360104, "side": "buy", "size": "13.10242366", "price": "0.74810000", "time": "2025-07-13T14:39:07.384523Z", "fetched_at": "2025-07-13T14:39:32.293657+00:00", "symbol": "ADA-USD"}, {"trade_id": 143360103, "side": "buy", "size": "1.50000000", "price": "0.74810000", "time": "2025-07-13T14:39:07.384523Z", "fetched_at": "2025-07-13T14:39:32.293657+00:00", "symbol": "ADA-USD"}, {"trade_id": 143360102, "side": "buy", "size": "13.09892174", "price": "0.74830000", "time": "2025-07-13T14:39:06.672419Z", "fetched_at": "2025-07-13T14:39:32.293657+00:00", "symbol": "ADA-USD"}, {"trade_id": 143360101, "side": "sell", "size": "13.09805033", "price": "0.74850000", "time": "2025-07-13T14:39:05.120826Z", "fetched_at": "2025-07-13T14:39:32.293657+00:00", "symbol": "ADA-USD"}, {"trade_id": 143360100, "side": "sell", "size": "338.51143620", "price": "0.74840000", "time": "2025-07-13T14:39:04.395963Z", "fetched_at": "2025-07-13T14:39:32.293657+00:00", "symbol": "ADA-USD"}, {"trade_id": 143360099, "side": "sell", "size": "13.09953380", "price": "0.74840000", "time": "2025-07-13T14:39:04.395963Z", "fetched_at": "2025-07-13T14:39:32.293657+00:00", "symbol": "ADA-USD"}, {"trade_id": 143360098, "side": "buy", "size": "70.86167000", "price": "0.74860000", "time": "2025-07-13T14:39:02.885623Z", "fetched_at": "2025-07-13T14:39:32.293657+00:00", "symbol": "ADA-USD"}, {"trade_id": 143360097, "side": "sell", "size": "346.89189110", "price": "0.74860000", "time": "2025-07-13T14:39:02.770788Z", "fetched_at": "2025-07-13T14:39:32.293657+00:00", "symbol": "ADA-USD"}, {"trade_id": 143360096, "side": "sell", "size": "1600.00000000", "price": "0.74860000", "time": "2025-07-13T14:39:02.770788Z", "fetched_at": "2025-07-13T14:39:32.293657+00:00", "symbol": "ADA-USD"}, {"trade_id": 143360095, "side": "sell", "size": "389.26651610", "price": "0.74860000", "time": "2025-07-13T14:39:02.770788Z", "fetched_at": "2025-07-13T14:39:32.293657+00:00", "symbol": "ADA-USD"}, {"trade_id": 143360094, "side": "sell", "size": "275.00859402", "price": "0.74860000", "time": "2025-07-13T14:39:02.770788Z", "fetched_at": "2025-07-13T14:39:32.293657+00:00", "symbol": "ADA-USD"}, {"trade_id": 143360093, "side": "sell", "size": "310.50000000", "price": "0.74860000", "time": "2025-07-13T14:39:02.770788Z", "fetched_at": "2025-07-13T14:39:32.293657+00:00", "symbol": "ADA-USD"}, {"trade_id": 143360092, "side": "sell", "size": "41.06874928", "price": "0.74860000", "time": "2025-07-13T14:39:02.770788Z", "fetched_at": "2025-07-13T14:39:32.293657+00:00", "symbol": "ADA-USD"}, {"trade_id": 143360091, "side": "sell", "size": "13.09803600", "price": "0.74850000", "time": "2025-07-13T14:39:02.770788Z", "fetched_at": "2025-07-13T14:39:32.293657+00:00", "symbol": "ADA-USD"}, {"trade_id": 143360090, "side": "buy", "size": "512.00000000", "price": "0.74820000", "time": "2025-07-13T14:39:01.888626Z", "fetched_at": "2025-07-13T14:39:32.293657+00:00", "symbol": "ADA-USD"}, {"trade_id": 143360089, "side": "buy", "size": "70.86167000", "price": "0.74810000", "time": "2025-07-13T14:39:01.883990Z", "fetched_at": "2025-07-13T14:39:32.293657+00:00", "symbol": "ADA-USD"}, {"trade_id": 143360088, "side": "buy", "size": "1.50000000", "price": "0.74820000", "time": "2025-07-13T14:39:01.883978Z", "fetched_at": "2025-07-13T14:39:32.293657+00:00", "symbol": "ADA-USD"}, {"trade_id": 143360087, "side": "buy", "size": "1.65793478", "price": "0.74830000", "time": "2025-07-13T14:39:01.883636Z", "fetched_at": "2025-07-13T14:39:32.293657+00:00", "symbol": "ADA-USD"}, {"trade_id": 143360086, "side": "buy", "size": "415.98896024", "price": "0.74830000", "time": "2025-07-13T14:39:01.505984Z", "fetched_at": "2025-07-13T14:39:32.293657+00:00", "symbol": "ADA-USD"}, {"trade_id": 143360085, "side": "buy", "size": "713.26492179", "price": "0.74830000", "time": "2025-07-13T14:39:01.505984Z", "fetched_at": "2025-07-13T14:39:32.293657+00:00", "symbol": "ADA-USD"}, {"trade_id": 143360084, "side": "buy", "size": "1.50000000", "price": "0.74830000", "time": "2025-07-13T14:39:01.505984Z", "fetched_at": "2025-07-13T14:39:32.293657+00:00", "symbol": "ADA-USD"}, {"trade_id": 143360083, "side": "buy", "size": "1.82591797", "price": "0.74840000", "time": "2025-07-13T14:39:01.505984Z", "fetched_at": "2025-07-13T14:39:32.293657+00:00", "symbol": "ADA-USD"}, {"trade_id": 143360082, "side": "sell", "size": "6.63019372", "price": "0.74850000", "time": "2025-07-13T14:39:00.916227Z", "fetched_at": "2025-07-13T14:39:32.293657+00:00", "symbol": "ADA-USD"}, {"trade_id": 143360081, "side": "buy", "size": "3.44691813", "price": "0.74840000", "time": "2025-07-13T14:39:00.276766Z", "fetched_at": "2025-07-13T14:39:32.293657+00:00", "symbol": "ADA-USD"}, {"trade_id": 143360080, "side": "buy", "size": "1.50000000", "price": "0.74840000", "time": "2025-07-13T14:39:00.276766Z", "fetched_at": "2025-07-13T14:39:32.293657+00:00", "symbol": "ADA-USD"}, {"trade_id": 143360079, "side": "buy", "size": "8.30440297", "price": "0.74850000", "time": "2025-07-13T14:38:59.715009Z", "fetched_at": "2025-07-13T14:39:32.293657+00:00", "symbol": "ADA-USD"}, {"trade_id": 143360078, "side": "buy", "size": "1729.86372480", "price": "0.74850000", "time": "2025-07-13T14:38:59.715009Z", "fetched_at": "2025-07-13T14:39:32.293657+00:00", "symbol": "ADA-USD"}, {"trade_id": 143360077, "side": "buy", "size": "383.79465298", "price": "0.74850000", "time": "2025-07-13T14:38:59.715009Z", "fetched_at": "2025-07-13T14:39:32.293657+00:00", "symbol": "ADA-USD"}, {"trade_id": 143360076, "side": "buy", "size": "1.50000000", "price": "0.74850000", "time": "2025-07-13T14:38:59.715009Z", "fetched_at": "2025-07-13T14:39:32.293657+00:00", "symbol": "ADA-USD"}, {"trade_id": 143360075, "side": "buy", "size": "712.30821892", "price": "0.74850000", "time": "2025-07-13T14:38:59.715009Z", "fetched_at": "2025-07-13T14:39:32.293657+00:00", "symbol": "ADA-USD"}, {"trade_id": 143360074, "side": "buy", "size": "896.73648851", "price": "0.74860000", "time": "2025-07-13T14:38:59.714172Z", "fetched_at": "2025-07-13T14:39:32.293657+00:00", "symbol": "ADA-USD"}, {"trade_id": 143360073, "side": "buy", "size": "1295.11668390", "price": "0.74860000", "time": "2025-07-13T14:38:59.714172Z", "fetched_at": "2025-07-13T14:39:32.293657+00:00", "symbol": "ADA-USD"}, {"trade_id": 143360072, "side": "buy", "size": "736.15840720", "price": "0.74860000", "time": "2025-07-13T14:38:59.714172Z", "fetched_at": "2025-07-13T14:39:32.293657+00:00", "symbol": "ADA-USD"}, {"trade_id": 143360071, "side": "buy", "size": "50.00000000", "price": "0.74860000", "time": "2025-07-13T14:38:59.714172Z", "fetched_at": "2025-07-13T14:39:32.293657+00:00", "symbol": "ADA-USD"}, {"trade_id": 143360070, "side": "buy", "size": "1.50000000", "price": "0.74860000", "time": "2025-07-13T14:38:59.714172Z", "fetched_at": "2025-07-13T14:39:32.293657+00:00", "symbol": "ADA-USD"}, {"trade_id": 143360069, "side": "buy", "size": "5.47018478", "price": "0.74870000", "time": "2025-07-13T14:38:59.714172Z", "fetched_at": "2025-07-13T14:39:32.293657+00:00", "symbol": "ADA-USD"}, {"trade_id": 143360068, "side": "buy", "size": "672.38200251", "price": "0.74870000", "time": "2025-07-13T14:38:59.084994Z", "fetched_at": "2025-07-13T14:39:32.293657+00:00", "symbol": "ADA-USD"}, {"trade_id": 143360067, "side": "buy", "size": "50.00000000", "price": "0.74870000", "time": "2025-07-13T14:38:59.084994Z", "fetched_at": "2025-07-13T14:39:32.293657+00:00", "symbol": "ADA-USD"}, {"trade_id": 143360066, "side": "buy", "size": "1.50000000", "price": "0.74870000", "time": "2025-07-13T14:38:59.084994Z", "fetched_at": "2025-07-13T14:39:32.293657+00:00", "symbol": "ADA-USD"}, {"trade_id": 143360065, "side": "buy", "size": "8.53897620", "price": "0.74880000", "time": "2025-07-13T14:38:59.084994Z", "fetched_at": "2025-07-13T14:39:32.293657+00:00", "symbol": "ADA-USD"}, {"trade_id": 143360064, "side": "buy", "size": "1.50000000", "price": "0.74880000", "time": "2025-07-13T14:38:59.084994Z", "fetched_at": "2025-07-13T14:39:32.293657+00:00", "symbol": "ADA-USD"}, {"trade_id": 143360063, "side": "sell", "size": "13.08776286", "price": "0.74900000", "time": "2025-07-13T14:38:53.525202Z", "fetched_at": "2025-07-13T14:39:32.293657+00:00", "symbol": "ADA-USD"}, {"trade_id": 143360062, "side": "buy", "size": "7.19044792", "price": "0.74880000", "time": "2025-07-13T14:38:51.215019Z", "fetched_at": "2025-07-13T14:39:32.293657+00:00", "symbol": "ADA-USD"}, {"trade_id": 143360061, "side": "buy", "size": "1.50000000", "price": "0.74880000", "time": "2025-07-13T14:38:51.215019Z", "fetched_at": "2025-07-13T14:39:32.293657+00:00", "symbol": "ADA-USD"}, {"trade_id": 143360060, "side": "sell", "size": "712.62331808", "price": "0.74910000", "time": "2025-07-13T14:38:50.686455Z", "fetched_at": "2025-07-13T14:39:32.293657+00:00", "symbol": "ADA-USD"}, {"trade_id": 143360059, "side": "sell", "size": "667.48864653", "price": "0.74910000", "time": "2025-07-13T14:38:50.686455Z", "fetched_at": "2025-07-13T14:39:32.293657+00:00", "symbol": "ADA-USD"}, {"trade_id": 143360058, "side": "sell", "size": "395.77952233", "price": "0.74910000", "time": "2025-07-13T14:38:50.686455Z", "fetched_at": "2025-07-13T14:39:32.293657+00:00", "symbol": "ADA-USD"}, {"trade_id": 143360057, "side": "sell", "size": "736.15840720", "price": "0.74910000", "time": "2025-07-13T14:38:50.686455Z", "fetched_at": "2025-07-13T14:39:32.293657+00:00", "symbol": "ADA-USD"}, {"trade_id": 143360056, "side": "sell", "size": "51.00306000", "price": "0.74900000", "time": "2025-07-13T14:38:50.686455Z", "fetched_at": "2025-07-13T14:39:32.293657+00:00", "symbol": "ADA-USD"}, {"trade_id": 143360055, "side": "sell", "size": "50.00000000", "price": "0.74900000", "time": "2025-07-13T14:38:50.686455Z", "fetched_at": "2025-07-13T14:39:32.293657+00:00", "symbol": "ADA-USD"}, {"trade_id": 143360054, "side": "sell", "size": "13.08592342", "price": "0.74900000", "time": "2025-07-13T14:38:50.686455Z", "fetched_at": "2025-07-13T14:39:32.293657+00:00", "symbol": "ADA-USD"}, {"trade_id": 143360053, "side": "sell", "size": "275.00859402", "price": "0.74900000", "time": "2025-07-13T14:38:50.686455Z", "fetched_at": "2025-07-13T14:39:32.293657+00:00", "symbol": "ADA-USD"}, {"trade_id": 143360052, "side": "sell", "size": "7.12265177", "price": "0.74900000", "time": "2025-07-13T14:38:50.686455Z", "fetched_at": "2025-07-13T14:39:32.293657+00:00", "symbol": "ADA-USD"}, {"trade_id": 143360051, "side": "sell", "size": "641.42810065", "price": "0.74900000", "time": "2025-07-13T14:38:50.686455Z", "fetched_at": "2025-07-13T14:39:32.293657+00:00", "symbol": "ADA-USD"}, {"trade_id": 143360050, "side": "sell", "size": "108.39093176", "price": "0.74900000", "time": "2025-07-13T14:38:50.472125Z", "fetched_at": "2025-07-13T14:39:32.293657+00:00", "symbol": "ADA-USD"}, {"trade_id": 143360049, "side": "sell", "size": "13.08592342", "price": "0.74900000", "time": "2025-07-13T14:38:50.472125Z", "fetched_at": "2025-07-13T14:39:32.293657+00:00", "symbol": "ADA-USD"}, {"trade_id": 143360048, "side": "sell", "size": "73.01110982", "price": "0.74900000", "time": "2025-07-13T14:38:50.472125Z", "fetched_at": "2025-07-13T14:39:32.293657+00:00", "symbol": "ADA-USD"}, {"trade_id": 143360047, "side": "buy", "size": "397.86751056", "price": "0.74880000", "time": "2025-07-13T14:38:50.148087Z", "fetched_at": "2025-07-13T14:39:32.293657+00:00", "symbol": "ADA-USD"}, {"trade_id": 143360046, "side": "buy", "size": "1.82508544", "price": "0.74890000", "time": "2025-07-13T14:38:50.148087Z", "fetched_at": "2025-07-13T14:39:32.293657+00:00", "symbol": "ADA-USD"}, {"trade_id": 143360045, "side": "buy", "size": "1.47142500", "price": "0.74890000", "time": "2025-07-13T14:38:50.148087Z", "fetched_at": "2025-07-13T14:39:32.293657+00:00", "symbol": "ADA-USD"}, {"trade_id": 143360044, "side": "buy", "size": "0.02857500", "price": "0.74890000", "time": "2025-07-13T14:38:50.036975Z", "fetched_at": "2025-07-13T14:39:32.293657+00:00", "symbol": "ADA-USD"}, {"trade_id": 143360043, "side": "sell", "size": "3.17265300", "price": "0.74900000", "time": "2025-07-13T14:38:49.741202Z", "fetched_at": "2025-07-13T14:39:32.293657+00:00", "symbol": "ADA-USD"}, {"trade_id": 143360042, "side": "buy", "size": "1.95192339", "price": "0.74900000", "time": "2025-07-13T14:38:49.669938Z", "fetched_at": "2025-07-13T14:39:32.293657+00:00", "symbol": "ADA-USD"}, {"trade_id": 143360041, "side": "buy", "size": "1.50000000", "price": "0.74900000", "time": "2025-07-13T14:38:49.669938Z", "fetched_at": "2025-07-13T14:39:32.293657+00:00", "symbol": "ADA-USD"}, {"trade_id": 143360040, "side": "buy", "size": "8.50466404", "price": "0.74930000", "time": "2025-07-13T14:38:45.162811Z", "fetched_at": "2025-07-13T14:39:32.293657+00:00", "symbol": "ADA-USD"}, {"trade_id": 143360039, "side": "buy", "size": "8.53255916", "price": "0.74930000", "time": "2025-07-13T14:38:45.137200Z", "fetched_at": "2025-07-13T14:39:32.293657+00:00", "symbol": "ADA-USD"}, {"trade_id": 143360038, "side": "sell", "size": "5.10969400", "price": "0.74940000", "time": "2025-07-13T14:38:44.971315Z", "fetched_at": "2025-07-13T14:39:32.293657+00:00", "symbol": "ADA-USD"}, {"trade_id": 143360037, "side": "sell", "size": "1.50000000", "price": "0.74940000", "time": "2025-07-13T14:38:44.971315Z", "fetched_at": "2025-07-13T14:39:32.293657+00:00", "symbol": "ADA-USD"}, {"trade_id": 143360036, "side": "buy", "size": "70.86167000", "price": "0.74920000", "time": "2025-07-13T14:38:43.305003Z", "fetched_at": "2025-07-13T14:39:32.293657+00:00", "symbol": "ADA-USD"}, {"trade_id": 143360035, "side": "sell", "size": "4966.43848300", "price": "0.74910000", "time": "2025-07-13T14:38:43.282517Z", "fetched_at": "2025-07-13T14:39:32.293657+00:00", "symbol": "ADA-USD"}, {"trade_id": 143360034, "side": "sell", "size": "129.76151700", "price": "0.74910000", "time": "2025-07-13T14:38:43.066679Z", "fetched_at": "2025-07-13T14:39:32.293657+00:00", "symbol": "ADA-USD"}, {"trade_id": 143360033, "side": "sell", "size": "75.60118500", "price": "0.74900000", "time": "2025-07-13T14:38:39.612769Z", "fetched_at": "2025-07-13T14:39:32.293657+00:00", "symbol": "ADA-USD"}, {"trade_id": 143360032, "side": "sell", "size": "51.00306000", "price": "0.74900000", "time": "2025-07-13T14:38:39.612769Z", "fetched_at": "2025-07-13T14:39:32.293657+00:00", "symbol": "ADA-USD"}, {"trade_id": 143360031, "side": "sell", "size": "75.28238266", "price": "0.74890000", "time": "2025-07-13T14:38:37.586698Z", "fetched_at": "2025-07-13T14:39:32.293657+00:00", "symbol": "ADA-USD"}, {"trade_id": 143360030, "side": "sell", "size": "2.57194634", "price": "0.74890000", "time": "2025-07-13T14:38:37.586698Z", "fetched_at": "2025-07-13T14:39:32.293657+00:00", "symbol": "ADA-USD"}, {"trade_id": 143360029, "side": "buy", "size": "978.39371922", "price": "0.74910000", "time": "2025-07-13T14:38:35.063954Z", "fetched_at": "2025-07-13T14:39:32.293657+00:00", "symbol": "ADA-USD"}, {"trade_id": 143360028, "side": "buy", "size": "712.30821892", "price": "0.74910000", "time": "2025-07-13T14:38:35.063954Z", "fetched_at": "2025-07-13T14:39:32.293657+00:00", "symbol": "ADA-USD"}, {"trade_id": 143360027, "side": "buy", "size": "13.08318625", "price": "0.74920000", "time": "2025-07-13T14:38:35.063954Z", "fetched_at": "2025-07-13T14:39:32.293657+00:00", "symbol": "ADA-USD"}, {"trade_id": 143360026, "side": "sell", "size": "3336.87932376", "price": "0.74930000", "time": "2025-07-13T14:38:33.930765Z", "fetched_at": "2025-07-13T14:39:32.293657+00:00", "symbol": "ADA-USD"}, {"trade_id": 143360025, "side": "sell", "size": "8.05420133", "price": "0.74920000", "time": "2025-07-13T14:38:33.930765Z", "fetched_at": "2025-07-13T14:39:32.293657+00:00", "symbol": "ADA-USD"}, {"trade_id": 143360024, "side": "sell", "size": "8.05420133", "price": "0.74910000", "time": "2025-07-13T14:38:33.863471Z", "fetched_at": "2025-07-13T14:39:32.293657+00:00", "symbol": "ADA-USD"}, {"trade_id": 143360023, "side": "sell", "size": "1.50000000", "price": "0.74910000", "time": "2025-07-13T14:38:33.863471Z", "fetched_at": "2025-07-13T14:39:32.293657+00:00", "symbol": "ADA-USD"}, {"trade_id": 143360022, "side": "sell", "size": "8.05420133", "price": "0.74900000", "time": "2025-07-13T14:38:33.773612Z", "fetched_at": "2025-07-13T14:39:32.293657+00:00", "symbol": "ADA-USD"}, {"trade_id": 143360021, "side": "buy", "size": "4.40671140", "price": "0.74880000", "time": "2025-07-13T14:38:32.191929Z", "fetched_at": "2025-07-13T14:39:32.293657+00:00", "symbol": "ADA-USD"}, {"trade_id": 143360020, "side": "buy", "size": "1.50000000", "price": "0.74880000", "time": "2025-07-13T14:38:32.191929Z", "fetched_at": "2025-07-13T14:39:32.293657+00:00", "symbol": "ADA-USD"}, {"trade_id": 143360019, "side": "buy", "size": "1.50000000", "price": "0.74890000", "time": "2025-07-13T14:38:31.614585Z", "fetched_at": "2025-07-13T14:39:32.293657+00:00", "symbol": "ADA-USD"}, {"trade_id": 143360018, "side": "buy", "size": "7.67309300", "price": "0.74900000", "time": "2025-07-13T14:38:31.110708Z", "fetched_at": "2025-07-13T14:39:32.293657+00:00", "symbol": "ADA-USD"}, {"trade_id": 143360017, "side": "buy", "size": "1.50000000", "price": "0.74900000", "time": "2025-07-13T14:38:31.110708Z", "fetched_at": "2025-07-13T14:39:32.293657+00:00", "symbol": "ADA-USD"}, {"trade_id": 143360016, "side": "sell", "size": "298.92776057", "price": "0.74920000", "time": "2025-07-13T14:38:30.627475Z", "fetched_at": "2025-07-13T14:39:32.293657+00:00", "symbol": "ADA-USD"}, {"trade_id": 143360015, "side": "sell", "size": "50.00000000", "price": "0.74920000", "time": "2025-07-13T14:38:30.627475Z", "fetched_at": "2025-07-13T14:39:32.293657+00:00", "symbol": "ADA-USD"}, {"trade_id": 143360014, "side": "sell", "size": "68.35177797", "price": "0.74920000", "time": "2025-07-13T14:38:30.627475Z", "fetched_at": "2025-07-13T14:39:32.293657+00:00", "symbol": "ADA-USD"}, {"trade_id": 143360013, "side": "sell", "size": "4.11124246", "price": "0.74910000", "time": "2025-07-13T14:38:30.627475Z", "fetched_at": "2025-07-13T14:39:32.293657+00:00", "symbol": "ADA-USD"}, {"trade_id": 143360012, "side": "buy", "size": "1.50000000", "price": "0.74910000", "time": "2025-07-13T14:38:30.584108Z", "fetched_at": "2025-07-13T14:39:32.293657+00:00", "symbol": "ADA-USD"}, {"trade_id": 143360011, "side": "sell", "size": "160.56378900", "price": "0.74920000", "time": "2025-07-13T14:38:28.135370Z", "fetched_at": "2025-07-13T14:39:32.293657+00:00", "symbol": "ADA-USD"}, {"trade_id": 143360010, "side": "buy", "size": "4.55112688", "price": "0.74930000", "time": "2025-07-13T14:38:21.718852Z", "fetched_at": "2025-07-13T14:39:32.293657+00:00", "symbol": "ADA-USD"}, {"trade_id": 143360009, "side": "buy", "size": "45.44887312", "price": "0.74930000", "time": "2025-07-13T14:38:21.718680Z", "fetched_at": "2025-07-13T14:39:32.293657+00:00", "symbol": "ADA-USD"}, {"trade_id": 143360008, "side": "buy", "size": "3.17138099", "price": "0.74930000", "time": "2025-07-13T14:38:21.718680Z", "fetched_at": "2025-07-13T14:39:32.293657+00:00", "symbol": "ADA-USD"}, {"trade_id": 143360007, "side": "buy", "size": "34.92763589", "price": "0.74930000", "time": "2025-07-13T14:38:21.718680Z", "fetched_at": "2025-07-13T14:39:32.293657+00:00", "symbol": "ADA-USD"}, {"trade_id": 143360006, "side": "sell", "size": "110.00000000", "price": "0.74940000", "time": "2025-07-13T14:38:21.655687Z", "fetched_at": "2025-07-13T14:39:32.293657+00:00", "symbol": "ADA-USD"}, {"trade_id": 143360005, "side": "sell", "size": "17.94076800", "price": "0.74940000", "time": "2025-07-13T14:38:21.528780Z", "fetched_at": "2025-07-13T14:39:32.293657+00:00", "symbol": "ADA-USD"}, {"trade_id": 143360004, "side": "sell", "size": "1.50000000", "price": "0.74940000", "time": "2025-07-13T14:38:21.528780Z", "fetched_at": "2025-07-13T14:39:32.293657+00:00", "symbol": "ADA-USD"}, {"trade_id": 143360003, "side": "sell", "size": "12.64391400", "price": "0.74930000", "time": "2025-07-13T14:38:17.956837Z", "fetched_at": "2025-07-13T14:39:32.293657+00:00", "symbol": "ADA-USD"}, {"trade_id": 143360002, "side": "sell", "size": "117.48544476", "price": "0.74930000", "time": "2025-07-13T14:38:17.956494Z", "fetched_at": "2025-07-13T14:39:32.293657+00:00", "symbol": "ADA-USD"}, {"trade_id": 143360001, "side": "sell", "size": "1.50000000", "price": "0.74930000", "time": "2025-07-13T14:38:17.956494Z", "fetched_at": "2025-07-13T14:39:32.293657+00:00", "symbol": "ADA-USD"}, {"trade_id": 143360000, "side": "sell", "size": "13.08499324", "price": "0.74920000", "time": "2025-07-13T14:38:17.956494Z", "fetched_at": "2025-07-13T14:39:32.293657+00:00", "symbol": "ADA-USD"}, {"trade_id": 143359999, "side": "buy", "size": "264.25483775", "price": "0.74900000", "time": "2025-07-13T14:38:15.212397Z", "fetched_at": "2025-07-13T14:39:32.293657+00:00", "symbol": "ADA-USD"}, {"trade_id": 143359998, "side": "buy", "size": "390.43406613", "price": "0.74900000", "time": "2025-07-13T14:38:15.212397Z", "fetched_at": "2025-07-13T14:39:32.293657+00:00", "symbol": "ADA-USD"}, {"trade_id": 143359997, "side": "buy", "size": "17.69399543", "price": "0.74900000", "time": "2025-07-13T14:38:15.212397Z", "fetched_at": "2025-07-13T14:39:32.293657+00:00", "symbol": "ADA-USD"}, {"trade_id": 143359996, "side": "buy", "size": "3.62908051", "price": "0.74910000", "time": "2025-07-13T14:38:15.212397Z", "fetched_at": "2025-07-13T14:39:32.293657+00:00", "symbol": "ADA-USD"}, {"trade_id": 143359995, "side": "buy", "size": "694.61422349", "price": "0.74900000", "time": "2025-07-13T14:38:14.663791Z", "fetched_at": "2025-07-13T14:39:32.293657+00:00", "symbol": "ADA-USD"}, {"trade_id": 143359994, "side": "buy", "size": "1.50000000", "price": "0.74900000", "time": "2025-07-13T14:38:14.663791Z", "fetched_at": "2025-07-13T14:39:32.293657+00:00", "symbol": "ADA-USD"}, {"trade_id": 143359993, "side": "buy", "size": "4.72713188", "price": "0.74910000", "time": "2025-07-13T14:38:14.663791Z", "fetched_at": "2025-07-13T14:39:32.293657+00:00", "symbol": "ADA-USD"}, {"trade_id": 143359992, "side": "buy", "size": "1.50000000", "price": "0.74910000", "time": "2025-07-13T14:38:14.663791Z", "fetched_at": "2025-07-13T14:39:32.293657+00:00", "symbol": "ADA-USD"}, {"trade_id": 143359991, "side": "buy", "size": "4.82596222", "price": "0.74920000", "time": "2025-07-13T14:38:13.155176Z", "fetched_at": "2025-07-13T14:39:32.293657+00:00", "symbol": "ADA-USD"}, {"trade_id": 143359990, "side": "buy", "size": "1.50000000", "price": "0.74920000", "time": "2025-07-13T14:38:13.155176Z", "fetched_at": "2025-07-13T14:39:32.293657+00:00", "symbol": "ADA-USD"}, {"trade_id": 143359989, "side": "buy", "size": "7.92500049", "price": "0.74930000", "time": "2025-07-13T14:38:12.722549Z", "fetched_at": "2025-07-13T14:39:32.293657+00:00", "symbol": "ADA-USD"}, {"trade_id": 143359988, "side": "buy", "size": "1.50000000", "price": "0.74930000", "time": "2025-07-13T14:38:12.722549Z", "fetched_at": "2025-07-13T14:39:32.293657+00:00", "symbol": "ADA-USD"}, {"trade_id": 143359987, "side": "buy", "size": "13.07969461", "price": "0.74940000", "time": "2025-07-13T14:38:11.910735Z", "fetched_at": "2025-07-13T14:39:32.293657+00:00", "symbol": "ADA-USD"}, {"trade_id": 143359986, "side": "buy", "size": "1.50000000", "price": "0.74940000", "time": "2025-07-13T14:38:11.910735Z", "fetched_at": "2025-07-13T14:39:32.293657+00:00", "symbol": "ADA-USD"}, {"trade_id": 143359985, "side": "buy", "size": "1.50000000", "price": "0.74950000", "time": "2025-07-13T14:38:11.901757Z", "fetched_at": "2025-07-13T14:39:32.293657+00:00", "symbol": "ADA-USD"}, {"trade_id": 143359984, "side": "sell", "size": "70.86167000", "price": "0.74960000", "time": "2025-07-13T14:38:10.198099Z", "fetched_at": "2025-07-13T14:39:32.293657+00:00", "symbol": "ADA-USD"}, {"trade_id": 143359983, "side": "buy", "size": "254.90077492", "price": "0.74960000", "time": "2025-07-13T14:38:10.018239Z", "fetched_at": "2025-07-13T14:39:32.293657+00:00", "symbol": "ADA-USD"}, {"trade_id": 143359982, "side": "buy", "size": "1.50000000", "price": "0.74960000", "time": "2025-07-13T14:38:10.018239Z", "fetched_at": "2025-07-13T14:39:32.293657+00:00", "symbol": "ADA-USD"}, {"trade_id": 143359981, "side": "buy", "size": "507.05362508", "price": "0.74960000", "time": "2025-07-13T14:38:10.018239Z", "fetched_at": "2025-07-13T14:39:32.293657+00:00", "symbol": "ADA-USD"}, {"trade_id": 143359980, "side": "buy", "size": "1.50000000", "price": "0.74970000", "time": "2025-07-13T14:38:10.018239Z", "fetched_at": "2025-07-13T14:39:32.293657+00:00", "symbol": "ADA-USD"}, {"trade_id": 143359979, "side": "buy", "size": "1.50000000", "price": "0.74980000", "time": "2025-07-13T14:38:07.252860Z", "fetched_at": "2025-07-13T14:39:32.293657+00:00", "symbol": "ADA-USD"}, {"trade_id": 143359978, "side": "buy", "size": "13.06923085", "price": "0.75000000", "time": "2025-07-13T14:38:06.457901Z", "fetched_at": "2025-07-13T14:39:32.293657+00:00", "symbol": "ADA-USD"}, {"trade_id": 143359977, "side": "buy", "size": "5105.40000000", "price": "0.75000000", "time": "2025-07-13T14:38:06.457901Z", "fetched_at": "2025-07-13T14:39:32.293657+00:00", "symbol": "ADA-USD"}, {"trade_id": 143359976, "side": "buy", "size": "46.57018119", "price": "0.75000000", "time": "2025-07-13T14:38:06.457901Z", "fetched_at": "2025-07-13T14:39:32.293657+00:00", "symbol": "ADA-USD"}, {"trade_id": 143359975, "side": "sell", "size": "96.44753900", "price": "0.75020000", "time": "2025-07-13T14:38:04.672339Z", "fetched_at": "2025-07-13T14:39:32.293657+00:00", "symbol": "ADA-USD"}, {"trade_id": 143359974, "side": "sell", "size": "0.30033307", "price": "0.75020000", "time": "2025-07-13T14:38:04.378609Z", "fetched_at": "2025-07-13T14:39:32.293657+00:00", "symbol": "ADA-USD"}, {"trade_id": 143359973, "side": "sell", "size": "435.55387159", "price": "0.75010000", "time": "2025-07-13T14:38:04.353289Z", "fetched_at": "2025-07-13T14:39:32.293657+00:00", "symbol": "ADA-USD"}, {"trade_id": 143359972, "side": "sell", "size": "16.57083362", "price": "0.75010000", "time": "2025-07-13T14:38:04.353289Z", "fetched_at": "2025-07-13T14:39:32.293657+00:00", "symbol": "ADA-USD"}, {"trade_id": 143359971, "side": "sell", "size": "2.21518728", "price": "0.75000000", "time": "2025-07-13T14:38:04.353289Z", "fetched_at": "2025-07-13T14:39:32.293657+00:00", "symbol": "ADA-USD"}, {"trade_id": 143359970, "side": "sell", "size": "275.00859402", "price": "0.75000000", "time": "2025-07-13T14:38:04.353289Z", "fetched_at": "2025-07-13T14:39:32.293657+00:00", "symbol": "ADA-USD"}, {"trade_id": 143359969, "side": "sell", "size": "0.05516320", "price": "0.75020000", "time": "2025-07-13T14:38:04.035668Z", "fetched_at": "2025-07-13T14:39:32.293657+00:00", "symbol": "ADA-USD"}, {"trade_id": 143359968, "side": "sell", "size": "8.16219885", "price": "0.75020000", "time": "2025-07-13T14:38:04.017818Z", "fetched_at": "2025-07-13T14:39:32.293657+00:00", "symbol": "ADA-USD"}, {"trade_id": 143359967, "side": "sell", "size": "19.58266583", "price": "0.75010000", "time": "2025-07-13T14:38:04.017818Z", "fetched_at": "2025-07-13T14:39:32.293657+00:00", "symbol": "ADA-USD"}, {"trade_id": 143359966, "side": "sell", "size": "51.00306000", "price": "0.75010000", "time": "2025-07-13T14:38:04.017818Z", "fetched_at": "2025-07-13T14:39:32.293657+00:00", "symbol": "ADA-USD"}, {"trade_id": 143359965, "side": "sell", "size": "9.23385130", "price": "0.75010000", "time": "2025-07-13T14:38:04.017818Z", "fetched_at": "2025-07-13T14:39:32.293657+00:00", "symbol": "ADA-USD"}, {"trade_id": 143359964, "side": "sell", "size": "43.93530580", "price": "0.75010000", "time": "2025-07-13T14:38:04.017818Z", "fetched_at": "2025-07-13T14:39:32.293657+00:00", "symbol": "ADA-USD"}, {"trade_id": 143359963, "side": "sell", "size": "70.86167000", "price": "0.75010000", "time": "2025-07-13T14:38:02.643346Z", "fetched_at": "2025-07-13T14:39:32.293657+00:00", "symbol": "ADA-USD"}, {"trade_id": 143359962, "side": "buy", "size": "12.83514186", "price": "0.75010000", "time": "2025-07-13T14:38:00.523417Z", "fetched_at": "2025-07-13T14:39:32.293657+00:00", "symbol": "ADA-USD"}, {"trade_id": 143359961, "side": "buy", "size": "608.00409044", "price": "0.75010000", "time": "2025-07-13T14:38:00.512329Z", "fetched_at": "2025-07-13T14:39:32.293657+00:00", "symbol": "ADA-USD"}, {"trade_id": 143359960, "side": "buy", "size": "42.98785956", "price": "0.75010000", "time": "2025-07-13T14:38:00.512329Z", "fetched_at": "2025-07-13T14:39:32.293657+00:00", "symbol": "ADA-USD"}, {"trade_id": 143359959, "side": "sell", "size": "1.50000000", "price": "0.75030000", "time": "2025-07-13T14:37:58.801156Z", "fetched_at": "2025-07-13T14:39:32.293657+00:00", "symbol": "ADA-USD"}, {"trade_id": 143359958, "side": "buy", "size": "70.86167000", "price": "0.75010000", "time": "2025-07-13T14:37:58.133371Z", "fetched_at": "2025-07-13T14:39:32.293657+00:00", "symbol": "ADA-USD"}, {"trade_id": 143359957, "side": "buy", "size": "70.86167000", "price": "0.75020000", "time": "2025-07-13T14:37:55.380251Z", "fetched_at": "2025-07-13T14:39:32.293657+00:00", "symbol": "ADA-USD"}, {"trade_id": 143359956, "side": "sell", "size": "1032.98994451", "price": "0.75030000", "time": "2025-07-13T14:37:55.333584Z", "fetched_at": "2025-07-13T14:39:32.293657+00:00", "symbol": "ADA-USD"}, {"trade_id": 143359955, "side": "sell", "size": "712.30821892", "price": "0.75030000", "time": "2025-07-13T14:37:55.333584Z", "fetched_at": "2025-07-13T14:39:32.293657+00:00", "symbol": "ADA-USD"}, {"trade_id": 143359954, "side": "sell", "size": "666.48788883", "price": "0.75030000", "time": "2025-07-13T14:37:55.333584Z", "fetched_at": "2025-07-13T14:39:32.293657+00:00", "symbol": "ADA-USD"}, {"trade_id": 143359953, "side": "sell", "size": "1.50000000", "price": "0.75030000", "time": "2025-07-13T14:37:55.333584Z", "fetched_at": "2025-07-13T14:39:32.293657+00:00", "symbol": "ADA-USD"}, {"trade_id": 143359952, "side": "sell", "size": "613.05592969", "price": "0.75020000", "time": "2025-07-13T14:37:55.333584Z", "fetched_at": "2025-07-13T14:39:32.293657+00:00", "symbol": "ADA-USD"}, {"trade_id": 143359951, "side": "sell", "size": "50.00000000", "price": "0.75020000", "time": "2025-07-13T14:37:55.333584Z", "fetched_at": "2025-07-13T14:39:32.293657+00:00", "symbol": "ADA-USD"}, {"trade_id": 143359950, "side": "sell", "size": "123.01102868", "price": "0.75020000", "time": "2025-07-13T14:37:55.333584Z", "fetched_at": "2025-07-13T14:39:32.293657+00:00", "symbol": "ADA-USD"}, {"trade_id": 143359949, "side": "sell", "size": "666.79399380", "price": "0.75020000", "time": "2025-07-13T14:37:55.333584Z", "fetched_at": "2025-07-13T14:39:32.293657+00:00", "symbol": "ADA-USD"}, {"trade_id": 143359948, "side": "sell", "size": "1.50000000", "price": "0.75020000", "time": "2025-07-13T14:37:55.333584Z", "fetched_at": "2025-07-13T14:39:32.293657+00:00", "symbol": "ADA-USD"}, {"trade_id": 143359947, "side": "sell", "size": "1.50000000", "price": "0.75010000", "time": "2025-07-13T14:37:55.333584Z", "fetched_at": "2025-07-13T14:39:32.293657+00:00", "symbol": "ADA-USD"}, {"trade_id": 143359946, "side": "sell", "size": "70.86167000", "price": "0.75010000", "time": "2025-07-13T14:37:55.333584Z", "fetched_at": "2025-07-13T14:39:32.293657+00:00", "symbol": "ADA-USD"}, {"trade_id": 143359945, "side": "sell", "size": "19.43299100", "price": "0.74990000", "time": "2025-07-13T14:37:51.656345Z", "fetched_at": "2025-07-13T14:39:32.293657+00:00", "symbol": "ADA-USD"}, {"trade_id": 143359944, "side": "sell", "size": "70.86167000", "price": "0.74990000", "time": "2025-07-13T14:37:51.553071Z", "fetched_at": "2025-07-13T14:39:32.293657+00:00", "symbol": "ADA-USD"}, {"trade_id": 143359943, "side": "buy", "size": "49.09394700", "price": "0.75000000", "time": "2025-07-13T14:37:49.861562Z", "fetched_at": "2025-07-13T14:39:32.293657+00:00", "symbol": "ADA-USD"}, {"trade_id": 143359942, "side": "buy", "size": "300.00000000", "price": "0.75000000", "time": "2025-07-13T14:37:49.861562Z", "fetched_at": "2025-07-13T14:39:32.293657+00:00", "symbol": "ADA-USD"}, {"trade_id": 143359941, "side": "buy", "size": "51.00306000", "price": "0.75000000", "time": "2025-07-13T14:37:49.861562Z", "fetched_at": "2025-07-13T14:39:32.293657+00:00", "symbol": "ADA-USD"}, {"trade_id": 143359940, "side": "sell", "size": "0.00000333", "price": "0.75000000", "time": "2025-07-13T14:37:49.830754Z", "fetched_at": "2025-07-13T14:39:32.293657+00:00", "symbol": "ADA-USD"}, {"trade_id": 143359939, "side": "sell", "size": "1333.33333000", "price": "0.75000000", "time": "2025-07-13T14:37:49.830728Z", "fetched_at": "2025-07-13T14:39:32.293657+00:00", "symbol": "ADA-USD"}, {"trade_id": 143359938, "side": "sell", "size": "1.50000000", "price": "0.75000000", "time": "2025-07-13T14:37:49.830728Z", "fetched_at": "2025-07-13T14:39:32.293657+00:00", "symbol": "ADA-USD"}, {"trade_id": 143359937, "side": "sell", "size": "1.50000000", "price": "0.74990000", "time": "2025-07-13T14:37:47.213905Z", "fetched_at": "2025-07-13T14:39:32.293657+00:00", "symbol": "ADA-USD"}, {"trade_id": 143359936, "side": "sell", "size": "1.44142666", "price": "0.74980000", "time": "2025-07-13T14:37:45.527456Z", "fetched_at": "2025-07-13T14:39:32.293657+00:00", "symbol": "ADA-USD"}, {"trade_id": 143359935, "side": "sell", "size": "1.50000000", "price": "0.74980000", "time": "2025-07-13T14:37:45.527456Z", "fetched_at": "2025-07-13T14:39:32.293657+00:00", "symbol": "ADA-USD"}, {"trade_id": 143359934, "side": "buy", "size": "235.77843349", "price": "0.74960000", "time": "2025-07-13T14:37:44.573596Z", "fetched_at": "2025-07-13T14:39:32.293657+00:00", "symbol": "ADA-USD"}, {"trade_id": 143359933, "side": "buy", "size": "50.00000000", "price": "0.74960000", "time": "2025-07-13T14:37:44.573596Z", "fetched_at": "2025-07-13T14:39:32.293657+00:00", "symbol": "ADA-USD"}, {"trade_id": 143359932, "side": "buy", "size": "747.15523951", "price": "0.74960000", "time": "2025-07-13T14:37:44.573596Z", "fetched_at": "2025-07-13T14:39:32.293657+00:00", "symbol": "ADA-USD"}, {"trade_id": 143359931, "side": "sell", "size": "8.58274000", "price": "0.74960000", "time": "2025-07-13T14:37:42.831795Z", "fetched_at": "2025-07-13T14:39:32.293657+00:00", "symbol": "ADA-USD"}, {"trade_id": 143359930, "side": "sell", "size": "61.45357594", "price": "0.74990000", "time": "2025-07-13T14:37:39.452902Z", "fetched_at": "2025-07-13T14:39:32.293657+00:00", "symbol": "ADA-USD"}, {"trade_id": 143359929, "side": "sell", "size": "3.34930506", "price": "0.74980000", "time": "2025-07-13T14:37:39.452902Z", "fetched_at": "2025-07-13T14:39:32.293657+00:00", "symbol": "ADA-USD"}, {"trade_id": 143359928, "side": "sell", "size": "3.41512932", "price": "0.74970000", "time": "2025-07-13T14:37:35.593908Z", "fetched_at": "2025-07-13T14:39:32.293657+00:00", "symbol": "ADA-USD"}, {"trade_id": 143359927, "side": "buy", "size": "75.39890300", "price": "0.74950000", "time": "2025-07-13T14:37:33.141359Z", "fetched_at": "2025-07-13T14:39:32.293657+00:00", "symbol": "ADA-USD"}, {"trade_id": 143359926, "side": "buy", "size": "1.50000000", "price": "0.74950000", "time": "2025-07-13T14:37:33.141359Z", "fetched_at": "2025-07-13T14:39:32.293657+00:00", "symbol": "ADA-USD"}, {"trade_id": 143359925, "side": "sell", "size": "6.48379400", "price": "0.74970000", "time": "2025-07-13T14:37:32.760816Z", "fetched_at": "2025-07-13T14:39:32.293657+00:00", "symbol": "ADA-USD"}, {"trade_id": 143359924, "side": "sell", "size": "70.86167000", "price": "0.74960000", "time": "2025-07-13T14:37:32.300955Z", "fetched_at": "2025-07-13T14:39:32.293657+00:00", "symbol": "ADA-USD"}, {"trade_id": 143359923, "side": "buy", "size": "13.07446064", "price": "0.74970000", "time": "2025-07-13T14:37:32.284066Z", "fetched_at": "2025-07-13T14:39:32.293657+00:00", "symbol": "ADA-USD"}, {"trade_id": 143359922, "side": "buy", "size": "50.00000000", "price": "0.74980000", "time": "2025-07-13T14:37:32.284066Z", "fetched_at": "2025-07-13T14:39:32.293657+00:00", "symbol": "ADA-USD"}, {"trade_id": 143359921, "side": "buy", "size": "475.65565438", "price": "0.74980000", "time": "2025-07-13T14:37:32.280419Z", "fetched_at": "2025-07-13T14:39:32.293657+00:00", "symbol": "ADA-USD"}, {"trade_id": 143359920, "side": "buy", "size": "641.39586210", "price": "0.74980000", "time": "2025-07-13T14:37:32.280419Z", "fetched_at": "2025-07-13T14:39:32.293657+00:00", "symbol": "ADA-USD"}, {"trade_id": 143359919, "side": "buy", "size": "1740.95982210", "price": "0.74980000", "time": "2025-07-13T14:37:32.280419Z", "fetched_at": "2025-07-13T14:39:32.293657+00:00", "symbol": "ADA-USD"}, {"trade_id": 143359918, "side": "buy", "size": "89.92659710", "price": "0.74980000", "time": "2025-07-13T14:37:32.280419Z", "fetched_at": "2025-07-13T14:39:32.293657+00:00", "symbol": "ADA-USD"}, {"trade_id": 143359917, "side": "sell", "size": "652.10492303", "price": "0.75010000", "time": "2025-07-13T14:37:31.688677Z", "fetched_at": "2025-07-13T14:39:32.293657+00:00", "symbol": "ADA-USD"}, {"trade_id": 143359916, "side": "sell", "size": "712.30821892", "price": "0.75010000", "time": "2025-07-13T14:37:31.688677Z", "fetched_at": "2025-07-13T14:39:32.293657+00:00", "symbol": "ADA-USD"}, {"trade_id": 143359915, "side": "sell", "size": "1.50000000", "price": "0.75010000", "time": "2025-07-13T14:37:31.688677Z", "fetched_at": "2025-07-13T14:39:32.293657+00:00", "symbol": "ADA-USD"}, {"trade_id": 143359914, "side": "sell", "size": "1.50000000", "price": "0.75000000", "time": "2025-07-13T14:37:31.688677Z", "fetched_at": "2025-07-13T14:39:32.293657+00:00", "symbol": "ADA-USD"}, {"trade_id": 143359913, "side": "sell", "size": "746.15701411", "price": "0.75000000", "time": "2025-07-13T14:37:31.688677Z", "fetched_at": "2025-07-13T14:39:32.293657+00:00", "symbol": "ADA-USD"}, {"trade_id": 143359912, "side": "sell", "size": "275.00859402", "price": "0.75000000", "time": "2025-07-13T14:37:31.688677Z", "fetched_at": "2025-07-13T14:39:32.293657+00:00", "symbol": "ADA-USD"}, {"trade_id": 143359911, "side": "sell", "size": "200.00000000", "price": "0.74990000", "time": "2025-07-13T14:37:31.688677Z", "fetched_at": "2025-07-13T14:39:32.293657+00:00", "symbol": "ADA-USD"}, {"trade_id": 143359910, "side": "sell", "size": "712.30821892", "price": "0.74990000", "time": "2025-07-13T14:37:31.688677Z", "fetched_at": "2025-07-13T14:39:32.293657+00:00", "symbol": "ADA-USD"}, {"trade_id": 143359909, "side": "buy", "size": "70.86167000", "price": "0.74970000", "time": "2025-07-13T14:37:30.123022Z", "fetched_at": "2025-07-13T14:39:32.293657+00:00", "symbol": "ADA-USD"}, {"trade_id": 143359908, "side": "sell", "size": "626.98910600", "price": "0.74990000", "time": "2025-07-13T14:37:27.359875Z", "fetched_at": "2025-07-13T14:39:32.293657+00:00", "symbol": "ADA-USD"}, {"trade_id": 143359907, "side": "sell", "size": "666.75981721", "price": "0.74990000", "time": "2025-07-13T14:37:27.359875Z", "fetched_at": "2025-07-13T14:39:32.293657+00:00", "symbol": "ADA-USD"}, {"trade_id": 143359906, "side": "sell", "size": "712.30821892", "price": "0.74990000", "time": "2025-07-13T14:37:27.359875Z", "fetched_at": "2025-07-13T14:39:32.293657+00:00", "symbol": "ADA-USD"}, {"trade_id": 143359905, "side": "sell", "size": "310.50000000", "price": "0.74990000", "time": "2025-07-13T14:37:27.359875Z", "fetched_at": "2025-07-13T14:39:32.293657+00:00", "symbol": "ADA-USD"}, {"trade_id": 143359904, "side": "sell", "size": "275.00859402", "price": "0.74980000", "time": "2025-07-13T14:37:27.359875Z", "fetched_at": "2025-07-13T14:39:32.293657+00:00", "symbol": "ADA-USD"}, {"trade_id": 143359903, "side": "sell", "size": "51.00306000", "price": "0.74980000", "time": "2025-07-13T14:37:27.359875Z", "fetched_at": "2025-07-13T14:39:32.293657+00:00", "symbol": "ADA-USD"}, {"trade_id": 143359902, "side": "sell", "size": "13.43120385", "price": "0.74980000", "time": "2025-07-13T14:37:27.359875Z", "fetched_at": "2025-07-13T14:39:32.293657+00:00", "symbol": "ADA-USD"}, {"trade_id": 143359901, "side": "sell", "size": "19.43937300", "price": "0.75000000", "time": "2025-07-13T14:37:26.211980Z", "fetched_at": "2025-07-13T14:39:32.293657+00:00", "symbol": "ADA-USD"}, {"trade_id": 143359900, "side": "sell", "size": "1.50000000", "price": "0.75000000", "time": "2025-07-13T14:37:25.579983Z", "fetched_at": "2025-07-13T14:39:32.293657+00:00", "symbol": "ADA-USD"}, {"trade_id": 143359899, "side": "sell", "size": "1.50000000", "price": "0.74990000", "time": "2025-07-13T14:37:25.013141Z", "fetched_at": "2025-07-13T14:39:32.293657+00:00", "symbol": "ADA-USD"}, {"trade_id": 143359898, "side": "sell", "size": "1.75401763", "price": "0.74980000", "time": "2025-07-13T14:37:24.608802Z", "fetched_at": "2025-07-13T14:39:32.293657+00:00", "symbol": "ADA-USD"}, {"trade_id": 143359897, "side": "sell", "size": "5126.80000000", "price": "0.74980000", "time": "2025-07-13T14:37:24.608802Z", "fetched_at": "2025-07-13T14:39:32.293657+00:00", "symbol": "ADA-USD"}, {"trade_id": 143359896, "side": "sell", "size": "1.50000000", "price": "0.74980000", "time": "2025-07-13T14:37:24.608802Z", "fetched_at": "2025-07-13T14:39:32.293657+00:00", "symbol": "ADA-USD"}, {"trade_id": 143359895, "side": "sell", "size": "1.99531671", "price": "0.74970000", "time": "2025-07-13T14:37:24.211630Z", "fetched_at": "2025-07-13T14:39:32.293657+00:00", "symbol": "ADA-USD"}, {"trade_id": 143359894, "side": "sell", "size": "1117.28303405", "price": "0.74970000", "time": "2025-07-13T14:37:24.211630Z", "fetched_at": "2025-07-13T14:39:32.293657+00:00", "symbol": "ADA-USD"}, {"trade_id": 143359893, "side": "sell", "size": "4010.51696595", "price": "0.74970000", "time": "2025-07-13T14:37:24.211379Z", "fetched_at": "2025-07-13T14:39:32.293657+00:00", "symbol": "ADA-USD"}, {"trade_id": 143359892, "side": "sell", "size": "157.24900504", "price": "0.74960000", "time": "2025-07-13T14:37:23.693619Z", "fetched_at": "2025-07-13T14:39:32.293657+00:00", "symbol": "ADA-USD"}, {"trade_id": 143359891, "side": "sell", "size": "11.03167796", "price": "0.74960000", "time": "2025-07-13T14:37:23.693619Z", "fetched_at": "2025-07-13T14:39:32.293657+00:00", "symbol": "ADA-USD"}, {"trade_id": 143359890, "side": "buy", "size": "1.50000000", "price": "0.74950000", "time": "2025-07-13T14:37:20.872176Z", "fetched_at": "2025-07-13T14:39:32.293657+00:00", "symbol": "ADA-USD"}, {"trade_id": 143359889, "side": "buy", "size": "13.07620483", "price": "0.74960000", "time": "2025-07-13T14:37:19.887978Z", "fetched_at": "2025-07-13T14:39:32.293657+00:00", "symbol": "ADA-USD"}, {"trade_id": 143359888, "side": "sell", "size": "1.03495545", "price": "0.74970000", "time": "2025-07-13T14:37:19.721133Z", "fetched_at": "2025-07-13T14:39:32.293657+00:00", "symbol": "ADA-USD"}, {"trade_id": 143359887, "side": "sell", "size": "1.96504455", "price": "0.74970000", "time": "2025-07-13T14:37:19.721133Z", "fetched_at": "2025-07-13T14:39:32.293657+00:00", "symbol": "ADA-USD"}, {"trade_id": 143359886, "side": "sell", "size": "12.65066000", "price": "0.74970000", "time": "2025-07-13T14:37:18.690044Z", "fetched_at": "2025-07-13T14:39:32.293657+00:00", "symbol": "ADA-USD"}, {"trade_id": 143359885, "side": "sell", "size": "56.11653077", "price": "0.74960000", "time": "2025-07-13T14:37:18.207828Z", "fetched_at": "2025-07-13T14:39:32.293657+00:00", "symbol": "ADA-USD"}, {"trade_id": 143359884, "side": "sell", "size": "11.27424023", "price": "0.74960000", "time": "2025-07-13T14:37:18.207828Z", "fetched_at": "2025-07-13T14:39:32.293657+00:00", "symbol": "ADA-USD"}, {"trade_id": 143359883, "side": "buy", "size": "1.50000000", "price": "0.74960000", "time": "2025-07-13T14:37:17.579242Z", "fetched_at": "2025-07-13T14:39:32.293657+00:00", "symbol": "ADA-USD"}, {"trade_id": 143359882, "side": "buy", "size": "5038.83772093", "price": "0.74970000", "time": "2025-07-13T14:37:16.418375Z", "fetched_at": "2025-07-13T14:39:32.293657+00:00", "symbol": "ADA-USD"}, {"trade_id": 143359881, "side": "buy", "size": "13.07446064", "price": "0.74970000", "time": "2025-07-13T14:37:16.418375Z", "fetched_at": "2025-07-13T14:39:32.293657+00:00", "symbol": "ADA-USD"}, {"trade_id": 143359880, "side": "buy", "size": "431.77095798", "price": "0.74970000", "time": "2025-07-13T14:37:16.418375Z", "fetched_at": "2025-07-13T14:39:32.293657+00:00", "symbol": "ADA-USD"}, {"trade_id": 143359879, "side": "buy", "size": "393.03233613", "price": "0.74970000", "time": "2025-07-13T14:37:16.418375Z", "fetched_at": "2025-07-13T14:39:32.293657+00:00", "symbol": "ADA-USD"}, {"trade_id": 143359878, "side": "buy", "size": "1.50000000", "price": "0.74970000", "time": "2025-07-13T14:37:16.418375Z", "fetched_at": "2025-07-13T14:39:32.293657+00:00", "symbol": "ADA-USD"}, {"trade_id": 143359877, "side": "buy", "size": "712.30821892", "price": "0.74970000", "time": "2025-07-13T14:37:16.418375Z", "fetched_at": "2025-07-13T14:39:32.293657+00:00", "symbol": "ADA-USD"}, {"trade_id": 143359876, "side": "buy", "size": "5132.00000000", "price": "0.74980000", "time": "2025-07-13T14:37:16.406556Z", "fetched_at": "2025-07-13T14:39:32.293657+00:00", "symbol": "ADA-USD"}, {"trade_id": 143359875, "side": "buy", "size": "712.30821892", "price": "0.74980000", "time": "2025-07-13T14:37:16.406556Z", "fetched_at": "2025-07-13T14:39:32.293657+00:00", "symbol": "ADA-USD"}, {"trade_id": 143359874, "side": "buy", "size": "310.50000000", "price": "0.74990000", "time": "2025-07-13T14:37:16.398931Z", "fetched_at": "2025-07-13T14:39:32.293657+00:00", "symbol": "ADA-USD"}, {"trade_id": 143359873, "side": "buy", "size": "1.50000000", "price": "0.74990000", "time": "2025-07-13T14:37:16.398931Z", "fetched_at": "2025-07-13T14:39:32.293657+00:00", "symbol": "ADA-USD"}, {"trade_id": 143359872, "side": "buy", "size": "7.99893348", "price": "0.75010000", "time": "2025-07-13T14:37:13.753347Z", "fetched_at": "2025-07-13T14:39:32.293657+00:00", "symbol": "ADA-USD"}, {"trade_id": 143359871, "side": "sell", "size": "3421.65912010", "price": "0.75030000", "time": "2025-07-13T14:37:13.150016Z", "fetched_at": "2025-07-13T14:39:32.293657+00:00", "symbol": "ADA-USD"}, {"trade_id": 143359870, "side": "sell", "size": "1.50000000", "price": "0.75030000", "time": "2025-07-13T14:37:13.150016Z", "fetched_at": "2025-07-13T14:39:32.293657+00:00", "symbol": "ADA-USD"}, {"trade_id": 143359869, "side": "sell", "size": "23.04809907", "price": "0.75020000", "time": "2025-07-13T14:37:13.150016Z", "fetched_at": "2025-07-13T14:39:32.293657+00:00", "symbol": "ADA-USD"}, {"trade_id": 143359868, "side": "sell", "size": "1.50000000", "price": "0.75020000", "time": "2025-07-13T14:37:13.150016Z", "fetched_at": "2025-07-13T14:39:32.293657+00:00", "symbol": "ADA-USD"}, {"trade_id": 143359867, "side": "sell", "size": "671.97137483", "price": "0.75010000", "time": "2025-07-13T14:37:13.150016Z", "fetched_at": "2025-07-13T14:39:32.293657+00:00", "symbol": "ADA-USD"}, {"trade_id": 143359866, "side": "buy", "size": "15.00000000", "price": "0.75010000", "time": "2025-07-13T14:37:12.554435Z", "fetched_at": "2025-07-13T14:39:32.293657+00:00", "symbol": "ADA-USD"}, {"trade_id": 143359865, "side": "sell", "size": "1.50000000", "price": "0.75010000", "time": "2025-07-13T14:37:11.745823Z", "fetched_at": "2025-07-13T14:39:32.293657+00:00", "symbol": "ADA-USD"}, {"trade_id": 143359864, "side": "sell", "size": "2.11421343", "price": "0.75000000", "time": "2025-07-13T14:37:10.768006Z", "fetched_at": "2025-07-13T14:39:32.293657+00:00", "symbol": "ADA-USD"}, {"trade_id": 143359863, "side": "sell", "size": "6.37831865", "price": "0.75000000", "time": "2025-07-13T14:37:09.562740Z", "fetched_at": "2025-07-13T14:39:32.293657+00:00", "symbol": "ADA-USD"}, {"trade_id": 143359862, "side": "buy", "size": "35.10611600", "price": "0.74990000", "time": "2025-07-13T14:37:09.116216Z", "fetched_at": "2025-07-13T14:39:32.293657+00:00", "symbol": "ADA-USD"}, {"trade_id": 143359861, "side": "sell", "size": "37.55804600", "price": "0.75000000", "time": "2025-07-13T14:37:08.879774Z", "fetched_at": "2025-07-13T14:39:32.293657+00:00", "symbol": "ADA-USD"}, {"trade_id": 143359860, "side": "sell", "size": "10.00000000", "price": "0.75000000", "time": "2025-07-13T14:37:08.879774Z", "fetched_at": "2025-07-13T14:39:32.293657+00:00", "symbol": "ADA-USD"}, {"trade_id": 143359859, "side": "sell", "size": "99.99163955", "price": "0.75000000", "time": "2025-07-13T14:37:08.462742Z", "fetched_at": "2025-07-13T14:39:32.293657+00:00", "symbol": "ADA-USD"}, {"trade_id": 143359858, "side": "sell", "size": "1.50000000", "price": "0.75000000", "time": "2025-07-13T14:37:08.462742Z", "fetched_at": "2025-07-13T14:39:32.293657+00:00", "symbol": "ADA-USD"}, {"trade_id": 143359857, "side": "sell", "size": "275.00859402", "price": "0.75000000", "time": "2025-07-13T14:37:08.462742Z", "fetched_at": "2025-07-13T14:39:32.293657+00:00", "symbol": "ADA-USD"}, {"trade_id": 143359856, "side": "sell", "size": "1.72273243", "price": "0.74990000", "time": "2025-07-13T14:37:08.462742Z", "fetched_at": "2025-07-13T14:39:32.293657+00:00", "symbol": "ADA-USD"}, {"trade_id": 143359855, "side": "sell", "size": "1.50000000", "price": "0.74990000", "time": "2025-07-13T14:37:08.462742Z", "fetched_at": "2025-07-13T14:39:32.293657+00:00", "symbol": "ADA-USD"}, {"trade_id": 143359854, "side": "buy", "size": "21.93877030", "price": "0.74970000", "time": "2025-07-13T14:37:08.036052Z", "fetched_at": "2025-07-13T14:39:32.293657+00:00", "symbol": "ADA-USD"}, {"trade_id": 143359853, "side": "buy", "size": "11.41679970", "price": "0.74970000", "time": "2025-07-13T14:37:08.036052Z", "fetched_at": "2025-07-13T14:39:32.293657+00:00", "symbol": "ADA-USD"}, {"trade_id": 143359852, "side": "sell", "size": "64.84011100", "price": "0.74970000", "time": "2025-07-13T14:37:05.473846Z", "fetched_at": "2025-07-13T14:39:32.293657+00:00", "symbol": "ADA-USD"}, {"trade_id": 143359851, "side": "sell", "size": "346.53601485", "price": "0.74980000", "time": "2025-07-13T14:37:04.965731Z", "fetched_at": "2025-07-13T14:39:32.293657+00:00", "symbol": "ADA-USD"}, {"trade_id": 143359850, "side": "sell", "size": "1.50000000", "price": "0.74980000", "time": "2025-07-13T14:37:04.965731Z", "fetched_at": "2025-07-13T14:39:32.293657+00:00", "symbol": "ADA-USD"}, {"trade_id": 143359849, "side": "sell", "size": "275.00859402", "price": "0.74980000", "time": "2025-07-13T14:37:04.965731Z", "fetched_at": "2025-07-13T14:39:32.293657+00:00", "symbol": "ADA-USD"}, {"trade_id": 143359848, "side": "sell", "size": "697.80979360", "price": "0.74970000", "time": "2025-07-13T14:37:04.965731Z", "fetched_at": "2025-07-13T14:39:32.293657+00:00", "symbol": "ADA-USD"}, {"trade_id": 143359847, "side": "sell", "size": "1.50000000", "price": "0.74970000", "time": "2025-07-13T14:37:04.965731Z", "fetched_at": "2025-07-13T14:39:32.293657+00:00", "symbol": "ADA-USD"}, {"trade_id": 143359846, "side": "sell", "size": "1.50000000", "price": "0.74960000", "time": "2025-07-13T14:37:04.965731Z", "fetched_at": "2025-07-13T14:39:32.293657+00:00", "symbol": "ADA-USD"}, {"trade_id": 143359845, "side": "sell", "size": "1078.98833117", "price": "0.74950000", "time": "2025-07-13T14:37:03.399523Z", "fetched_at": "2025-07-13T14:39:32.293657+00:00", "symbol": "ADA-USD"}, {"trade_id": 143359844, "side": "sell", "size": "1.50000000", "price": "0.74950000", "time": "2025-07-13T14:37:03.399523Z", "fetched_at": "2025-07-13T14:39:32.293657+00:00", "symbol": "ADA-USD"}, {"trade_id": 143359843, "side": "sell", "size": "804.36047021", "price": "0.74940000", "time": "2025-07-13T14:37:03.399523Z", "fetched_at": "2025-07-13T14:39:32.293657+00:00", "symbol": "ADA-USD"}, {"trade_id": 143359842, "side": "sell", "size": "51.00306000", "price": "0.74940000", "time": "2025-07-13T14:37:03.399523Z", "fetched_at": "2025-07-13T14:39:32.293657+00:00", "symbol": "ADA-USD"}, {"trade_id": 143359841, "side": "sell", "size": "8.57058362", "price": "0.74940000", "time": "2025-07-13T14:37:03.399523Z", "fetched_at": "2025-07-13T14:39:32.293657+00:00", "symbol": "ADA-USD"}, {"trade_id": 143359840, "side": "buy", "size": "33.12308743", "price": "0.74930000", "time": "2025-07-13T14:37:02.632224Z", "fetched_at": "2025-07-13T14:39:32.293657+00:00", "symbol": "ADA-USD"}, {"trade_id": 143359839, "side": "sell", "size": "1155.94733200", "price": "0.74940000", "time": "2025-07-13T14:37:00.083755Z", "fetched_at": "2025-07-13T14:39:32.293657+00:00", "symbol": "ADA-USD"}, {"trade_id": 143359838, "side": "sell", "size": "310.23750400", "price": "0.74940000", "time": "2025-07-13T14:36:59.953951Z", "fetched_at": "2025-07-13T14:39:32.293657+00:00", "symbol": "ADA-USD"}, {"trade_id": 143359837, "side": "buy", "size": "112.75834000", "price": "0.74940000", "time": "2025-07-13T14:36:59.935441Z", "fetched_at": "2025-07-13T14:39:32.293657+00:00", "symbol": "ADA-USD"}, {"trade_id": 143359836, "side": "sell", "size": "1.50000000", "price": "0.74940000", "time": "2025-07-13T14:36:59.658598Z", "fetched_at": "2025-07-13T14:39:32.293657+00:00", "symbol": "ADA-USD"}, {"trade_id": 143359835, "side": "sell", "size": "27.67078120", "price": "0.74910000", "time": "2025-07-13T14:36:58.037400Z", "fetched_at": "2025-07-13T14:39:32.293657+00:00", "symbol": "ADA-USD"}, {"trade_id": 143359834, "side": "sell", "size": "11.24472880", "price": "0.74910000", "time": "2025-07-13T14:36:58.037400Z", "fetched_at": "2025-07-13T14:39:32.293657+00:00", "symbol": "ADA-USD"}, {"trade_id": 143359833, "side": "sell", "size": "14.99297174", "price": "0.74910000", "time": "2025-07-13T14:36:57.824064Z", "fetched_at": "2025-07-13T14:39:32.293657+00:00", "symbol": "ADA-USD"}, {"trade_id": 143359832, "side": "sell", "size": "4.08821621", "price": "0.74930000", "time": "2025-07-13T14:36:56.802989Z", "fetched_at": "2025-07-13T14:39:32.293657+00:00", "symbol": "ADA-USD"}, {"trade_id": 143359831, "side": "sell", "size": "66.77345379", "price": "0.74930000", "time": "2025-07-13T14:36:56.802989Z", "fetched_at": "2025-07-13T14:39:32.293657+00:00", "symbol": "ADA-USD"}, {"trade_id": 143359830, "side": "buy", "size": "34.81676700", "price": "0.74910000", "time": "2025-07-13T14:36:53.611431Z", "fetched_at": "2025-07-13T14:39:32.293657+00:00", "symbol": "ADA-USD"}, {"trade_id": 143359829, "side": "buy", "size": "106.31332000", "price": "0.74910000", "time": "2025-07-13T14:36:53.611431Z", "fetched_at": "2025-07-13T14:39:32.293657+00:00", "symbol": "ADA-USD"}, {"trade_id": 143359828, "side": "sell", "size": "554.55565549", "price": "0.74930000", "time": "2025-07-13T14:36:52.707257Z", "fetched_at": "2025-07-13T14:39:32.293657+00:00", "symbol": "ADA-USD"}, {"trade_id": 143359827, "side": "sell", "size": "750.66706784", "price": "0.74930000", "time": "2025-07-13T14:36:52.707257Z", "fetched_at": "2025-07-13T14:39:32.293657+00:00", "symbol": "ADA-USD"}, {"trade_id": 143359826, "side": "sell", "size": "1750.13022564", "price": "0.74930000", "time": "2025-07-13T14:36:52.707257Z", "fetched_at": "2025-07-13T14:39:32.293657+00:00", "symbol": "ADA-USD"}, {"trade_id": 143359825, "side": "sell", "size": "712.30821892", "price": "0.74930000", "time": "2025-07-13T14:36:52.707257Z", "fetched_at": "2025-07-13T14:39:32.293657+00:00", "symbol": "ADA-USD"}, {"trade_id": 143359824, "side": "sell", "size": "1.50000000", "price": "0.74930000", "time": "2025-07-13T14:36:52.707257Z", "fetched_at": "2025-07-13T14:39:32.293657+00:00", "symbol": "ADA-USD"}, {"trade_id": 143359823, "side": "sell", "size": "1.50673939", "price": "0.74920000", "time": "2025-07-13T14:36:52.707257Z", "fetched_at": "2025-07-13T14:39:32.293657+00:00", "symbol": "ADA-USD"}, {"trade_id": 143359822, "side": "sell", "size": "28.01691072", "price": "0.74920000", "time": "2025-07-13T14:36:52.707257Z", "fetched_at": "2025-07-13T14:39:32.293657+00:00", "symbol": "ADA-USD"}, {"trade_id": 143359821, "side": "sell", "size": "2.81499322", "price": "0.74900000", "time": "2025-07-13T14:36:51.863742Z", "fetched_at": "2025-07-13T14:39:32.293657+00:00", "symbol": "ADA-USD"}, {"trade_id": 143359820, "side": "sell", "size": "11.30513150", "price": "0.74910000", "time": "2025-07-13T14:36:51.463470Z", "fetched_at": "2025-07-13T14:39:32.293657+00:00", "symbol": "ADA-USD"}, {"trade_id": 143359819, "side": "sell", "size": "11.30513150", "price": "0.74880000", "time": "2025-07-13T14:36:51.286202Z", "fetched_at": "2025-07-13T14:39:32.293657+00:00", "symbol": "ADA-USD"}, {"trade_id": 143359818, "side": "buy", "size": "13.09017513", "price": "0.74880000", "time": "2025-07-13T14:36:51.191491Z", "fetched_at": "2025-07-13T14:39:32.293657+00:00", "symbol": "ADA-USD"}, {"trade_id": 143359817, "side": "buy", "size": "917.24458994", "price": "0.74880000", "time": "2025-07-13T14:36:51.191491Z", "fetched_at": "2025-07-13T14:39:32.293657+00:00", "symbol": "ADA-USD"}, {"trade_id": 143359816, "side": "buy", "size": "4227.35541006", "price": "0.74880000", "time": "2025-07-13T14:36:51.191334Z", "fetched_at": "2025-07-13T14:39:32.293657+00:00", "symbol": "ADA-USD"}, {"trade_id": 143359815, "side": "buy", "size": "0.10000000", "price": "0.74880000", "time": "2025-07-13T14:36:51.191334Z", "fetched_at": "2025-07-13T14:39:32.293657+00:00", "symbol": "ADA-USD"}, {"trade_id": 143359814, "side": "buy", "size": "1.50000000", "price": "0.74880000", "time": "2025-07-13T14:36:51.191334Z", "fetched_at": "2025-07-13T14:39:32.293657+00:00", "symbol": "ADA-USD"}, {"trade_id": 143359813, "side": "sell", "size": "20.86167000", "price": "0.74890000", "time": "2025-07-13T14:36:51.166490Z", "fetched_at": "2025-07-13T14:39:32.293657+00:00", "symbol": "ADA-USD"}, {"trade_id": 143359812, "side": "sell", "size": "50.00000000", "price": "0.74890000", "time": "2025-07-13T14:36:51.166490Z", "fetched_at": "2025-07-13T14:39:32.293657+00:00", "symbol": "ADA-USD"}, {"trade_id": 143359811, "side": "buy", "size": "1.50000000", "price": "0.74890000", "time": "2025-07-13T14:36:51.154490Z", "fetched_at": "2025-07-13T14:39:32.293657+00:00", "symbol": "ADA-USD"}, {"trade_id": 143359810, "side": "buy", "size": "1.50000000", "price": "0.74900000", "time": "2025-07-13T14:36:50.993462Z", "fetched_at": "2025-07-13T14:39:32.293657+00:00", "symbol": "ADA-USD"}, {"trade_id": 143359809, "side": "sell", "size": "7.93905400", "price": "0.74910000", "time": "2025-07-13T14:36:50.324252Z", "fetched_at": "2025-07-13T14:39:32.293657+00:00", "symbol": "ADA-USD"}, {"trade_id": 143359808, "side": "sell", "size": "119.18236549", "price": "0.74930000", "time": "2025-07-13T14:36:49.601941Z", "fetched_at": "2025-07-13T14:39:32.293657+00:00", "symbol": "ADA-USD"}, {"trade_id": 143359807, "side": "sell", "size": "13.08236151", "price": "0.74920000", "time": "2025-07-13T14:36:49.601941Z", "fetched_at": "2025-07-13T14:39:32.293657+00:00", "symbol": "ADA-USD"}, {"trade_id": 143359806, "side": "sell", "size": "70.86167000", "price": "0.74930000", "time": "2025-07-13T14:36:48.199841Z", "fetched_at": "2025-07-13T14:39:32.293657+00:00", "symbol": "ADA-USD"}, {"trade_id": 143359805, "side": "buy", "size": "96.32990000", "price": "0.74910000", "time": "2025-07-13T14:36:47.865786Z", "fetched_at": "2025-07-13T14:39:32.293657+00:00", "symbol": "ADA-USD"}, {"trade_id": 143359804, "side": "buy", "size": "310.50000000", "price": "0.74920000", "time": "2025-07-13T14:36:47.865786Z", "fetched_at": "2025-07-13T14:39:32.293657+00:00", "symbol": "ADA-USD"}, {"trade_id": 143359803, "side": "buy", "size": "1.50000000", "price": "0.74920000", "time": "2025-07-13T14:36:47.865786Z", "fetched_at": "2025-07-13T14:39:32.293657+00:00", "symbol": "ADA-USD"}, {"trade_id": 143359802, "side": "buy", "size": "357.41855980", "price": "0.74920000", "time": "2025-07-13T14:36:47.016524Z", "fetched_at": "2025-07-13T14:39:32.293657+00:00", "symbol": "ADA-USD"}, {"trade_id": 143359801, "side": "buy", "size": "310.50000000", "price": "0.74920000", "time": "2025-07-13T14:36:47.016524Z", "fetched_at": "2025-07-13T14:39:32.293657+00:00", "symbol": "ADA-USD"}, {"trade_id": 143359800, "side": "buy", "size": "13.08144020", "price": "0.74930000", "time": "2025-07-13T14:36:47.016524Z", "fetched_at": "2025-07-13T14:39:32.293657+00:00", "symbol": "ADA-USD"}, {"trade_id": 143359799, "side": "sell", "size": "50.00000000", "price": "0.74940000", "time": "2025-07-13T14:36:46.939143Z", "fetched_at": "2025-07-13T14:39:32.293657+00:00", "symbol": "ADA-USD"}, {"trade_id": 143359798, "side": "sell", "size": "1.99330337", "price": "0.74940000", "time": "2025-07-13T14:36:46.939143Z", "fetched_at": "2025-07-13T14:39:32.293657+00:00", "symbol": "ADA-USD"}, {"trade_id": 143359797, "side": "sell", "size": "306.41549980", "price": "0.74930000", "time": "2025-07-13T14:36:46.936253Z", "fetched_at": "2025-07-13T14:39:32.293657+00:00", "symbol": "ADA-USD"}, {"trade_id": 143359796, "side": "buy", "size": "51.00306000", "price": "0.74930000", "time": "2025-07-13T14:36:46.928341Z", "fetched_at": "2025-07-13T14:39:32.293657+00:00", "symbol": "ADA-USD"}, {"trade_id": 143359795, "side": "buy", "size": "310.50000000", "price": "0.74930000", "time": "2025-07-13T14:36:46.928341Z", "fetched_at": "2025-07-13T14:39:32.293657+00:00", "symbol": "ADA-USD"}, {"trade_id": 143359794, "side": "buy", "size": "13.08144020", "price": "0.74930000", "time": "2025-07-13T14:36:46.928341Z", "fetched_at": "2025-07-13T14:39:32.293657+00:00", "symbol": "ADA-USD"}, {"trade_id": 143359793, "side": "sell", "size": "10.00000000", "price": "0.74940000", "time": "2025-07-13T14:36:46.332012Z", "fetched_at": "2025-07-13T14:39:32.293657+00:00", "symbol": "ADA-USD"}, {"trade_id": 143359792, "side": "sell", "size": "10.92115879", "price": "0.74940000", "time": "2025-07-13T14:36:46.206169Z", "fetched_at": "2025-07-13T14:39:32.293657+00:00", "symbol": "ADA-USD"}, {"trade_id": 143359791, "side": "sell", "size": "70.86167000", "price": "0.74940000", "time": "2025-07-13T14:36:45.933615Z", "fetched_at": "2025-07-13T14:39:32.293657+00:00", "symbol": "ADA-USD"}, {"trade_id": 143359790, "side": "buy", "size": "2911.24837728", "price": "0.74940000", "time": "2025-07-13T14:36:45.916772Z", "fetched_at": "2025-07-13T14:39:32.293657+00:00", "symbol": "ADA-USD"}, {"trade_id": 143359789, "side": "buy", "size": "1433.37298172", "price": "0.74940000", "time": "2025-07-13T14:36:45.916772Z", "fetched_at": "2025-07-13T14:39:32.293657+00:00", "symbol": "ADA-USD"}, {"trade_id": 143359788, "side": "buy", "size": "712.30821892", "price": "0.74940000", "time": "2025-07-13T14:36:45.916772Z", "fetched_at": "2025-07-13T14:39:32.293657+00:00", "symbol": "ADA-USD"}, {"trade_id": 143359787, "side": "buy", "size": "86.37721103", "price": "0.74940000", "time": "2025-07-13T14:36:45.916772Z", "fetched_at": "2025-07-13T14:39:32.293657+00:00", "symbol": "ADA-USD"}, {"trade_id": 143359786, "side": "buy", "size": "13.07794948", "price": "0.74950000", "time": "2025-07-13T14:36:45.916772Z", "fetched_at": "2025-07-13T14:39:32.293657+00:00", "symbol": "ADA-USD"}, {"trade_id": 143359785, "side": "sell", "size": "4.35208400", "price": "0.74960000", "time": "2025-07-13T14:36:44.991676Z", "fetched_at": "2025-07-13T14:39:32.293657+00:00", "symbol": "ADA-USD"}, {"trade_id": 143359784, "side": "sell", "size": "642.01245144", "price": "0.74960000", "time": "2025-07-13T14:36:44.149858Z", "fetched_at": "2025-07-13T14:39:32.293657+00:00", "symbol": "ADA-USD"}, {"trade_id": 143359783, "side": "sell", "size": "298.12553361", "price": "0.74960000", "time": "2025-07-13T14:36:42.973193Z", "fetched_at": "2025-07-13T14:39:32.293657+00:00", "symbol": "ADA-USD"}, {"trade_id": 143359782, "side": "sell", "size": "1.50000000", "price": "0.74960000", "time": "2025-07-13T14:36:42.973193Z", "fetched_at": "2025-07-13T14:39:32.293657+00:00", "symbol": "ADA-USD"}, {"trade_id": 143359781, "side": "sell", "size": "1.50000000", "price": "0.74950000", "time": "2025-07-13T14:36:42.765054Z", "fetched_at": "2025-07-13T14:39:32.293657+00:00", "symbol": "ADA-USD"}, {"trade_id": 143359780, "side": "sell", "size": "1.50000000", "price": "0.74940000", "time": "2025-07-13T14:36:42.671710Z", "fetched_at": "2025-07-13T14:39:32.293657+00:00", "symbol": "ADA-USD"}, {"trade_id": 143359779, "side": "sell", "size": "332.18930000", "price": "0.74930000", "time": "2025-07-13T14:36:42.324886Z", "fetched_at": "2025-07-13T14:39:32.293657+00:00", "symbol": "ADA-USD"}, {"trade_id": 143359778, "side": "sell", "size": "1.50000000", "price": "0.74930000", "time": "2025-07-13T14:36:42.324886Z", "fetched_at": "2025-07-13T14:39:32.293657+00:00", "symbol": "ADA-USD"}, {"trade_id": 143359777, "side": "sell", "size": "1.50000000", "price": "0.74920000", "time": "2025-07-13T14:36:41.711190Z", "fetched_at": "2025-07-13T14:39:32.293657+00:00", "symbol": "ADA-USD"}, {"trade_id": 143359776, "side": "sell", "size": "2.05164499", "price": "0.74910000", "time": "2025-07-13T14:36:41.374808Z", "fetched_at": "2025-07-13T14:39:32.293657+00:00", "symbol": "ADA-USD"}, {"trade_id": 143359775, "side": "sell", "size": "10.10518714", "price": "0.74910000", "time": "2025-07-13T14:36:40.808826Z", "fetched_at": "2025-07-13T14:39:32.293657+00:00", "symbol": "ADA-USD"}, {"trade_id": 143359774, "side": "sell", "size": "1.50000000", "price": "0.74910000", "time": "2025-07-13T14:36:40.808826Z", "fetched_at": "2025-07-13T14:39:32.293657+00:00", "symbol": "ADA-USD"}, {"trade_id": 143359773, "side": "sell", "size": "18.16371861", "price": "0.74900000", "time": "2025-07-13T14:36:40.558479Z", "fetched_at": "2025-07-13T14:39:32.293657+00:00", "symbol": "ADA-USD"}, {"trade_id": 143359772, "side": "buy", "size": "643.66539979", "price": "0.74890000", "time": "2025-07-13T14:36:40.527675Z", "fetched_at": "2025-07-13T14:39:32.293657+00:00", "symbol": "ADA-USD"}, {"trade_id": 143359771, "side": "buy", "size": "13.08842721", "price": "0.74890000", "time": "2025-07-13T14:36:40.527675Z", "fetched_at": "2025-07-13T14:39:32.293657+00:00", "symbol": "ADA-USD"}, {"trade_id": 143359770, "side": "buy", "size": "310.50000000", "price": "0.74890000", "time": "2025-07-13T14:36:40.527675Z", "fetched_at": "2025-07-13T14:39:32.293657+00:00", "symbol": "ADA-USD"}, {"trade_id": 143359769, "side": "buy", "size": "112.75834000", "price": "0.74890000", "time": "2025-07-13T14:36:40.527675Z", "fetched_at": "2025-07-13T14:39:32.293657+00:00", "symbol": "ADA-USD"}, {"trade_id": 143359768, "side": "buy", "size": "51.00306000", "price": "0.74900000", "time": "2025-07-13T14:36:40.527675Z", "fetched_at": "2025-07-13T14:39:32.293657+00:00", "symbol": "ADA-USD"}, {"trade_id": 143359767, "side": "buy", "size": "106.31332000", "price": "0.74900000", "time": "2025-07-13T14:36:40.527675Z", "fetched_at": "2025-07-13T14:39:32.293657+00:00", "symbol": "ADA-USD"}, {"trade_id": 143359766, "side": "buy", "size": "112.75834000", "price": "0.74900000", "time": "2025-07-13T14:36:40.527675Z", "fetched_at": "2025-07-13T14:39:32.293657+00:00", "symbol": "ADA-USD"}, {"trade_id": 143359765, "side": "sell", "size": "1.50000000", "price": "0.74900000", "time": "2025-07-13T14:36:40.472068Z", "fetched_at": "2025-07-13T14:39:32.293657+00:00", "symbol": "ADA-USD"}, {"trade_id": 143359764, "side": "sell", "size": "24.21829149", "price": "0.74890000", "time": "2025-07-13T14:36:40.374220Z", "fetched_at": "2025-07-13T14:39:32.293657+00:00", "symbol": "ADA-USD"}, {"trade_id": 143359763, "side": "sell", "size": "1.50000000", "price": "0.74890000", "time": "2025-07-13T14:36:40.185877Z", "fetched_at": "2025-07-13T14:39:32.293657+00:00", "symbol": "ADA-USD"}, {"trade_id": 143359762, "side": "sell", "size": "2.67334600", "price": "0.74880000", "time": "2025-07-13T14:36:39.757113Z", "fetched_at": "2025-07-13T14:39:32.293657+00:00", "symbol": "ADA-USD"}, {"trade_id": 143359761, "side": "sell", "size": "193.32611200", "price": "0.74880000", "time": "2025-07-13T14:36:39.407121Z", "fetched_at": "2025-07-13T14:39:32.293657+00:00", "symbol": "ADA-USD"}, {"trade_id": 143359760, "side": "sell", "size": "1.50000000", "price": "0.74880000", "time": "2025-07-13T14:36:39.407121Z", "fetched_at": "2025-07-13T14:39:32.293657+00:00", "symbol": "ADA-USD"}, {"trade_id": 143359759, "side": "sell", "size": "1.50000000", "price": "0.74870000", "time": "2025-07-13T14:36:39.228403Z", "fetched_at": "2025-07-13T14:39:32.293657+00:00", "symbol": "ADA-USD"}, {"trade_id": 143359758, "side": "sell", "size": "1.50000000", "price": "0.74860000", "time": "2025-07-13T14:36:38.991315Z", "fetched_at": "2025-07-13T14:39:32.293657+00:00", "symbol": "ADA-USD"}, {"trade_id": 143359757, "side": "sell", "size": "1.50000000", "price": "0.74840000", "time": "2025-07-13T14:36:38.688577Z", "fetched_at": "2025-07-13T14:39:32.293657+00:00", "symbol": "ADA-USD"}, {"trade_id": 143359756, "side": "sell", "size": "1.55251285", "price": "0.74830000", "time": "2025-07-13T14:36:37.658657Z", "fetched_at": "2025-07-13T14:39:32.293657+00:00", "symbol": "ADA-USD"}, {"trade_id": 143359755, "side": "sell", "size": "32.29105531", "price": "0.74830000", "time": "2025-07-13T14:36:37.658657Z", "fetched_at": "2025-07-13T14:39:32.293657+00:00", "symbol": "ADA-USD"}, {"trade_id": 143359754, "side": "sell", "size": "3.07419672", "price": "0.74830000", "time": "2025-07-13T14:36:37.002019Z", "fetched_at": "2025-07-13T14:39:32.293657+00:00", "symbol": "ADA-USD"}, {"trade_id": 143359753, "side": "sell", "size": "10.97237226", "price": "0.74830000", "time": "2025-07-13T14:36:35.759601Z", "fetched_at": "2025-07-13T14:39:32.293657+00:00", "symbol": "ADA-USD"}, {"trade_id": 143359752, "side": "sell", "size": "10.97237226", "price": "0.74830000", "time": "2025-07-13T14:36:35.747583Z", "fetched_at": "2025-07-13T14:39:32.293657+00:00", "symbol": "ADA-USD"}, {"trade_id": 143359751, "side": "sell", "size": "1.50000000", "price": "0.74830000", "time": "2025-07-13T14:36:35.747583Z", "fetched_at": "2025-07-13T14:39:32.293657+00:00", "symbol": "ADA-USD"}, {"trade_id": 143359750, "side": "buy", "size": "769.10811532", "price": "0.74800000", "time": "2025-07-13T14:36:35.472908Z", "fetched_at": "2025-07-13T14:39:32.293657+00:00", "symbol": "ADA-USD"}, {"trade_id": 143359749, "side": "buy", "size": "51.00306000", "price": "0.74800000", "time": "2025-07-13T14:36:35.472908Z", "fetched_at": "2025-07-13T14:39:32.293657+00:00", "symbol": "ADA-USD"}, {"trade_id": 143359748, "side": "buy", "size": "310.50000000", "price": "0.74800000", "time": "2025-07-13T14:36:35.472908Z", "fetched_at": "2025-07-13T14:39:32.293657+00:00", "symbol": "ADA-USD"}, {"trade_id": 143359747, "side": "buy", "size": "13.10417532", "price": "0.74800000", "time": "2025-07-13T14:36:35.472908Z", "fetched_at": "2025-07-13T14:39:32.293657+00:00", "symbol": "ADA-USD"}, {"trade_id": 143359746, "side": "buy", "size": "85.41788936", "price": "0.74800000", "time": "2025-07-13T14:36:35.472908Z", "fetched_at": "2025-07-13T14:39:32.293657+00:00", "symbol": "ADA-USD"}, {"trade_id": 143359745, "side": "buy", "size": "106.31332000", "price": "0.74810000", "time": "2025-07-13T14:36:35.472908Z", "fetched_at": "2025-07-13T14:39:32.293657+00:00", "symbol": "ADA-USD"}, {"trade_id": 143359744, "side": "buy", "size": "112.75834000", "price": "0.74810000", "time": "2025-07-13T14:36:35.472908Z", "fetched_at": "2025-07-13T14:39:32.293657+00:00", "symbol": "ADA-USD"}, {"trade_id": 143359743, "side": "sell", "size": "602.54165037", "price": "0.74830000", "time": "2025-07-13T14:36:35.000212Z", "fetched_at": "2025-07-13T14:39:32.293657+00:00", "symbol": "ADA-USD"}, {"trade_id": 143359742, "side": "sell", "size": "14.58211063", "price": "0.74830000", "time": "2025-07-13T14:36:35.000212Z", "fetched_at": "2025-07-13T14:39:32.293657+00:00", "symbol": "ADA-USD"}, {"trade_id": 143359741, "side": "sell", "size": "1.84390746", "price": "0.74800000", "time": "2025-07-13T14:36:34.752393Z", "fetched_at": "2025-07-13T14:39:32.293657+00:00", "symbol": "ADA-USD"}, {"trade_id": 143359740, "side": "buy", "size": "368.46390000", "price": "0.74800000", "time": "2025-07-13T14:36:34.477552Z", "fetched_at": "2025-07-13T14:39:32.293657+00:00", "symbol": "ADA-USD"}, {"trade_id": 143359739, "side": "buy", "size": "1.50000000", "price": "0.74800000", "time": "2025-07-13T14:36:34.477552Z", "fetched_at": "2025-07-13T14:39:32.293657+00:00", "symbol": "ADA-USD"}, {"trade_id": 143359738, "side": "buy", "size": "13.10067247", "price": "0.74820000", "time": "2025-07-13T14:36:30.812662Z", "fetched_at": "2025-07-13T14:39:32.293657+00:00", "symbol": "ADA-USD"}, {"trade_id": 143359737, "side": "buy", "size": "668.25337522", "price": "0.74820000", "time": "2025-07-13T14:36:30.812662Z", "fetched_at": "2025-07-13T14:39:32.293657+00:00", "symbol": "ADA-USD"}, {"trade_id": 143359736, "side": "buy", "size": "50.00000000", "price": "0.74820000", "time": "2025-07-13T14:36:30.812662Z", "fetched_at": "2025-07-13T14:39:32.293657+00:00", "symbol": "ADA-USD"}, {"trade_id": 143359735, "side": "buy", "size": "1.50000000", "price": "0.74820000", "time": "2025-07-13T14:36:30.812662Z", "fetched_at": "2025-07-13T14:39:32.293657+00:00", "symbol": "ADA-USD"}, {"trade_id": 143359734, "side": "sell", "size": "19.44281418", "price": "0.74830000", "time": "2025-07-13T14:36:30.605073Z", "fetched_at": "2025-07-13T14:39:32.293657+00:00", "symbol": "ADA-USD"}, {"trade_id": 143359733, "side": "sell", "size": "237.88497472", "price": "0.74840000", "time": "2025-07-13T14:36:30.565570Z", "fetched_at": "2025-07-13T14:39:32.293657+00:00", "symbol": "ADA-USD"}, {"trade_id": 143359732, "side": "sell", "size": "760.59523850", "price": "0.74840000", "time": "2025-07-13T14:36:30.565570Z", "fetched_at": "2025-07-13T14:39:32.293657+00:00", "symbol": "ADA-USD"}, {"trade_id": 143359731, "side": "sell", "size": "25.92375224", "price": "0.74840000", "time": "2025-07-13T14:36:30.565570Z", "fetched_at": "2025-07-13T14:39:32.293657+00:00", "symbol": "ADA-USD"}, {"trade_id": 143359730, "side": "sell", "size": "300.00000000", "price": "0.74840000", "time": "2025-07-13T14:36:30.565570Z", "fetched_at": "2025-07-13T14:39:32.293657+00:00", "symbol": "ADA-USD"}, {"trade_id": 143359729, "side": "sell", "size": "11.95843454", "price": "0.74830000", "time": "2025-07-13T14:36:30.565570Z", "fetched_at": "2025-07-13T14:39:32.293657+00:00", "symbol": "ADA-USD"}, {"trade_id": 143359728, "side": "sell", "size": "133.17757009", "price": "0.74850000", "time": "2025-07-13T14:36:30.064753Z", "fetched_at": "2025-07-13T14:39:32.293657+00:00", "symbol": "ADA-USD"}, {"trade_id": 143359727, "side": "buy", "size": "50.00000000", "price": "0.74830000", "time": "2025-07-13T14:36:30.060285Z", "fetched_at": "2025-07-13T14:39:32.293657+00:00", "symbol": "ADA-USD"}, {"trade_id": 143359726, "side": "buy", "size": "13.09892174", "price": "0.74830000", "time": "2025-07-13T14:36:30.060285Z", "fetched_at": "2025-07-13T14:39:32.293657+00:00", "symbol": "ADA-USD"}, {"trade_id": 143359725, "side": "buy", "size": "2.67272484", "price": "0.74830000", "time": "2025-07-13T14:36:30.060285Z", "fetched_at": "2025-07-13T14:39:32.293657+00:00", "symbol": "ADA-USD"}, {"trade_id": 143359724, "side": "buy", "size": "98.76833034", "price": "0.74830000", "time": "2025-07-13T14:36:30.060285Z", "fetched_at": "2025-07-13T14:39:32.293657+00:00", "symbol": "ADA-USD"}, {"trade_id": 143359723, "side": "buy", "size": "1.50000000", "price": "0.74840000", "time": "2025-07-13T14:36:30.060285Z", "fetched_at": "2025-07-13T14:39:32.293657+00:00", "symbol": "ADA-USD"}, {"trade_id": 143359722, "side": "buy", "size": "43.46837100", "price": "0.74860000", "time": "2025-07-13T14:36:28.286466Z", "fetched_at": "2025-07-13T14:39:32.293657+00:00", "symbol": "ADA-USD"}, {"trade_id": 143359721, "side": "sell", "size": "129.72687200", "price": "0.74880000", "time": "2025-07-13T14:36:27.756470Z", "fetched_at": "2025-07-13T14:39:32.293657+00:00", "symbol": "ADA-USD"}, {"trade_id": 143359720, "side": "buy", "size": "66.91875952", "price": "0.74870000", "time": "2025-07-13T14:36:26.568505Z", "fetched_at": "2025-07-13T14:39:32.293657+00:00", "symbol": "ADA-USD"}, {"trade_id": 143359719, "side": "sell", "size": "547.72878968", "price": "0.74870000", "time": "2025-07-13T14:36:26.556025Z", "fetched_at": "2025-07-13T14:39:32.293657+00:00", "symbol": "ADA-USD"}, {"trade_id": 143359718, "side": "sell", "size": "981.50000000", "price": "0.74870000", "time": "2025-07-13T14:36:26.556025Z", "fetched_at": "2025-07-13T14:39:32.293657+00:00", "symbol": "ADA-USD"}, {"trade_id": 143359717, "side": "sell", "size": "300.00000000", "price": "0.74870000", "time": "2025-07-13T14:36:26.556025Z", "fetched_at": "2025-07-13T14:39:32.293657+00:00", "symbol": "ADA-USD"}, {"trade_id": 143359716, "side": "sell", "size": "207.33624000", "price": "0.74860000", "time": "2025-07-13T14:36:26.219305Z", "fetched_at": "2025-07-13T14:39:32.293657+00:00", "symbol": "ADA-USD"}, {"trade_id": 143359715, "side": "sell", "size": "1.91704377", "price": "0.74860000", "time": "2025-07-13T14:36:25.204257Z", "fetched_at": "2025-07-13T14:39:32.293657+00:00", "symbol": "ADA-USD"}, {"trade_id": 143359714, "side": "sell", "size": "275.00859402", "price": "0.74860000", "time": "2025-07-13T14:36:25.204257Z", "fetched_at": "2025-07-13T14:39:32.293657+00:00", "symbol": "ADA-USD"}, {"trade_id": 143359713, "side": "buy", "size": "1.50000000", "price": "0.74850000", "time": "2025-07-13T14:36:24.582789Z", "fetched_at": "2025-07-13T14:39:32.293657+00:00", "symbol": "ADA-USD"}, {"trade_id": 143359712, "side": "buy", "size": "1.50000000", "price": "0.74860000", "time": "2025-07-13T14:36:24.369652Z", "fetched_at": "2025-07-13T14:39:32.293657+00:00", "symbol": "ADA-USD"}, {"trade_id": 143359711, "side": "buy", "size": "1.50000000", "price": "0.74870000", "time": "2025-07-13T14:36:23.946089Z", "fetched_at": "2025-07-13T14:39:32.293657+00:00", "symbol": "ADA-USD"}, {"trade_id": 143359710, "side": "sell", "size": "51.00306000", "price": "0.74890000", "time": "2025-07-13T14:36:22.711071Z", "fetched_at": "2025-07-13T14:39:32.293657+00:00", "symbol": "ADA-USD"}, {"trade_id": 143359709, "side": "sell", "size": "51.00306000", "price": "0.74890000", "time": "2025-07-13T14:36:22.704241Z", "fetched_at": "2025-07-13T14:39:32.293657+00:00", "symbol": "ADA-USD"}, {"trade_id": 143359708, "side": "sell", "size": "13.08759487", "price": "0.74880000", "time": "2025-07-13T14:36:22.679823Z", "fetched_at": "2025-07-13T14:39:32.293657+00:00", "symbol": "ADA-USD"}, {"trade_id": 143359707, "side": "buy", "size": "1.50000000", "price": "0.74880000", "time": "2025-07-13T14:36:22.573408Z", "fetched_at": "2025-07-13T14:39:32.293657+00:00", "symbol": "ADA-USD"}, {"trade_id": 143359706, "side": "buy", "size": "4772.82200544", "price": "0.74880000", "time": "2025-07-13T14:36:21.721936Z", "fetched_at": "2025-07-13T14:39:32.293657+00:00", "symbol": "ADA-USD"}, {"trade_id": 143359705, "side": "buy", "size": "952.17878901", "price": "0.74880000", "time": "2025-07-13T14:36:21.721936Z", "fetched_at": "2025-07-13T14:39:32.293657+00:00", "symbol": "ADA-USD"}, {"trade_id": 143359704, "side": "buy", "size": "568.86840790", "price": "0.74880000", "time": "2025-07-13T14:36:21.721936Z", "fetched_at": "2025-07-13T14:39:32.293657+00:00", "symbol": "ADA-USD"}, {"trade_id": 143359703, "side": "buy", "size": "310.50000000", "price": "0.74880000", "time": "2025-07-13T14:36:21.721936Z", "fetched_at": "2025-07-13T14:39:32.293657+00:00", "symbol": "ADA-USD"}, {"trade_id": 143359702, "side": "buy", "size": "667.62435070", "price": "0.74890000", "time": "2025-07-13T14:36:21.721936Z", "fetched_at": "2025-07-13T14:39:32.293657+00:00", "symbol": "ADA-USD"}, {"trade_id": 143359701, "side": "buy", "size": "506.91661816", "price": "0.74890000", "time": "2025-07-13T14:36:21.721936Z", "fetched_at": "2025-07-13T14:39:32.293657+00:00", "symbol": "ADA-USD"}, {"trade_id": 143359700, "side": "sell", "size": "1.50000000", "price": "0.74910000", "time": "2025-07-13T14:36:19.177536Z", "fetched_at": "2025-07-13T14:39:32.293657+00:00", "symbol": "ADA-USD"}, {"trade_id": 143359699, "side": "sell", "size": "1.50000000", "price": "0.74900000", "time": "2025-07-13T14:36:18.857233Z", "fetched_at": "2025-07-13T14:39:32.293657+00:00", "symbol": "ADA-USD"}, {"trade_id": 143359698, "side": "sell", "size": "50.00000000", "price": "0.74890000", "time": "2025-07-13T14:36:16.903669Z", "fetched_at": "2025-07-13T14:39:32.293657+00:00", "symbol": "ADA-USD"}, {"trade_id": 143359697, "side": "buy", "size": "667.64588062", "price": "0.74890000", "time": "2025-07-13T14:36:16.223482Z", "fetched_at": "2025-07-13T14:39:32.293657+00:00", "symbol": "ADA-USD"}, {"trade_id": 143359696, "side": "sell", "size": "1.50000000", "price": "0.74880000", "time": "2025-07-13T14:36:15.866706Z", "fetched_at": "2025-07-13T14:39:32.293657+00:00", "symbol": "ADA-USD"}, {"trade_id": 143359695, "side": "buy", "size": "70.86167000", "price": "0.74870000", "time": "2025-07-13T14:36:15.707547Z", "fetched_at": "2025-07-13T14:39:32.293657+00:00", "symbol": "ADA-USD"}, {"trade_id": 143359694, "side": "sell", "size": "1.50000000", "price": "0.74860000", "time": "2025-07-13T14:36:15.643642Z", "fetched_at": "2025-07-13T14:39:32.293657+00:00", "symbol": "ADA-USD"}, {"trade_id": 143359693, "side": "sell", "size": "6.68375200", "price": "0.74850000", "time": "2025-07-13T14:36:15.625319Z", "fetched_at": "2025-07-13T14:39:32.293657+00:00", "symbol": "ADA-USD"}, {"trade_id": 143359692, "side": "sell", "size": "1.50000000", "price": "0.74850000", "time": "2025-07-13T14:36:15.625319Z", "fetched_at": "2025-07-13T14:39:32.293657+00:00", "symbol": "ADA-USD"}, {"trade_id": 143359691, "side": "sell", "size": "5162.20000000", "price": "0.74840000", "time": "2025-07-13T14:36:14.564873Z", "fetched_at": "2025-07-13T14:39:32.293657+00:00", "symbol": "ADA-USD"}, {"trade_id": 143359690, "side": "sell", "size": "1.50000000", "price": "0.74840000", "time": "2025-07-13T14:36:14.564873Z", "fetched_at": "2025-07-13T14:39:32.293657+00:00", "symbol": "ADA-USD"}, {"trade_id": 143359689, "side": "sell", "size": "313.02852908", "price": "0.74840000", "time": "2025-07-13T14:36:14.564873Z", "fetched_at": "2025-07-13T14:39:32.293657+00:00", "symbol": "ADA-USD"}, {"trade_id": 143359688, "side": "sell", "size": "712.30821892", "price": "0.74840000", "time": "2025-07-13T14:36:14.564873Z", "fetched_at": "2025-07-13T14:39:32.293657+00:00", "symbol": "ADA-USD"}, {"trade_id": 143359687, "side": "sell", "size": "275.00859402", "price": "0.74840000", "time": "2025-07-13T14:36:14.564873Z", "fetched_at": "2025-07-13T14:39:32.293657+00:00", "symbol": "ADA-USD"}, {"trade_id": 143359686, "side": "sell", "size": "1.50000000", "price": "0.74830000", "time": "2025-07-13T14:36:14.564873Z", "fetched_at": "2025-07-13T14:39:32.293657+00:00", "symbol": "ADA-USD"}, {"trade_id": 143359685, "side": "buy", "size": "221.64506598", "price": "0.74820000", "time": "2025-07-13T14:36:14.114156Z", "fetched_at": "2025-07-13T14:39:32.293657+00:00", "symbol": "ADA-USD"}, {"trade_id": 143359684, "side": "buy", "size": "19.13744662", "price": "0.74820000", "time": "2025-07-13T14:36:13.174431Z", "fetched_at": "2025-07-13T14:39:32.293657+00:00", "symbol": "ADA-USD"}, {"trade_id": 143359683, "side": "sell", "size": "3.07316644", "price": "0.74810000", "time": "2025-07-13T14:36:10.967355Z", "fetched_at": "2025-07-13T14:39:32.293657+00:00", "symbol": "ADA-USD"}, {"trade_id": 143359682, "side": "sell", "size": "3.07316644", "price": "0.74810000", "time": "2025-07-13T14:36:10.695581Z", "fetched_at": "2025-07-13T14:39:32.293657+00:00", "symbol": "ADA-USD"}, {"trade_id": 143359681, "side": "sell", "size": "3.07316644", "price": "0.74800000", "time": "2025-07-13T14:36:10.489751Z", "fetched_at": "2025-07-13T14:39:32.293657+00:00", "symbol": "ADA-USD"}, {"trade_id": 143359680, "side": "sell", "size": "3.07316644", "price": "0.74800000", "time": "2025-07-13T14:36:10.338408Z", "fetched_at": "2025-07-13T14:39:32.293657+00:00", "symbol": "ADA-USD"}, {"trade_id": 143359679, "side": "sell", "size": "21.60939800", "price": "0.74800000", "time": "2025-07-13T14:36:10.262731Z", "fetched_at": "2025-07-13T14:39:32.293657+00:00", "symbol": "ADA-USD"}, {"trade_id": 143359678, "side": "sell", "size": "6.08324185", "price": "0.74790000", "time": "2025-07-13T14:36:10.252606Z", "fetched_at": "2025-07-13T14:39:32.293657+00:00", "symbol": "ADA-USD"}, {"trade_id": 143359677, "side": "buy", "size": "150.68114000", "price": "0.74800000", "time": "2025-07-13T14:36:08.542122Z", "fetched_at": "2025-07-13T14:39:32.293657+00:00", "symbol": "ADA-USD"}, {"trade_id": 143359676, "side": "sell", "size": "13.09447730", "price": "0.74800000", "time": "2025-07-13T14:36:08.218565Z", "fetched_at": "2025-07-13T14:39:32.293657+00:00", "symbol": "ADA-USD"}