[{"trade_id": 143346647, "side": "buy", "size": "1.71830600", "price": "0.73890000", "time": "2025-07-13T13:39:29.194869Z", "fetched_at": "2025-07-13T13:39:32.728705+00:00", "symbol": "ADA-USD"}, {"trade_id": 143346646, "side": "buy", "size": "1.50000000", "price": "0.73880000", "time": "2025-07-13T13:39:21.801315Z", "fetched_at": "2025-07-13T13:39:32.728705+00:00", "symbol": "ADA-USD"}, {"trade_id": 143346645, "side": "buy", "size": "4956.50000000", "price": "0.73880000", "time": "2025-07-13T13:39:21.801315Z", "fetched_at": "2025-07-13T13:39:32.728705+00:00", "symbol": "ADA-USD"}, {"trade_id": 143346644, "side": "sell", "size": "662.25761300", "price": "0.73910000", "time": "2025-07-13T13:39:14.669460Z", "fetched_at": "2025-07-13T13:39:32.728705+00:00", "symbol": "ADA-USD"}, {"trade_id": 143346643, "side": "sell", "size": "1.50000000", "price": "0.73910000", "time": "2025-07-13T13:39:14.669460Z", "fetched_at": "2025-07-13T13:39:32.728705+00:00", "symbol": "ADA-USD"}, {"trade_id": 143346642, "side": "sell", "size": "310.50000000", "price": "0.73910000", "time": "2025-07-13T13:39:14.669460Z", "fetched_at": "2025-07-13T13:39:32.728705+00:00", "symbol": "ADA-USD"}, {"trade_id": 143346641, "side": "sell", "size": "1.50000000", "price": "0.73900000", "time": "2025-07-13T13:39:14.669460Z", "fetched_at": "2025-07-13T13:39:32.728705+00:00", "symbol": "ADA-USD"}, {"trade_id": 143346640, "side": "buy", "size": "11.35662857", "price": "0.73880000", "time": "2025-07-13T13:39:06.670771Z", "fetched_at": "2025-07-13T13:39:32.728705+00:00", "symbol": "ADA-USD"}, {"trade_id": 143346639, "side": "buy", "size": "11.35509161", "price": "0.73890000", "time": "2025-07-13T13:39:06.309817Z", "fetched_at": "2025-07-13T13:39:32.728705+00:00", "symbol": "ADA-USD"}, {"trade_id": 143346638, "side": "buy", "size": "11.35509161", "price": "0.73890000", "time": "2025-07-13T13:39:06.298827Z", "fetched_at": "2025-07-13T13:39:32.728705+00:00", "symbol": "ADA-USD"}, {"trade_id": 143346637, "side": "buy", "size": "11.35509161", "price": "0.73890000", "time": "2025-07-13T13:39:06.261671Z", "fetched_at": "2025-07-13T13:39:32.728705+00:00", "symbol": "ADA-USD"}, {"trade_id": 143346636, "side": "buy", "size": "157.54425000", "price": "0.73890000", "time": "2025-07-13T13:39:05.958901Z", "fetched_at": "2025-07-13T13:39:32.728705+00:00", "symbol": "ADA-USD"}, {"trade_id": 143346635, "side": "sell", "size": "8.67615295", "price": "0.73890000", "time": "2025-07-13T13:39:05.948675Z", "fetched_at": "2025-07-13T13:39:32.728705+00:00", "symbol": "ADA-USD"}, {"trade_id": 143346634, "side": "sell", "size": "676.70928683", "price": "0.73890000", "time": "2025-07-13T13:39:05.948675Z", "fetched_at": "2025-07-13T13:39:32.728705+00:00", "symbol": "ADA-USD"}, {"trade_id": 143346633, "side": "sell", "size": "1.50000000", "price": "0.73890000", "time": "2025-07-13T13:39:05.948675Z", "fetched_at": "2025-07-13T13:39:32.728705+00:00", "symbol": "ADA-USD"}, {"trade_id": 143346632, "side": "sell", "size": "12.41027254", "price": "0.73880000", "time": "2025-07-13T13:39:05.948675Z", "fetched_at": "2025-07-13T13:39:32.728705+00:00", "symbol": "ADA-USD"}, {"trade_id": 143346631, "side": "sell", "size": "1.50000000", "price": "0.73880000", "time": "2025-07-13T13:39:05.948675Z", "fetched_at": "2025-07-13T13:39:32.728705+00:00", "symbol": "ADA-USD"}, {"trade_id": 143346630, "side": "sell", "size": "1.50000000", "price": "0.73870000", "time": "2025-07-13T13:39:05.905773Z", "fetched_at": "2025-07-13T13:39:32.728705+00:00", "symbol": "ADA-USD"}, {"trade_id": 143346629, "side": "buy", "size": "93.62650648", "price": "0.73850000", "time": "2025-07-13T13:39:04.837927Z", "fetched_at": "2025-07-13T13:39:32.728705+00:00", "symbol": "ADA-USD"}, {"trade_id": 143346628, "side": "buy", "size": "1292.99460702", "price": "0.73850000", "time": "2025-07-13T13:39:04.837927Z", "fetched_at": "2025-07-13T13:39:32.728705+00:00", "symbol": "ADA-USD"}, {"trade_id": 143346627, "side": "buy", "size": "772.70579450", "price": "0.73850000", "time": "2025-07-13T13:39:04.837927Z", "fetched_at": "2025-07-13T13:39:32.728705+00:00", "symbol": "ADA-USD"}, {"trade_id": 143346626, "side": "buy", "size": "157.54425000", "price": "0.73860000", "time": "2025-07-13T13:39:02.037636Z", "fetched_at": "2025-07-13T13:39:32.728705+00:00", "symbol": "ADA-USD"}, {"trade_id": 143346625, "side": "sell", "size": "12.41616783", "price": "0.73860000", "time": "2025-07-13T13:39:02.028634Z", "fetched_at": "2025-07-13T13:39:32.728705+00:00", "symbol": "ADA-USD"}, {"trade_id": 143346624, "side": "sell", "size": "3651.67665450", "price": "0.73860000", "time": "2025-07-13T13:39:02.027919Z", "fetched_at": "2025-07-13T13:39:32.728705+00:00", "symbol": "ADA-USD"}, {"trade_id": 143346623, "side": "sell", "size": "12.41449874", "price": "0.73840000", "time": "2025-07-13T13:39:01.904733Z", "fetched_at": "2025-07-13T13:39:32.728705+00:00", "symbol": "ADA-USD"}, {"trade_id": 143346622, "side": "buy", "size": "812.67777326", "price": "0.73830000", "time": "2025-07-13T13:39:00.692706Z", "fetched_at": "2025-07-13T13:39:32.728705+00:00", "symbol": "ADA-USD"}, {"trade_id": 143346621, "side": "buy", "size": "1.50000000", "price": "0.73830000", "time": "2025-07-13T13:39:00.692706Z", "fetched_at": "2025-07-13T13:39:32.728705+00:00", "symbol": "ADA-USD"}, {"trade_id": 143346620, "side": "buy", "size": "1.71802750", "price": "0.73840000", "time": "2025-07-13T13:38:57.007095Z", "fetched_at": "2025-07-13T13:39:32.728705+00:00", "symbol": "ADA-USD"}, {"trade_id": 143346619, "side": "buy", "size": "1.71802750", "price": "0.73840000", "time": "2025-07-13T13:38:56.976884Z", "fetched_at": "2025-07-13T13:39:32.728705+00:00", "symbol": "ADA-USD"}, {"trade_id": 143346618, "side": "buy", "size": "1.71802750", "price": "0.73840000", "time": "2025-07-13T13:38:56.957401Z", "fetched_at": "2025-07-13T13:39:32.728705+00:00", "symbol": "ADA-USD"}, {"trade_id": 143346617, "side": "buy", "size": "207.55191692", "price": "0.73830000", "time": "2025-07-13T13:38:56.742355Z", "fetched_at": "2025-07-13T13:39:32.728705+00:00", "symbol": "ADA-USD"}, {"trade_id": 143346616, "side": "buy", "size": "1.72364208", "price": "0.73840000", "time": "2025-07-13T13:38:56.742355Z", "fetched_at": "2025-07-13T13:39:32.728705+00:00", "symbol": "ADA-USD"}, {"trade_id": 143346615, "side": "buy", "size": "3.42530982", "price": "0.73840000", "time": "2025-07-13T13:38:55.736370Z", "fetched_at": "2025-07-13T13:39:32.728705+00:00", "symbol": "ADA-USD"}, {"trade_id": 143346614, "side": "buy", "size": "3.42412798", "price": "0.73840000", "time": "2025-07-13T13:38:55.722494Z", "fetched_at": "2025-07-13T13:39:32.728705+00:00", "symbol": "ADA-USD"}, {"trade_id": 143346613, "side": "buy", "size": "3.44313536", "price": "0.73840000", "time": "2025-07-13T13:38:55.710954Z", "fetched_at": "2025-07-13T13:39:32.728705+00:00", "symbol": "ADA-USD"}, {"trade_id": 143346612, "side": "sell", "size": "178.45385966", "price": "0.73860000", "time": "2025-07-13T13:38:55.029041Z", "fetched_at": "2025-07-13T13:39:32.728705+00:00", "symbol": "ADA-USD"}, {"trade_id": 143346611, "side": "sell", "size": "676.95640400", "price": "0.73860000", "time": "2025-07-13T13:38:55.029041Z", "fetched_at": "2025-07-13T13:39:32.728705+00:00", "symbol": "ADA-USD"}, {"trade_id": 143346610, "side": "sell", "size": "754.83929909", "price": "0.73860000", "time": "2025-07-13T13:38:55.029041Z", "fetched_at": "2025-07-13T13:39:32.728705+00:00", "symbol": "ADA-USD"}, {"trade_id": 143346609, "side": "sell", "size": "1765.28634000", "price": "0.73860000", "time": "2025-07-13T13:38:55.029041Z", "fetched_at": "2025-07-13T13:39:32.728705+00:00", "symbol": "ADA-USD"}, {"trade_id": 143346608, "side": "sell", "size": "629.55839290", "price": "0.73860000", "time": "2025-07-13T13:38:55.029041Z", "fetched_at": "2025-07-13T13:39:32.728705+00:00", "symbol": "ADA-USD"}, {"trade_id": 143346607, "side": "sell", "size": "1.50000000", "price": "0.73860000", "time": "2025-07-13T13:38:55.029041Z", "fetched_at": "2025-07-13T13:39:32.728705+00:00", "symbol": "ADA-USD"}, {"trade_id": 143346606, "side": "sell", "size": "12.41188035", "price": "0.73850000", "time": "2025-07-13T13:38:55.029041Z", "fetched_at": "2025-07-13T13:39:32.728705+00:00", "symbol": "ADA-USD"}, {"trade_id": 143346605, "side": "buy", "size": "12.41293775", "price": "0.73850000", "time": "2025-07-13T13:38:54.527349Z", "fetched_at": "2025-07-13T13:39:32.728705+00:00", "symbol": "ADA-USD"}, {"trade_id": 143346604, "side": "buy", "size": "12.41293775", "price": "0.73850000", "time": "2025-07-13T13:38:54.511804Z", "fetched_at": "2025-07-13T13:39:32.728705+00:00", "symbol": "ADA-USD"}, {"trade_id": 143346603, "side": "buy", "size": "12.41293775", "price": "0.73850000", "time": "2025-07-13T13:38:54.499239Z", "fetched_at": "2025-07-13T13:39:32.728705+00:00", "symbol": "ADA-USD"}, {"trade_id": 143346602, "side": "buy", "size": "191.77769100", "price": "0.73840000", "time": "2025-07-13T13:38:52.937692Z", "fetched_at": "2025-07-13T13:39:32.728705+00:00", "symbol": "ADA-USD"}, {"trade_id": 143346601, "side": "sell", "size": "11.45957893", "price": "0.73840000", "time": "2025-07-13T13:38:51.906103Z", "fetched_at": "2025-07-13T13:39:32.728705+00:00", "symbol": "ADA-USD"}, {"trade_id": 143346600, "side": "buy", "size": "105.02950000", "price": "0.73840000", "time": "2025-07-13T13:38:49.243573Z", "fetched_at": "2025-07-13T13:39:32.728705+00:00", "symbol": "ADA-USD"}, {"trade_id": 143346599, "side": "sell", "size": "12.41459841", "price": "0.73830000", "time": "2025-07-13T13:38:49.233134Z", "fetched_at": "2025-07-13T13:39:32.728705+00:00", "symbol": "ADA-USD"}, {"trade_id": 143346598, "side": "sell", "size": "498.12213954", "price": "0.73850000", "time": "2025-07-13T13:38:48.944249Z", "fetched_at": "2025-07-13T13:39:32.728705+00:00", "symbol": "ADA-USD"}, {"trade_id": 143346597, "side": "sell", "size": "677.07388250", "price": "0.73850000", "time": "2025-07-13T13:38:48.944249Z", "fetched_at": "2025-07-13T13:39:32.728705+00:00", "symbol": "ADA-USD"}, {"trade_id": 143346596, "side": "sell", "size": "410.31084413", "price": "0.73850000", "time": "2025-07-13T13:38:48.944249Z", "fetched_at": "2025-07-13T13:39:32.728705+00:00", "symbol": "ADA-USD"}, {"trade_id": 143346595, "side": "sell", "size": "804.63008546", "price": "0.73840000", "time": "2025-07-13T13:38:48.944249Z", "fetched_at": "2025-07-13T13:39:32.728705+00:00", "symbol": "ADA-USD"}, {"trade_id": 143346594, "side": "sell", "size": "641.70616672", "price": "0.73840000", "time": "2025-07-13T13:38:48.944249Z", "fetched_at": "2025-07-13T13:39:32.728705+00:00", "symbol": "ADA-USD"}, {"trade_id": 143346593, "side": "sell", "size": "904.03610624", "price": "0.73830000", "time": "2025-07-13T13:38:48.944249Z", "fetched_at": "2025-07-13T13:39:32.728705+00:00", "symbol": "ADA-USD"}, {"trade_id": 143346592, "side": "sell", "size": "12.41459841", "price": "0.73830000", "time": "2025-07-13T13:38:48.944249Z", "fetched_at": "2025-07-13T13:39:32.728705+00:00", "symbol": "ADA-USD"}, {"trade_id": 143346591, "side": "buy", "size": "117.80046300", "price": "0.73820000", "time": "2025-07-13T13:38:46.395250Z", "fetched_at": "2025-07-13T13:39:32.728705+00:00", "symbol": "ADA-USD"}, {"trade_id": 143346590, "side": "buy", "size": "1.50000000", "price": "0.73820000", "time": "2025-07-13T13:38:46.395250Z", "fetched_at": "2025-07-13T13:39:32.728705+00:00", "symbol": "ADA-USD"}, {"trade_id": 143346589, "side": "buy", "size": "2.78941166", "price": "0.73830000", "time": "2025-07-13T13:38:45.563046Z", "fetched_at": "2025-07-13T13:39:32.728705+00:00", "symbol": "ADA-USD"}, {"trade_id": 143346588, "side": "buy", "size": "2.78941166", "price": "0.73830000", "time": "2025-07-13T13:38:45.552560Z", "fetched_at": "2025-07-13T13:39:32.728705+00:00", "symbol": "ADA-USD"}, {"trade_id": 143346587, "side": "buy", "size": "2.78941166", "price": "0.73830000", "time": "2025-07-13T13:38:45.541142Z", "fetched_at": "2025-07-13T13:39:32.728705+00:00", "symbol": "ADA-USD"}, {"trade_id": 143346586, "side": "buy", "size": "3.89307554", "price": "0.73830000", "time": "2025-07-13T13:38:45.491595Z", "fetched_at": "2025-07-13T13:39:32.728705+00:00", "symbol": "ADA-USD"}, {"trade_id": 143346585, "side": "buy", "size": "3.89307554", "price": "0.73830000", "time": "2025-07-13T13:38:45.480053Z", "fetched_at": "2025-07-13T13:39:32.728705+00:00", "symbol": "ADA-USD"}, {"trade_id": 143346584, "side": "sell", "size": "12.41535615", "price": "0.73830000", "time": "2025-07-13T13:38:43.440839Z", "fetched_at": "2025-07-13T13:39:32.728705+00:00", "symbol": "ADA-USD"}, {"trade_id": 143346583, "side": "sell", "size": "6.58212600", "price": "0.73830000", "time": "2025-07-13T13:38:43.220993Z", "fetched_at": "2025-07-13T13:39:32.728705+00:00", "symbol": "ADA-USD"}, {"trade_id": 143346582, "side": "buy", "size": "44.17456500", "price": "0.73820000", "time": "2025-07-13T13:38:41.107529Z", "fetched_at": "2025-07-13T13:39:32.728705+00:00", "symbol": "ADA-USD"}, {"trade_id": 143346581, "side": "buy", "size": "50.00000000", "price": "0.73820000", "time": "2025-07-13T13:38:41.107529Z", "fetched_at": "2025-07-13T13:39:32.728705+00:00", "symbol": "ADA-USD"}, {"trade_id": 143346580, "side": "buy", "size": "310.50000000", "price": "0.73820000", "time": "2025-07-13T13:38:41.107529Z", "fetched_at": "2025-07-13T13:39:32.728705+00:00", "symbol": "ADA-USD"}, {"trade_id": 143346579, "side": "buy", "size": "1.50000000", "price": "0.73820000", "time": "2025-07-13T13:38:41.107529Z", "fetched_at": "2025-07-13T13:39:32.728705+00:00", "symbol": "ADA-USD"}, {"trade_id": 143346578, "side": "buy", "size": "1.77978311", "price": "0.73830000", "time": "2025-07-13T13:38:40.586016Z", "fetched_at": "2025-07-13T13:39:32.728705+00:00", "symbol": "ADA-USD"}, {"trade_id": 143346577, "side": "buy", "size": "1.77978311", "price": "0.73830000", "time": "2025-07-13T13:38:40.562483Z", "fetched_at": "2025-07-13T13:39:32.728705+00:00", "symbol": "ADA-USD"}, {"trade_id": 143346576, "side": "buy", "size": "1.77978311", "price": "0.73830000", "time": "2025-07-13T13:38:40.550354Z", "fetched_at": "2025-07-13T13:39:32.728705+00:00", "symbol": "ADA-USD"}, {"trade_id": 143346575, "side": "buy", "size": "1.77823754", "price": "0.73830000", "time": "2025-07-13T13:38:40.528196Z", "fetched_at": "2025-07-13T13:39:32.728705+00:00", "symbol": "ADA-USD"}, {"trade_id": 143346574, "side": "buy", "size": "1.77823754", "price": "0.73830000", "time": "2025-07-13T13:38:40.516630Z", "fetched_at": "2025-07-13T13:39:32.728705+00:00", "symbol": "ADA-USD"}, {"trade_id": 143346573, "side": "buy", "size": "1.50000000", "price": "0.73830000", "time": "2025-07-13T13:38:40.516630Z", "fetched_at": "2025-07-13T13:39:32.728705+00:00", "symbol": "ADA-USD"}, {"trade_id": 143346572, "side": "buy", "size": "3.24701042", "price": "0.73840000", "time": "2025-07-13T13:38:36.225652Z", "fetched_at": "2025-07-13T13:39:32.728705+00:00", "symbol": "ADA-USD"}, {"trade_id": 143346571, "side": "sell", "size": "2.90680000", "price": "0.73850000", "time": "2025-07-13T13:38:36.156390Z", "fetched_at": "2025-07-13T13:39:32.728705+00:00", "symbol": "ADA-USD"}, {"trade_id": 143346570, "side": "buy", "size": "4.70988383", "price": "0.73840000", "time": "2025-07-13T13:38:35.427703Z", "fetched_at": "2025-07-13T13:39:32.728705+00:00", "symbol": "ADA-USD"}, {"trade_id": 143346569, "side": "buy", "size": "305.83792370", "price": "0.73840000", "time": "2025-07-13T13:38:35.427703Z", "fetched_at": "2025-07-13T13:39:32.728705+00:00", "symbol": "ADA-USD"}, {"trade_id": 143346568, "side": "buy", "size": "12.41293775", "price": "0.73850000", "time": "2025-07-13T13:38:35.328379Z", "fetched_at": "2025-07-13T13:39:32.728705+00:00", "symbol": "ADA-USD"}, {"trade_id": 143346567, "side": "buy", "size": "12.41293775", "price": "0.73850000", "time": "2025-07-13T13:38:35.289432Z", "fetched_at": "2025-07-13T13:39:32.728705+00:00", "symbol": "ADA-USD"}, {"trade_id": 143346566, "side": "sell", "size": "10.58032406", "price": "0.73850000", "time": "2025-07-13T13:38:29.223971Z", "fetched_at": "2025-07-13T13:39:32.728705+00:00", "symbol": "ADA-USD"}, {"trade_id": 143346565, "side": "sell", "size": "1.49011100", "price": "0.73850000", "time": "2025-07-13T13:38:28.248641Z", "fetched_at": "2025-07-13T13:39:32.728705+00:00", "symbol": "ADA-USD"}, {"trade_id": 143346564, "side": "sell", "size": "62.74739200", "price": "0.73850000", "time": "2025-07-13T13:38:28.037417Z", "fetched_at": "2025-07-13T13:39:32.728705+00:00", "symbol": "ADA-USD"}, {"trade_id": 143346563, "side": "sell", "size": "1.50000000", "price": "0.73850000", "time": "2025-07-13T13:38:28.037417Z", "fetched_at": "2025-07-13T13:39:32.728705+00:00", "symbol": "ADA-USD"}, {"trade_id": 143346562, "side": "buy", "size": "12.41461881", "price": "0.73840000", "time": "2025-07-13T13:38:25.247061Z", "fetched_at": "2025-07-13T13:39:32.728705+00:00", "symbol": "ADA-USD"}, {"trade_id": 143346561, "side": "buy", "size": "562.24432128", "price": "0.73840000", "time": "2025-07-13T13:38:25.247061Z", "fetched_at": "2025-07-13T13:39:32.728705+00:00", "symbol": "ADA-USD"}, {"trade_id": 143346560, "side": "buy", "size": "53.64285440", "price": "0.73840000", "time": "2025-07-13T13:38:25.178240Z", "fetched_at": "2025-07-13T13:39:32.728705+00:00", "symbol": "ADA-USD"}, {"trade_id": 143346559, "side": "sell", "size": "427.30171105", "price": "0.73840000", "time": "2025-07-13T13:38:25.171398Z", "fetched_at": "2025-07-13T13:39:32.728705+00:00", "symbol": "ADA-USD"}, {"trade_id": 143346558, "side": "sell", "size": "1968.76963303", "price": "0.73840000", "time": "2025-07-13T13:38:25.171138Z", "fetched_at": "2025-07-13T13:39:32.728705+00:00", "symbol": "ADA-USD"}, {"trade_id": 143346557, "side": "sell", "size": "3603.92865592", "price": "0.73840000", "time": "2025-07-13T13:38:25.170501Z", "fetched_at": "2025-07-13T13:39:32.728705+00:00", "symbol": "ADA-USD"}, {"trade_id": 143346556, "side": "sell", "size": "500.00000000", "price": "0.73840000", "time": "2025-07-13T13:38:25.170501Z", "fetched_at": "2025-07-13T13:39:32.728705+00:00", "symbol": "ADA-USD"}, {"trade_id": 143346555, "side": "sell", "size": "8.07766488", "price": "0.73830000", "time": "2025-07-13T13:38:25.170501Z", "fetched_at": "2025-07-13T13:39:32.728705+00:00", "symbol": "ADA-USD"}, {"trade_id": 143346554, "side": "buy", "size": "20.52459300", "price": "0.73820000", "time": "2025-07-13T13:38:22.192679Z", "fetched_at": "2025-07-13T13:39:32.728705+00:00", "symbol": "ADA-USD"}, {"trade_id": 143346553, "side": "buy", "size": "1.71243457", "price": "0.73830000", "time": "2025-07-13T13:38:22.179380Z", "fetched_at": "2025-07-13T13:39:32.728705+00:00", "symbol": "ADA-USD"}, {"trade_id": 143346552, "side": "buy", "size": "2.28324609", "price": "0.73830000", "time": "2025-07-13T13:38:22.164625Z", "fetched_at": "2025-07-13T13:39:32.728705+00:00", "symbol": "ADA-USD"}, {"trade_id": 143346551, "side": "sell", "size": "99.05782218", "price": "0.73840000", "time": "2025-07-13T13:38:21.830571Z", "fetched_at": "2025-07-13T13:39:32.728705+00:00", "symbol": "ADA-USD"}, {"trade_id": 143346550, "side": "sell", "size": "800.00000000", "price": "0.73840000", "time": "2025-07-13T13:38:21.830571Z", "fetched_at": "2025-07-13T13:39:32.728705+00:00", "symbol": "ADA-USD"}, {"trade_id": 143346549, "side": "sell", "size": "742.26842307", "price": "0.73840000", "time": "2025-07-13T13:38:21.830571Z", "fetched_at": "2025-07-13T13:39:32.728705+00:00", "symbol": "ADA-USD"}, {"trade_id": 143346548, "side": "sell", "size": "677.15694905", "price": "0.73840000", "time": "2025-07-13T13:38:21.830571Z", "fetched_at": "2025-07-13T13:39:32.728705+00:00", "symbol": "ADA-USD"}, {"trade_id": 143346547, "side": "sell", "size": "1.50000000", "price": "0.73840000", "time": "2025-07-13T13:38:21.830571Z", "fetched_at": "2025-07-13T13:39:32.728705+00:00", "symbol": "ADA-USD"}, {"trade_id": 143346546, "side": "sell", "size": "12.41881258", "price": "0.73830000", "time": "2025-07-13T13:38:21.830571Z", "fetched_at": "2025-07-13T13:39:32.728705+00:00", "symbol": "ADA-USD"}, {"trade_id": 143346545, "side": "buy", "size": "3.04432812", "price": "0.73820000", "time": "2025-07-13T13:38:18.611278Z", "fetched_at": "2025-07-13T13:39:32.728705+00:00", "symbol": "ADA-USD"}, {"trade_id": 143346544, "side": "buy", "size": "4.05910416", "price": "0.73820000", "time": "2025-07-13T13:38:18.589483Z", "fetched_at": "2025-07-13T13:39:32.728705+00:00", "symbol": "ADA-USD"}, {"trade_id": 143346543, "side": "buy", "size": "3.39831976", "price": "0.73820000", "time": "2025-07-13T13:38:18.578367Z", "fetched_at": "2025-07-13T13:39:32.728705+00:00", "symbol": "ADA-USD"}, {"trade_id": 143346542, "side": "buy", "size": "12.41798229", "price": "0.73820000", "time": "2025-07-13T13:38:18.549229Z", "fetched_at": "2025-07-13T13:39:32.728705+00:00", "symbol": "ADA-USD"}, {"trade_id": 143346541, "side": "buy", "size": "4.53109302", "price": "0.73820000", "time": "2025-07-13T13:38:18.549229Z", "fetched_at": "2025-07-13T13:39:32.728705+00:00", "symbol": "ADA-USD"}, {"trade_id": 143346540, "side": "sell", "size": "12.42043735", "price": "0.73810000", "time": "2025-07-13T13:38:16.848478Z", "fetched_at": "2025-07-13T13:39:32.728705+00:00", "symbol": "ADA-USD"}, {"trade_id": 143346539, "side": "sell", "size": "7.27537117", "price": "0.73830000", "time": "2025-07-13T13:38:10.638416Z", "fetched_at": "2025-07-13T13:39:32.728705+00:00", "symbol": "ADA-USD"}, {"trade_id": 143346538, "side": "sell", "size": "12.42047340", "price": "0.73820000", "time": "2025-07-13T13:38:10.638416Z", "fetched_at": "2025-07-13T13:39:32.728705+00:00", "symbol": "ADA-USD"}, {"trade_id": 143346537, "side": "buy", "size": "678.10011632", "price": "0.73790000", "time": "2025-07-13T13:38:08.616053Z", "fetched_at": "2025-07-13T13:39:32.728705+00:00", "symbol": "ADA-USD"}, {"trade_id": 143346536, "side": "buy", "size": "1.50000000", "price": "0.73790000", "time": "2025-07-13T13:38:08.616053Z", "fetched_at": "2025-07-13T13:39:32.728705+00:00", "symbol": "ADA-USD"}, {"trade_id": 143346535, "side": "buy", "size": "2.98901768", "price": "0.73800000", "time": "2025-07-13T13:38:08.616053Z", "fetched_at": "2025-07-13T13:39:32.728705+00:00", "symbol": "ADA-USD"}, {"trade_id": 143346534, "side": "buy", "size": "0.10000000", "price": "0.73800000", "time": "2025-07-13T13:38:08.616053Z", "fetched_at": "2025-07-13T13:39:32.728705+00:00", "symbol": "ADA-USD"}, {"trade_id": 143346533, "side": "buy", "size": "1.50000000", "price": "0.73800000", "time": "2025-07-13T13:38:08.616053Z", "fetched_at": "2025-07-13T13:39:32.728705+00:00", "symbol": "ADA-USD"}, {"trade_id": 143346532, "side": "buy", "size": "12.41966472", "price": "0.73810000", "time": "2025-07-13T13:38:04.490037Z", "fetched_at": "2025-07-13T13:39:32.728705+00:00", "symbol": "ADA-USD"}, {"trade_id": 143346531, "side": "buy", "size": "12.41966472", "price": "0.73810000", "time": "2025-07-13T13:38:03.778002Z", "fetched_at": "2025-07-13T13:39:32.728705+00:00", "symbol": "ADA-USD"}, {"trade_id": 143346530, "side": "buy", "size": "8.05527648", "price": "0.73810000", "time": "2025-07-13T13:38:03.776401Z", "fetched_at": "2025-07-13T13:39:32.728705+00:00", "symbol": "ADA-USD"}, {"trade_id": 143346529, "side": "buy", "size": "50.00000000", "price": "0.73810000", "time": "2025-07-13T13:38:03.763743Z", "fetched_at": "2025-07-13T13:39:32.728705+00:00", "symbol": "ADA-USD"}, {"trade_id": 143346528, "side": "buy", "size": "539.44177102", "price": "0.73810000", "time": "2025-07-13T13:38:03.759142Z", "fetched_at": "2025-07-13T13:39:32.728705+00:00", "symbol": "ADA-USD"}, {"trade_id": 143346527, "side": "buy", "size": "1761.29535000", "price": "0.73810000", "time": "2025-07-13T13:38:03.759142Z", "fetched_at": "2025-07-13T13:39:32.728705+00:00", "symbol": "ADA-USD"}, {"trade_id": 143346526, "side": "buy", "size": "4211.74127449", "price": "0.73810000", "time": "2025-07-13T13:38:03.759142Z", "fetched_at": "2025-07-13T13:39:32.728705+00:00", "symbol": "ADA-USD"}, {"trade_id": 143346525, "side": "buy", "size": "772.70579450", "price": "0.73810000", "time": "2025-07-13T13:38:03.759142Z", "fetched_at": "2025-07-13T13:39:32.728705+00:00", "symbol": "ADA-USD"}, {"trade_id": 143346524, "side": "buy", "size": "12.41798229", "price": "0.73820000", "time": "2025-07-13T13:38:03.759142Z", "fetched_at": "2025-07-13T13:39:32.728705+00:00", "symbol": "ADA-USD"}, {"trade_id": 143346523, "side": "buy", "size": "10.74036864", "price": "0.73820000", "time": "2025-07-13T13:38:03.759142Z", "fetched_at": "2025-07-13T13:39:32.728705+00:00", "symbol": "ADA-USD"}, {"trade_id": 143346522, "side": "sell", "size": "2.47783843", "price": "0.73830000", "time": "2025-07-13T13:37:59.870797Z", "fetched_at": "2025-07-13T13:39:32.728705+00:00", "symbol": "ADA-USD"}, {"trade_id": 143346521, "side": "sell", "size": "1.50000000", "price": "0.73830000", "time": "2025-07-13T13:37:59.870797Z", "fetched_at": "2025-07-13T13:39:32.728705+00:00", "symbol": "ADA-USD"}, {"trade_id": 143346520, "side": "sell", "size": "4.67378556", "price": "0.73820000", "time": "2025-07-13T13:37:58.219709Z", "fetched_at": "2025-07-13T13:39:32.728705+00:00", "symbol": "ADA-USD"}, {"trade_id": 143346519, "side": "sell", "size": "1.50000000", "price": "0.73820000", "time": "2025-07-13T13:37:58.219709Z", "fetched_at": "2025-07-13T13:39:32.728705+00:00", "symbol": "ADA-USD"}, {"trade_id": 143346518, "side": "sell", "size": "788.77404503", "price": "0.73820000", "time": "2025-07-13T13:37:58.219709Z", "fetched_at": "2025-07-13T13:39:32.728705+00:00", "symbol": "ADA-USD"}, {"trade_id": 143346517, "side": "sell", "size": "3316.00056497", "price": "0.73820000", "time": "2025-07-13T13:37:58.219632Z", "fetched_at": "2025-07-13T13:39:32.728705+00:00", "symbol": "ADA-USD"}, {"trade_id": 143346516, "side": "sell", "size": "833.62539000", "price": "0.73820000", "time": "2025-07-13T13:37:58.217026Z", "fetched_at": "2025-07-13T13:39:32.728705+00:00", "symbol": "ADA-USD"}, {"trade_id": 143346515, "side": "sell", "size": "0.18596897", "price": "0.73800000", "time": "2025-07-13T13:37:56.482546Z", "fetched_at": "2025-07-13T13:39:32.728705+00:00", "symbol": "ADA-USD"}, {"trade_id": 143346514, "side": "sell", "size": "457.25246486", "price": "0.73800000", "time": "2025-07-13T13:37:56.466693Z", "fetched_at": "2025-07-13T13:39:32.728705+00:00", "symbol": "ADA-USD"}, {"trade_id": 143346513, "side": "sell", "size": "72.03461001", "price": "0.73800000", "time": "2025-07-13T13:37:56.371581Z", "fetched_at": "2025-07-13T13:39:32.728705+00:00", "symbol": "ADA-USD"}, {"trade_id": 143346512, "side": "sell", "size": "47.68035543", "price": "0.73800000", "time": "2025-07-13T13:37:56.371581Z", "fetched_at": "2025-07-13T13:39:32.728705+00:00", "symbol": "ADA-USD"}, {"trade_id": 143346511, "side": "sell", "size": "8.81231056", "price": "0.73800000", "time": "2025-07-13T13:37:56.371581Z", "fetched_at": "2025-07-13T13:39:32.728705+00:00", "symbol": "ADA-USD"}, {"trade_id": 143346510, "side": "buy", "size": "1.50000000", "price": "0.73800000", "time": "2025-07-13T13:37:54.672343Z", "fetched_at": "2025-07-13T13:39:32.728705+00:00", "symbol": "ADA-USD"}, {"trade_id": 143346509, "side": "buy", "size": "1.50000000", "price": "0.73810000", "time": "2025-07-13T13:37:53.183731Z", "fetched_at": "2025-07-13T13:39:32.728705+00:00", "symbol": "ADA-USD"}, {"trade_id": 143346508, "side": "buy", "size": "1151.40045119", "price": "0.73810000", "time": "2025-07-13T13:37:48.543Z", "fetched_at": "2025-07-13T13:39:32.728705+00:00", "symbol": "ADA-USD"}, {"trade_id": 143346507, "side": "buy", "size": "51.00306000", "price": "0.73820000", "time": "2025-07-13T13:37:48.543Z", "fetched_at": "2025-07-13T13:39:32.728705+00:00", "symbol": "ADA-USD"}, {"trade_id": 143346506, "side": "buy", "size": "12.41798229", "price": "0.73820000", "time": "2025-07-13T13:37:48.543Z", "fetched_at": "2025-07-13T13:39:32.728705+00:00", "symbol": "ADA-USD"}, {"trade_id": 143346505, "side": "buy", "size": "14.32049152", "price": "0.73820000", "time": "2025-07-13T13:37:48.543Z", "fetched_at": "2025-07-13T13:39:32.728705+00:00", "symbol": "ADA-USD"}, {"trade_id": 143346504, "side": "sell", "size": "310.50000000", "price": "0.73820000", "time": "2025-07-13T13:37:46.473429Z", "fetched_at": "2025-07-13T13:39:32.728705+00:00", "symbol": "ADA-USD"}, {"trade_id": 143346503, "side": "sell", "size": "5.63515508", "price": "0.73820000", "time": "2025-07-13T13:37:46.473429Z", "fetched_at": "2025-07-13T13:39:32.728705+00:00", "symbol": "ADA-USD"}, {"trade_id": 143346502, "side": "sell", "size": "0.10000000", "price": "0.73830000", "time": "2025-07-13T13:37:45.023725Z", "fetched_at": "2025-07-13T13:39:32.728705+00:00", "symbol": "ADA-USD"}, {"trade_id": 143346501, "side": "sell", "size": "355.22066883", "price": "0.73830000", "time": "2025-07-13T13:37:44.109143Z", "fetched_at": "2025-07-13T13:39:32.728705+00:00", "symbol": "ADA-USD"}, {"trade_id": 143346500, "side": "sell", "size": "310.50000000", "price": "0.73830000", "time": "2025-07-13T13:37:44.109143Z", "fetched_at": "2025-07-13T13:39:32.728705+00:00", "symbol": "ADA-USD"}, {"trade_id": 143346499, "side": "sell", "size": "11.69433117", "price": "0.73820000", "time": "2025-07-13T13:37:44.109143Z", "fetched_at": "2025-07-13T13:39:32.728705+00:00", "symbol": "ADA-USD"}, {"trade_id": 143346498, "side": "buy", "size": "46.15980153", "price": "0.73830000", "time": "2025-07-13T13:37:43.879413Z", "fetched_at": "2025-07-13T13:39:32.728705+00:00", "symbol": "ADA-USD"}, {"trade_id": 143346497, "side": "sell", "size": "4662.49711274", "price": "0.73820000", "time": "2025-07-13T13:37:43.648215Z", "fetched_at": "2025-07-13T13:39:32.728705+00:00", "symbol": "ADA-USD"}, {"trade_id": 143346496, "side": "sell", "size": "12.42378019", "price": "0.73810000", "time": "2025-07-13T13:37:43.648215Z", "fetched_at": "2025-07-13T13:39:32.728705+00:00", "symbol": "ADA-USD"}, {"trade_id": 143346495, "side": "sell", "size": "1.50000000", "price": "0.73810000", "time": "2025-07-13T13:37:43.648215Z", "fetched_at": "2025-07-13T13:39:32.728705+00:00", "symbol": "ADA-USD"}, {"trade_id": 143346494, "side": "buy", "size": "157.54425000", "price": "0.73800000", "time": "2025-07-13T13:37:43.185133Z", "fetched_at": "2025-07-13T13:39:32.728705+00:00", "symbol": "ADA-USD"}, {"trade_id": 143346493, "side": "sell", "size": "677.53640255", "price": "0.73800000", "time": "2025-07-13T13:37:43.180449Z", "fetched_at": "2025-07-13T13:39:32.728705+00:00", "symbol": "ADA-USD"}, {"trade_id": 143346492, "side": "sell", "size": "12.42458796", "price": "0.73790000", "time": "2025-07-13T13:37:43.180449Z", "fetched_at": "2025-07-13T13:39:32.728705+00:00", "symbol": "ADA-USD"}, {"trade_id": 143346491, "side": "buy", "size": "69.36167000", "price": "0.73770000", "time": "2025-07-13T13:37:41.089242Z", "fetched_at": "2025-07-13T13:39:32.728705+00:00", "symbol": "ADA-USD"}, {"trade_id": 143346490, "side": "buy", "size": "1.50000000", "price": "0.73770000", "time": "2025-07-13T13:37:41.089242Z", "fetched_at": "2025-07-13T13:39:32.728705+00:00", "symbol": "ADA-USD"}, {"trade_id": 143346489, "side": "buy", "size": "19.09398869", "price": "0.73780000", "time": "2025-07-13T13:37:41.089052Z", "fetched_at": "2025-07-13T13:39:32.728705+00:00", "symbol": "ADA-USD"}, {"trade_id": 143346488, "side": "buy", "size": "25.45865158", "price": "0.73780000", "time": "2025-07-13T13:37:40.246182Z", "fetched_at": "2025-07-13T13:39:32.728705+00:00", "symbol": "ADA-USD"}, {"trade_id": 143346487, "side": "buy", "size": "1.50000000", "price": "0.73780000", "time": "2025-07-13T13:37:40.027379Z", "fetched_at": "2025-07-13T13:39:32.728705+00:00", "symbol": "ADA-USD"}, {"trade_id": 143346486, "side": "buy", "size": "1.50000000", "price": "0.73790000", "time": "2025-07-13T13:37:38.283710Z", "fetched_at": "2025-07-13T13:39:32.728705+00:00", "symbol": "ADA-USD"}, {"trade_id": 143346485, "side": "buy", "size": "1.50000000", "price": "0.73800000", "time": "2025-07-13T13:37:38.010919Z", "fetched_at": "2025-07-13T13:39:32.728705+00:00", "symbol": "ADA-USD"}, {"trade_id": 143346484, "side": "buy", "size": "1.50000000", "price": "0.73810000", "time": "2025-07-13T13:37:37.908939Z", "fetched_at": "2025-07-13T13:39:32.728705+00:00", "symbol": "ADA-USD"}, {"trade_id": 143346483, "side": "buy", "size": "47.68035543", "price": "0.73820000", "time": "2025-07-13T13:37:37.414582Z", "fetched_at": "2025-07-13T13:39:32.728705+00:00", "symbol": "ADA-USD"}, {"trade_id": 143346482, "side": "buy", "size": "1.50000000", "price": "0.73820000", "time": "2025-07-13T13:37:37.414582Z", "fetched_at": "2025-07-13T13:39:32.728705+00:00", "symbol": "ADA-USD"}, {"trade_id": 143346481, "side": "buy", "size": "1.50000000", "price": "0.73830000", "time": "2025-07-13T13:37:37.403462Z", "fetched_at": "2025-07-13T13:39:32.728705+00:00", "symbol": "ADA-USD"}, {"trade_id": 143346480, "side": "buy", "size": "1.50000000", "price": "0.73840000", "time": "2025-07-13T13:37:37.081415Z", "fetched_at": "2025-07-13T13:39:32.728705+00:00", "symbol": "ADA-USD"}, {"trade_id": 143346479, "side": "buy", "size": "1.50000000", "price": "0.73850000", "time": "2025-07-13T13:37:36.347990Z", "fetched_at": "2025-07-13T13:39:32.728705+00:00", "symbol": "ADA-USD"}, {"trade_id": 143346478, "side": "sell", "size": "12.82862200", "price": "0.73880000", "time": "2025-07-13T13:37:35.702415Z", "fetched_at": "2025-07-13T13:39:32.728705+00:00", "symbol": "ADA-USD"}, {"trade_id": 143346477, "side": "buy", "size": "21.98936603", "price": "0.73860000", "time": "2025-07-13T13:37:34.730363Z", "fetched_at": "2025-07-13T13:39:32.728705+00:00", "symbol": "ADA-USD"}, {"trade_id": 143346476, "side": "buy", "size": "1.50000000", "price": "0.73860000", "time": "2025-07-13T13:37:34.730363Z", "fetched_at": "2025-07-13T13:39:32.728705+00:00", "symbol": "ADA-USD"}, {"trade_id": 143346475, "side": "buy", "size": "1.51063397", "price": "0.73870000", "time": "2025-07-13T13:37:34.730363Z", "fetched_at": "2025-07-13T13:39:32.728705+00:00", "symbol": "ADA-USD"}, {"trade_id": 143346474, "side": "sell", "size": "15.40178600", "price": "0.73880000", "time": "2025-07-13T13:37:34.118431Z", "fetched_at": "2025-07-13T13:39:32.728705+00:00", "symbol": "ADA-USD"}, {"trade_id": 143346473, "side": "buy", "size": "1.83852599", "price": "0.73870000", "time": "2025-07-13T13:37:32.795293Z", "fetched_at": "2025-07-13T13:39:32.728705+00:00", "symbol": "ADA-USD"}, {"trade_id": 143346472, "side": "buy", "size": "1.50000000", "price": "0.73870000", "time": "2025-07-13T13:37:32.795293Z", "fetched_at": "2025-07-13T13:39:32.728705+00:00", "symbol": "ADA-USD"}, {"trade_id": 143346471, "side": "buy", "size": "1.50000000", "price": "0.73890000", "time": "2025-07-13T13:37:30.874257Z", "fetched_at": "2025-07-13T13:39:32.728705+00:00", "symbol": "ADA-USD"}, {"trade_id": 143346470, "side": "sell", "size": "462.14098944", "price": "0.73910000", "time": "2025-07-13T13:37:27.681544Z", "fetched_at": "2025-07-13T13:39:32.728705+00:00", "symbol": "ADA-USD"}, {"trade_id": 143346469, "side": "sell", "size": "12.40530992", "price": "0.73900000", "time": "2025-07-13T13:37:27.681544Z", "fetched_at": "2025-07-13T13:39:32.728705+00:00", "symbol": "ADA-USD"}, {"trade_id": 143346468, "side": "sell", "size": "50.00000000", "price": "0.73890000", "time": "2025-07-13T13:37:27.575656Z", "fetched_at": "2025-07-13T13:39:32.728705+00:00", "symbol": "ADA-USD"}, {"trade_id": 143346467, "side": "sell", "size": "49.50306000", "price": "0.73880000", "time": "2025-07-13T13:37:27.575656Z", "fetched_at": "2025-07-13T13:39:32.728705+00:00", "symbol": "ADA-USD"}, {"trade_id": 143346466, "side": "buy", "size": "1.50000000", "price": "0.73880000", "time": "2025-07-13T13:37:27.571058Z", "fetched_at": "2025-07-13T13:39:32.728705+00:00", "symbol": "ADA-USD"}, {"trade_id": 143346465, "side": "buy", "size": "154.19482923", "price": "0.73880000", "time": "2025-07-13T13:37:26.655639Z", "fetched_at": "2025-07-13T13:39:32.728705+00:00", "symbol": "ADA-USD"}, {"trade_id": 143346464, "side": "buy", "size": "666.24457577", "price": "0.73890000", "time": "2025-07-13T13:37:26.655639Z", "fetched_at": "2025-07-13T13:39:32.728705+00:00", "symbol": "ADA-USD"}, {"trade_id": 143346463, "side": "buy", "size": "50.00000000", "price": "0.73890000", "time": "2025-07-13T13:37:26.655639Z", "fetched_at": "2025-07-13T13:39:32.728705+00:00", "symbol": "ADA-USD"}, {"trade_id": 143346462, "side": "buy", "size": "1.50000000", "price": "0.73890000", "time": "2025-07-13T13:37:26.655639Z", "fetched_at": "2025-07-13T13:39:32.728705+00:00", "symbol": "ADA-USD"}, {"trade_id": 143346461, "side": "buy", "size": "1.50000000", "price": "0.73900000", "time": "2025-07-13T13:37:24.850033Z", "fetched_at": "2025-07-13T13:39:32.728705+00:00", "symbol": "ADA-USD"}, {"trade_id": 143346460, "side": "buy", "size": "127.36460701", "price": "0.73900000", "time": "2025-07-13T13:37:24.850033Z", "fetched_at": "2025-07-13T13:39:32.728705+00:00", "symbol": "ADA-USD"}, {"trade_id": 143346459, "side": "buy", "size": "185.29683391", "price": "0.73900000", "time": "2025-07-13T13:37:24.836182Z", "fetched_at": "2025-07-13T13:39:32.728705+00:00", "symbol": "ADA-USD"}, {"trade_id": 143346458, "side": "buy", "size": "110.22356368", "price": "0.73900000", "time": "2025-07-13T13:37:24.824359Z", "fetched_at": "2025-07-13T13:39:32.728705+00:00", "symbol": "ADA-USD"}, {"trade_id": 143346457, "side": "buy", "size": "76.85139847", "price": "0.73900000", "time": "2025-07-13T13:37:24.808583Z", "fetched_at": "2025-07-13T13:39:32.728705+00:00", "symbol": "ADA-USD"}, {"trade_id": 143346456, "side": "buy", "size": "18.48594542", "price": "0.73900000", "time": "2025-07-13T13:37:24.797176Z", "fetched_at": "2025-07-13T13:39:32.728705+00:00", "symbol": "ADA-USD"}, {"trade_id": 143346455, "side": "buy", "size": "144.00609498", "price": "0.73900000", "time": "2025-07-13T13:37:24.774197Z", "fetched_at": "2025-07-13T13:39:32.728705+00:00", "symbol": "ADA-USD"}, {"trade_id": 143346454, "side": "buy", "size": "76.53321045", "price": "0.73900000", "time": "2025-07-13T13:37:24.753012Z", "fetched_at": "2025-07-13T13:39:32.728705+00:00", "symbol": "ADA-USD"}, {"trade_id": 143346453, "side": "buy", "size": "71.04278825", "price": "0.73900000", "time": "2025-07-13T13:37:24.715317Z", "fetched_at": "2025-07-13T13:39:32.728705+00:00", "symbol": "ADA-USD"}, {"trade_id": 143346452, "side": "buy", "size": "353.94069895", "price": "0.73900000", "time": "2025-07-13T13:37:24.695581Z", "fetched_at": "2025-07-13T13:39:32.728705+00:00", "symbol": "ADA-USD"}, {"trade_id": 143346451, "side": "buy", "size": "158.09265006", "price": "0.73900000", "time": "2025-07-13T13:37:24.643193Z", "fetched_at": "2025-07-13T13:39:32.728705+00:00", "symbol": "ADA-USD"}, {"trade_id": 143346450, "side": "buy", "size": "109.04795367", "price": "0.73900000", "time": "2025-07-13T13:37:24.619584Z", "fetched_at": "2025-07-13T13:39:32.728705+00:00", "symbol": "ADA-USD"}, {"trade_id": 143346449, "side": "buy", "size": "103.31809657", "price": "0.73900000", "time": "2025-07-13T13:37:24.603399Z", "fetched_at": "2025-07-13T13:39:32.728705+00:00", "symbol": "ADA-USD"}, {"trade_id": 143346448, "side": "buy", "size": "146.86434561", "price": "0.73900000", "time": "2025-07-13T13:37:24.588417Z", "fetched_at": "2025-07-13T13:39:32.728705+00:00", "symbol": "ADA-USD"}, {"trade_id": 143346447, "side": "buy", "size": "118.52539416", "price": "0.73900000", "time": "2025-07-13T13:37:24.578034Z", "fetched_at": "2025-07-13T13:39:32.728705+00:00", "symbol": "ADA-USD"}, {"trade_id": 143346446, "side": "buy", "size": "90.24243433", "price": "0.73900000", "time": "2025-07-13T13:37:24.555453Z", "fetched_at": "2025-07-13T13:39:32.728705+00:00", "symbol": "ADA-USD"}, {"trade_id": 143346445, "side": "buy", "size": "151.82280146", "price": "0.73900000", "time": "2025-07-13T13:37:24.541802Z", "fetched_at": "2025-07-13T13:39:32.728705+00:00", "symbol": "ADA-USD"}, {"trade_id": 143346444, "side": "buy", "size": "147.09096247", "price": "0.73900000", "time": "2025-07-13T13:37:24.519772Z", "fetched_at": "2025-07-13T13:39:32.728705+00:00", "symbol": "ADA-USD"}, {"trade_id": 143346443, "side": "buy", "size": "1006.80674136", "price": "0.73900000", "time": "2025-07-13T13:37:24.509156Z", "fetched_at": "2025-07-13T13:39:32.728705+00:00", "symbol": "ADA-USD"}, {"trade_id": 143346442, "side": "buy", "size": "404.27547016", "price": "0.73910000", "time": "2025-07-13T13:37:21.480401Z", "fetched_at": "2025-07-13T13:39:32.728705+00:00", "symbol": "ADA-USD"}, {"trade_id": 143346441, "side": "buy", "size": "33.94486878", "price": "0.73920000", "time": "2025-07-13T13:37:19.846230Z", "fetched_at": "2025-07-13T13:39:32.728705+00:00", "symbol": "ADA-USD"}, {"trade_id": 143346440, "side": "buy", "size": "1.40701271", "price": "0.73910000", "time": "2025-07-13T13:37:18.597207Z", "fetched_at": "2025-07-13T13:39:32.728705+00:00", "symbol": "ADA-USD"}, {"trade_id": 143346439, "side": "sell", "size": "168.66006749", "price": "0.73920000", "time": "2025-07-13T13:37:18.534049Z", "fetched_at": "2025-07-13T13:39:32.728705+00:00", "symbol": "ADA-USD"}, {"trade_id": 143346438, "side": "sell", "size": "56.82906649", "price": "0.73920000", "time": "2025-07-13T13:37:18.534049Z", "fetched_at": "2025-07-13T13:39:32.728705+00:00", "symbol": "ADA-USD"}, {"trade_id": 143346437, "side": "sell", "size": "310.50000000", "price": "0.73920000", "time": "2025-07-13T13:37:18.534049Z", "fetched_at": "2025-07-13T13:39:32.728705+00:00", "symbol": "ADA-USD"}, {"trade_id": 143346436, "side": "sell", "size": "49.25273631", "price": "0.73920000", "time": "2025-07-13T13:37:18.534049Z", "fetched_at": "2025-07-13T13:39:32.728705+00:00", "symbol": "ADA-USD"}, {"trade_id": 143346435, "side": "sell", "size": "56.24277771", "price": "0.73920000", "time": "2025-07-13T13:37:18.534049Z", "fetched_at": "2025-07-13T13:39:32.728705+00:00", "symbol": "ADA-USD"}, {"trade_id": 143346434, "side": "buy", "size": "4.34253717", "price": "0.73910000", "time": "2025-07-13T13:37:16.723282Z", "fetched_at": "2025-07-13T13:39:32.728705+00:00", "symbol": "ADA-USD"}, {"trade_id": 143346433, "side": "buy", "size": "4.34253717", "price": "0.73910000", "time": "2025-07-13T13:37:16.702606Z", "fetched_at": "2025-07-13T13:39:32.728705+00:00", "symbol": "ADA-USD"}, {"trade_id": 143346432, "side": "buy", "size": "4.35762857", "price": "0.73910000", "time": "2025-07-13T13:37:16.690381Z", "fetched_at": "2025-07-13T13:39:32.728705+00:00", "symbol": "ADA-USD"}, {"trade_id": 143346431, "side": "buy", "size": "4.36161494", "price": "0.73910000", "time": "2025-07-13T13:37:16.412783Z", "fetched_at": "2025-07-13T13:39:32.728705+00:00", "symbol": "ADA-USD"}, {"trade_id": 143346430, "side": "sell", "size": "121.50679352", "price": "0.73940000", "time": "2025-07-13T13:37:15.327423Z", "fetched_at": "2025-07-13T13:39:32.728705+00:00", "symbol": "ADA-USD"}, {"trade_id": 143346429, "side": "sell", "size": "12.40366248", "price": "0.73920000", "time": "2025-07-13T13:37:15.327423Z", "fetched_at": "2025-07-13T13:39:32.728705+00:00", "symbol": "ADA-USD"}, {"trade_id": 143346428, "side": "sell", "size": "50.00000000", "price": "0.73920000", "time": "2025-07-13T13:37:14.110035Z", "fetched_at": "2025-07-13T13:39:32.728705+00:00", "symbol": "ADA-USD"}, {"trade_id": 143346427, "side": "sell", "size": "12.40366961", "price": "0.73920000", "time": "2025-07-13T13:37:14.110035Z", "fetched_at": "2025-07-13T13:39:32.728705+00:00", "symbol": "ADA-USD"}, {"trade_id": 143346426, "side": "sell", "size": "134.16742300", "price": "0.73910000", "time": "2025-07-13T13:37:13.813941Z", "fetched_at": "2025-07-13T13:39:32.728705+00:00", "symbol": "ADA-USD"}, {"trade_id": 143346425, "side": "buy", "size": "5.57894061", "price": "0.73910000", "time": "2025-07-13T13:37:12.523186Z", "fetched_at": "2025-07-13T13:39:32.728705+00:00", "symbol": "ADA-USD"}, {"trade_id": 143346424, "side": "buy", "size": "1.50000000", "price": "0.73910000", "time": "2025-07-13T13:37:12.523186Z", "fetched_at": "2025-07-13T13:39:32.728705+00:00", "symbol": "ADA-USD"}, {"trade_id": 143346423, "side": "buy", "size": "5.55043989", "price": "0.73920000", "time": "2025-07-13T13:37:12.448215Z", "fetched_at": "2025-07-13T13:39:32.728705+00:00", "symbol": "ADA-USD"}, {"trade_id": 143346422, "side": "buy", "size": "5.55043989", "price": "0.73920000", "time": "2025-07-13T13:37:12.409988Z", "fetched_at": "2025-07-13T13:39:32.728705+00:00", "symbol": "ADA-USD"}, {"trade_id": 143346421, "side": "buy", "size": "5.55043989", "price": "0.73920000", "time": "2025-07-13T13:37:12.338328Z", "fetched_at": "2025-07-13T13:39:32.728705+00:00", "symbol": "ADA-USD"}, {"trade_id": 143346420, "side": "buy", "size": "5.08410998", "price": "0.73920000", "time": "2025-07-13T13:37:12.299077Z", "fetched_at": "2025-07-13T13:39:32.728705+00:00", "symbol": "ADA-USD"}, {"trade_id": 143346419, "side": "buy", "size": "645.32657803", "price": "0.73930000", "time": "2025-07-13T13:37:12.079113Z", "fetched_at": "2025-07-13T13:39:32.728705+00:00", "symbol": "ADA-USD"}, {"trade_id": 143346418, "side": "sell", "size": "275.00859402", "price": "0.73940000", "time": "2025-07-13T13:37:08.191738Z", "fetched_at": "2025-07-13T13:39:32.728705+00:00", "symbol": "ADA-USD"}, {"trade_id": 143346417, "side": "sell", "size": "12.40196036", "price": "0.73930000", "time": "2025-07-13T13:37:08.191738Z", "fetched_at": "2025-07-13T13:39:32.728705+00:00", "symbol": "ADA-USD"}, {"trade_id": 143346416, "side": "sell", "size": "12.40196036", "price": "0.73930000", "time": "2025-07-13T13:37:08.181479Z", "fetched_at": "2025-07-13T13:39:32.728705+00:00", "symbol": "ADA-USD"}, {"trade_id": 143346415, "side": "sell", "size": "500.00000000", "price": "0.73930000", "time": "2025-07-13T13:37:08.181479Z", "fetched_at": "2025-07-13T13:39:32.728705+00:00", "symbol": "ADA-USD"}, {"trade_id": 143346414, "side": "sell", "size": "6000.00000000", "price": "0.73930000", "time": "2025-07-13T13:37:08.181479Z", "fetched_at": "2025-07-13T13:39:32.728705+00:00", "symbol": "ADA-USD"}, {"trade_id": 143346413, "side": "sell", "size": "676.31579782", "price": "0.73930000", "time": "2025-07-13T13:37:08.181479Z", "fetched_at": "2025-07-13T13:39:32.728705+00:00", "symbol": "ADA-USD"}, {"trade_id": 143346412, "side": "sell", "size": "74.99037028", "price": "0.73930000", "time": "2025-07-13T13:37:08.181479Z", "fetched_at": "2025-07-13T13:39:32.728705+00:00", "symbol": "ADA-USD"}, {"trade_id": 143346411, "side": "buy", "size": "1.57292506", "price": "0.73920000", "time": "2025-07-13T13:37:07.702231Z", "fetched_at": "2025-07-13T13:39:32.728705+00:00", "symbol": "ADA-USD"}, {"trade_id": 143346410, "side": "buy", "size": "1.56518177", "price": "0.73920000", "time": "2025-07-13T13:37:07.669089Z", "fetched_at": "2025-07-13T13:39:32.728705+00:00", "symbol": "ADA-USD"}, {"trade_id": 143346409, "side": "buy", "size": "1.67749327", "price": "0.73920000", "time": "2025-07-13T13:37:00.738856Z", "fetched_at": "2025-07-13T13:39:32.728705+00:00", "symbol": "ADA-USD"}, {"trade_id": 143346408, "side": "buy", "size": "1.67749327", "price": "0.73920000", "time": "2025-07-13T13:37:00.699717Z", "fetched_at": "2025-07-13T13:39:32.728705+00:00", "symbol": "ADA-USD"}, {"trade_id": 143346407, "side": "buy", "size": "416.37067637", "price": "0.73930000", "time": "2025-07-13T13:37:00.685151Z", "fetched_at": "2025-07-13T13:39:32.728705+00:00", "symbol": "ADA-USD"}, {"trade_id": 143346406, "side": "sell", "size": "27.68378971", "price": "0.73920000", "time": "2025-07-13T13:37:00.126391Z", "fetched_at": "2025-07-13T13:39:32.728705+00:00", "symbol": "ADA-USD"}, {"trade_id": 143346405, "side": "buy", "size": "572.75729927", "price": "0.73900000", "time": "2025-07-13T13:36:58.517752Z", "fetched_at": "2025-07-13T13:39:32.728705+00:00", "symbol": "ADA-USD"}, {"trade_id": 143346404, "side": "buy", "size": "51.00306000", "price": "0.73910000", "time": "2025-07-13T13:36:58.517752Z", "fetched_at": "2025-07-13T13:39:32.728705+00:00", "symbol": "ADA-USD"}, {"trade_id": 143346403, "side": "buy", "size": "50.00000000", "price": "0.73910000", "time": "2025-07-13T13:36:58.517752Z", "fetched_at": "2025-07-13T13:39:32.728705+00:00", "symbol": "ADA-USD"}, {"trade_id": 143346402, "side": "buy", "size": "1.76294922", "price": "0.73910000", "time": "2025-07-13T13:36:58.517752Z", "fetched_at": "2025-07-13T13:39:32.728705+00:00", "symbol": "ADA-USD"}, {"trade_id": 143346401, "side": "buy", "size": "665.67839151", "price": "0.73910000", "time": "2025-07-13T13:36:58.517752Z", "fetched_at": "2025-07-13T13:39:32.728705+00:00", "symbol": "ADA-USD"}, {"trade_id": 143346400, "side": "sell", "size": "4.78125000", "price": "0.73920000", "time": "2025-07-13T13:36:58.091116Z", "fetched_at": "2025-07-13T13:39:32.728705+00:00", "symbol": "ADA-USD"}, {"trade_id": 143346399, "side": "buy", "size": "4.45216454", "price": "0.73920000", "time": "2025-07-13T13:36:56.716740Z", "fetched_at": "2025-07-13T13:39:32.728705+00:00", "symbol": "ADA-USD"}, {"trade_id": 143346398, "side": "buy", "size": "4.45216454", "price": "0.73920000", "time": "2025-07-13T13:36:56.655157Z", "fetched_at": "2025-07-13T13:39:32.728705+00:00", "symbol": "ADA-USD"}, {"trade_id": 143346397, "side": "buy", "size": "4.45216454", "price": "0.73920000", "time": "2025-07-13T13:36:56.645017Z", "fetched_at": "2025-07-13T13:39:32.728705+00:00", "symbol": "ADA-USD"}, {"trade_id": 143346396, "side": "buy", "size": "4.46004630", "price": "0.73920000", "time": "2025-07-13T13:36:56.628119Z", "fetched_at": "2025-07-13T13:39:32.728705+00:00", "symbol": "ADA-USD"}, {"trade_id": 143346395, "side": "buy", "size": "274.98793905", "price": "0.73900000", "time": "2025-07-13T13:36:52.873591Z", "fetched_at": "2025-07-13T13:39:32.728705+00:00", "symbol": "ADA-USD"}, {"trade_id": 143346394, "side": "buy", "size": "1.50000000", "price": "0.73900000", "time": "2025-07-13T13:36:52.873591Z", "fetched_at": "2025-07-13T13:39:32.728705+00:00", "symbol": "ADA-USD"}, {"trade_id": 143346393, "side": "buy", "size": "12.40286095", "price": "0.73910000", "time": "2025-07-13T13:36:52.873591Z", "fetched_at": "2025-07-13T13:39:32.728705+00:00", "symbol": "ADA-USD"}, {"trade_id": 143346392, "side": "sell", "size": "205.99089400", "price": "0.73930000", "time": "2025-07-13T13:36:49.469882Z", "fetched_at": "2025-07-13T13:39:32.728705+00:00", "symbol": "ADA-USD"}, {"trade_id": 143346391, "side": "sell", "size": "310.50000000", "price": "0.73930000", "time": "2025-07-13T13:36:49.469882Z", "fetched_at": "2025-07-13T13:39:32.728705+00:00", "symbol": "ADA-USD"}, {"trade_id": 143346390, "side": "sell", "size": "50.00000000", "price": "0.73920000", "time": "2025-07-13T13:36:49.469882Z", "fetched_at": "2025-07-13T13:39:32.728705+00:00", "symbol": "ADA-USD"}, {"trade_id": 143346389, "side": "sell", "size": "12.40038704", "price": "0.73920000", "time": "2025-07-13T13:36:49.469882Z", "fetched_at": "2025-07-13T13:39:32.728705+00:00", "symbol": "ADA-USD"}, {"trade_id": 143346388, "side": "sell", "size": "49.22943381", "price": "0.73920000", "time": "2025-07-13T13:36:49.469882Z", "fetched_at": "2025-07-13T13:39:32.728705+00:00", "symbol": "ADA-USD"}, {"trade_id": 143346387, "side": "sell", "size": "707.36323830", "price": "0.73920000", "time": "2025-07-13T13:36:49.469882Z", "fetched_at": "2025-07-13T13:39:32.728705+00:00", "symbol": "ADA-USD"}, {"trade_id": 143346386, "side": "sell", "size": "3.26441785", "price": "0.73910000", "time": "2025-07-13T13:36:49.469882Z", "fetched_at": "2025-07-13T13:39:32.728705+00:00", "symbol": "ADA-USD"}, {"trade_id": 143346385, "side": "buy", "size": "12.40286095", "price": "0.73910000", "time": "2025-07-13T13:36:48.506302Z", "fetched_at": "2025-07-13T13:39:32.728705+00:00", "symbol": "ADA-USD"}, {"trade_id": 143346384, "side": "buy", "size": "1.50000000", "price": "0.73910000", "time": "2025-07-13T13:36:48.506302Z", "fetched_at": "2025-07-13T13:39:32.728705+00:00", "symbol": "ADA-USD"}, {"trade_id": 143346383, "side": "buy", "size": "12.40118308", "price": "0.73920000", "time": "2025-07-13T13:36:48.318734Z", "fetched_at": "2025-07-13T13:39:32.728705+00:00", "symbol": "ADA-USD"}, {"trade_id": 143346382, "side": "buy", "size": "1.50000000", "price": "0.73920000", "time": "2025-07-13T13:36:48.295009Z", "fetched_at": "2025-07-13T13:39:32.728705+00:00", "symbol": "ADA-USD"}, {"trade_id": 143346381, "side": "sell", "size": "0.10000000", "price": "0.73940000", "time": "2025-07-13T13:36:46.208781Z", "fetched_at": "2025-07-13T13:39:32.728705+00:00", "symbol": "ADA-USD"}, {"trade_id": 143346380, "side": "sell", "size": "12.34000000", "price": "0.73930000", "time": "2025-07-13T13:36:41.744311Z", "fetched_at": "2025-07-13T13:39:32.728705+00:00", "symbol": "ADA-USD"}, {"trade_id": 143346379, "side": "buy", "size": "2.94379652", "price": "0.73930000", "time": "2025-07-13T13:36:39.149489Z", "fetched_at": "2025-07-13T13:39:32.728705+00:00", "symbol": "ADA-USD"}, {"trade_id": 143346378, "side": "sell", "size": "2.84512785", "price": "0.73930000", "time": "2025-07-13T13:36:38.527414Z", "fetched_at": "2025-07-13T13:39:32.728705+00:00", "symbol": "ADA-USD"}, {"trade_id": 143346377, "side": "sell", "size": "48.62001574", "price": "0.73940000", "time": "2025-07-13T13:36:37.900141Z", "fetched_at": "2025-07-13T13:39:32.728705+00:00", "symbol": "ADA-USD"}, {"trade_id": 143346376, "side": "sell", "size": "3.94777926", "price": "0.73930000", "time": "2025-07-13T13:36:37.900141Z", "fetched_at": "2025-07-13T13:39:32.728705+00:00", "symbol": "ADA-USD"}, {"trade_id": 143346375, "side": "sell", "size": "3.67797303", "price": "0.73920000", "time": "2025-07-13T13:36:37.059356Z", "fetched_at": "2025-07-13T13:39:32.728705+00:00", "symbol": "ADA-USD"}, {"trade_id": 143346374, "side": "sell", "size": "7.66963143", "price": "0.73920000", "time": "2025-07-13T13:36:37.059356Z", "fetched_at": "2025-07-13T13:39:32.728705+00:00", "symbol": "ADA-USD"}, {"trade_id": 143346373, "side": "sell", "size": "13.58588965", "price": "0.73920000", "time": "2025-07-13T13:36:37.059356Z", "fetched_at": "2025-07-13T13:39:32.728705+00:00", "symbol": "ADA-USD"}, {"trade_id": 143346372, "side": "sell", "size": "51.78739493", "price": "0.73950000", "time": "2025-07-13T13:36:32.620132Z", "fetched_at": "2025-07-13T13:39:32.728705+00:00", "symbol": "ADA-USD"}, {"trade_id": 143346371, "side": "sell", "size": "12.40031607", "price": "0.73940000", "time": "2025-07-13T13:36:32.620132Z", "fetched_at": "2025-07-13T13:39:32.728705+00:00", "symbol": "ADA-USD"}, {"trade_id": 143346370, "side": "sell", "size": "1.50000000", "price": "0.73940000", "time": "2025-07-13T13:36:32.620132Z", "fetched_at": "2025-07-13T13:39:32.728705+00:00", "symbol": "ADA-USD"}, {"trade_id": 143346369, "side": "sell", "size": "65.68771100", "price": "0.73920000", "time": "2025-07-13T13:36:27.969258Z", "fetched_at": "2025-07-13T13:39:32.728705+00:00", "symbol": "ADA-USD"}, {"trade_id": 143346368, "side": "sell", "size": "0.41801594", "price": "0.73940000", "time": "2025-07-13T13:36:24.836353Z", "fetched_at": "2025-07-13T13:39:32.728705+00:00", "symbol": "ADA-USD"}, {"trade_id": 143346367, "side": "sell", "size": "12.40366806", "price": "0.73930000", "time": "2025-07-13T13:36:24.836353Z", "fetched_at": "2025-07-13T13:39:32.728705+00:00", "symbol": "ADA-USD"}, {"trade_id": 143346366, "side": "sell", "size": "12.40200780", "price": "0.73920000", "time": "2025-07-13T13:36:24.072747Z", "fetched_at": "2025-07-13T13:39:32.728705+00:00", "symbol": "ADA-USD"}, {"trade_id": 143346365, "side": "sell", "size": "52.64910220", "price": "0.73920000", "time": "2025-07-13T13:36:24.072747Z", "fetched_at": "2025-07-13T13:39:32.728705+00:00", "symbol": "ADA-USD"}, {"trade_id": 143346364, "side": "sell", "size": "12.40200000", "price": "0.73910000", "time": "2025-07-13T13:36:23.699323Z", "fetched_at": "2025-07-13T13:39:32.728705+00:00", "symbol": "ADA-USD"}, {"trade_id": 143346363, "side": "buy", "size": "1.50000000", "price": "0.73910000", "time": "2025-07-13T13:36:22.726150Z", "fetched_at": "2025-07-13T13:39:32.728705+00:00", "symbol": "ADA-USD"}, {"trade_id": 143346362, "side": "buy", "size": "212.34874177", "price": "0.73920000", "time": "2025-07-13T13:36:21.201529Z", "fetched_at": "2025-07-13T13:39:32.728705+00:00", "symbol": "ADA-USD"}, {"trade_id": 143346361, "side": "buy", "size": "51.00306000", "price": "0.73920000", "time": "2025-07-13T13:36:21.201529Z", "fetched_at": "2025-07-13T13:39:32.728705+00:00", "symbol": "ADA-USD"}, {"trade_id": 143346360, "side": "buy", "size": "4916.60000000", "price": "0.73920000", "time": "2025-07-13T13:36:21.201529Z", "fetched_at": "2025-07-13T13:39:32.728705+00:00", "symbol": "ADA-USD"}, {"trade_id": 143346359, "side": "buy", "size": "98.70003156", "price": "0.73920000", "time": "2025-07-13T13:36:21.201529Z", "fetched_at": "2025-07-13T13:39:32.728705+00:00", "symbol": "ADA-USD"}, {"trade_id": 143346358, "side": "buy", "size": "564.13356888", "price": "0.73920000", "time": "2025-07-13T13:36:21.201529Z", "fetched_at": "2025-07-13T13:39:32.728705+00:00", "symbol": "ADA-USD"}, {"trade_id": 143346357, "side": "buy", "size": "598.93821709", "price": "0.73920000", "time": "2025-07-13T13:36:21.201529Z", "fetched_at": "2025-07-13T13:39:32.728705+00:00", "symbol": "ADA-USD"}, {"trade_id": 143346356, "side": "buy", "size": "772.70579450", "price": "0.73920000", "time": "2025-07-13T13:36:21.201529Z", "fetched_at": "2025-07-13T13:39:32.728705+00:00", "symbol": "ADA-USD"}, {"trade_id": 143346355, "side": "buy", "size": "1.50000000", "price": "0.73920000", "time": "2025-07-13T13:36:21.201529Z", "fetched_at": "2025-07-13T13:39:32.728705+00:00", "symbol": "ADA-USD"}, {"trade_id": 143346354, "side": "buy", "size": "744.94242789", "price": "0.73940000", "time": "2025-07-13T13:36:19.326697Z", "fetched_at": "2025-07-13T13:39:32.728705+00:00", "symbol": "ADA-USD"}, {"trade_id": 143346353, "side": "buy", "size": "1.50000000", "price": "0.73940000", "time": "2025-07-13T13:36:19.326697Z", "fetched_at": "2025-07-13T13:39:32.728705+00:00", "symbol": "ADA-USD"}, {"trade_id": 143346352, "side": "buy", "size": "675.26848053", "price": "0.73950000", "time": "2025-07-13T13:36:18.880709Z", "fetched_at": "2025-07-13T13:39:32.728705+00:00", "symbol": "ADA-USD"}, {"trade_id": 143346351, "side": "sell", "size": "132.47638900", "price": "0.73970000", "time": "2025-07-13T13:36:15.833455Z", "fetched_at": "2025-07-13T13:39:32.728705+00:00", "symbol": "ADA-USD"}, {"trade_id": 143346350, "side": "buy", "size": "1103.71424695", "price": "0.73950000", "time": "2025-07-13T13:36:13.680158Z", "fetched_at": "2025-07-13T13:39:32.728705+00:00", "symbol": "ADA-USD"}, {"trade_id": 143346349, "side": "buy", "size": "1.50000000", "price": "0.73950000", "time": "2025-07-13T13:36:13.680158Z", "fetched_at": "2025-07-13T13:39:32.728705+00:00", "symbol": "ADA-USD"}, {"trade_id": 143346348, "side": "buy", "size": "571.51192760", "price": "0.73950000", "time": "2025-07-13T13:36:13.680158Z", "fetched_at": "2025-07-13T13:39:32.728705+00:00", "symbol": "ADA-USD"}, {"trade_id": 143346347, "side": "buy", "size": "772.70579450", "price": "0.73950000", "time": "2025-07-13T13:36:13.680158Z", "fetched_at": "2025-07-13T13:39:32.728705+00:00", "symbol": "ADA-USD"}, {"trade_id": 143346346, "side": "buy", "size": "1.57914036", "price": "0.73960000", "time": "2025-07-13T13:36:11.585706Z", "fetched_at": "2025-07-13T13:39:32.728705+00:00", "symbol": "ADA-USD"}, {"trade_id": 143346345, "side": "buy", "size": "1.57914036", "price": "0.73960000", "time": "2025-07-13T13:36:11.574630Z", "fetched_at": "2025-07-13T13:39:32.728705+00:00", "symbol": "ADA-USD"}, {"trade_id": 143346344, "side": "buy", "size": "1.57914036", "price": "0.73960000", "time": "2025-07-13T13:36:11.545546Z", "fetched_at": "2025-07-13T13:39:32.728705+00:00", "symbol": "ADA-USD"}, {"trade_id": 143346343, "side": "buy", "size": "1.57914036", "price": "0.73960000", "time": "2025-07-13T13:36:11.535027Z", "fetched_at": "2025-07-13T13:39:32.728705+00:00", "symbol": "ADA-USD"}, {"trade_id": 143346342, "side": "buy", "size": "1.57914036", "price": "0.73960000", "time": "2025-07-13T13:36:11.523681Z", "fetched_at": "2025-07-13T13:39:32.728705+00:00", "symbol": "ADA-USD"}, {"trade_id": 143346341, "side": "buy", "size": "1.90544786", "price": "0.73960000", "time": "2025-07-13T13:36:10.911508Z", "fetched_at": "2025-07-13T13:39:32.728705+00:00", "symbol": "ADA-USD"}, {"trade_id": 143346340, "side": "buy", "size": "1.90544786", "price": "0.73960000", "time": "2025-07-13T13:36:10.895905Z", "fetched_at": "2025-07-13T13:39:32.728705+00:00", "symbol": "ADA-USD"}, {"trade_id": 143346339, "side": "sell", "size": "0.74726369", "price": "0.73970000", "time": "2025-07-13T13:36:08.024245Z", "fetched_at": "2025-07-13T13:39:32.728705+00:00", "symbol": "ADA-USD"}, {"trade_id": 143346338, "side": "sell", "size": "12.39361931", "price": "0.73970000", "time": "2025-07-13T13:36:08.024245Z", "fetched_at": "2025-07-13T13:39:32.728705+00:00", "symbol": "ADA-USD"}, {"trade_id": 143346337, "side": "buy", "size": "1.51544238", "price": "0.73970000", "time": "2025-07-13T13:36:05.582497Z", "fetched_at": "2025-07-13T13:39:32.728705+00:00", "symbol": "ADA-USD"}, {"trade_id": 143346336, "side": "buy", "size": "51.63528317", "price": "0.73970000", "time": "2025-07-13T13:36:03.179672Z", "fetched_at": "2025-07-13T13:39:32.728705+00:00", "symbol": "ADA-USD"}, {"trade_id": 143346335, "side": "buy", "size": "2.02058983", "price": "0.73970000", "time": "2025-07-13T13:36:03.179672Z", "fetched_at": "2025-07-13T13:39:32.728705+00:00", "symbol": "ADA-USD"}, {"trade_id": 143346334, "side": "buy", "size": "51.00306000", "price": "0.73970000", "time": "2025-07-13T13:36:03.179672Z", "fetched_at": "2025-07-13T13:39:32.728705+00:00", "symbol": "ADA-USD"}, {"trade_id": 143346333, "side": "buy", "size": "2.69411978", "price": "0.73970000", "time": "2025-07-13T13:36:01.818205Z", "fetched_at": "2025-07-13T13:39:32.728705+00:00", "symbol": "ADA-USD"}, {"trade_id": 143346332, "side": "buy", "size": "3.59215971", "price": "0.73970000", "time": "2025-07-13T13:36:01.718255Z", "fetched_at": "2025-07-13T13:39:32.728705+00:00", "symbol": "ADA-USD"}, {"trade_id": 143346331, "side": "buy", "size": "95.69538858", "price": "0.73970000", "time": "2025-07-13T13:36:01.617576Z", "fetched_at": "2025-07-13T13:39:32.728705+00:00", "symbol": "ADA-USD"}, {"trade_id": 143346330, "side": "buy", "size": "10.79541500", "price": "0.73960000", "time": "2025-07-13T13:36:01.062237Z", "fetched_at": "2025-07-13T13:39:32.728705+00:00", "symbol": "ADA-USD"}, {"trade_id": 143346329, "side": "buy", "size": "1.50000000", "price": "0.73960000", "time": "2025-07-13T13:36:01.062237Z", "fetched_at": "2025-07-13T13:39:32.728705+00:00", "symbol": "ADA-USD"}, {"trade_id": 143346328, "side": "buy", "size": "3.89777973", "price": "0.73970000", "time": "2025-07-13T13:35:59.849606Z", "fetched_at": "2025-07-13T13:39:32.728705+00:00", "symbol": "ADA-USD"}, {"trade_id": 143346327, "side": "buy", "size": "3.89777973", "price": "0.73970000", "time": "2025-07-13T13:35:59.807630Z", "fetched_at": "2025-07-13T13:39:32.728705+00:00", "symbol": "ADA-USD"}, {"trade_id": 143346326, "side": "buy", "size": "3.89777973", "price": "0.73970000", "time": "2025-07-13T13:35:59.793560Z", "fetched_at": "2025-07-13T13:39:32.728705+00:00", "symbol": "ADA-USD"}, {"trade_id": 143346325, "side": "buy", "size": "3.90339008", "price": "0.73970000", "time": "2025-07-13T13:35:59.783015Z", "fetched_at": "2025-07-13T13:39:32.728705+00:00", "symbol": "ADA-USD"}, {"trade_id": 143346324, "side": "buy", "size": "3.90339008", "price": "0.73970000", "time": "2025-07-13T13:35:59.772506Z", "fetched_at": "2025-07-13T13:39:32.728705+00:00", "symbol": "ADA-USD"}, {"trade_id": 143346323, "side": "buy", "size": "50.00000000", "price": "0.73970000", "time": "2025-07-13T13:35:59.761323Z", "fetched_at": "2025-07-13T13:39:32.728705+00:00", "symbol": "ADA-USD"}, {"trade_id": 143346322, "side": "buy", "size": "3.90339008", "price": "0.73970000", "time": "2025-07-13T13:35:59.761323Z", "fetched_at": "2025-07-13T13:39:32.728705+00:00", "symbol": "ADA-USD"}, {"trade_id": 143346321, "side": "buy", "size": "51.00306000", "price": "0.73970000", "time": "2025-07-13T13:35:59.761323Z", "fetched_at": "2025-07-13T13:39:32.728705+00:00", "symbol": "ADA-USD"}, {"trade_id": 143346320, "side": "buy", "size": "4.41472511", "price": "0.73980000", "time": "2025-07-13T13:35:59.328994Z", "fetched_at": "2025-07-13T13:39:32.728705+00:00", "symbol": "ADA-USD"}, {"trade_id": 143346319, "side": "buy", "size": "3.66259421", "price": "0.73980000", "time": "2025-07-13T13:35:59.328994Z", "fetched_at": "2025-07-13T13:39:32.728705+00:00", "symbol": "ADA-USD"}, {"trade_id": 143346318, "side": "buy", "size": "310.50000000", "price": "0.73990000", "time": "2025-07-13T13:35:59.317249Z", "fetched_at": "2025-07-13T13:39:32.728705+00:00", "symbol": "ADA-USD"}, {"trade_id": 143346317, "side": "sell", "size": "142.16459192", "price": "0.74020000", "time": "2025-07-13T13:35:59.308175Z", "fetched_at": "2025-07-13T13:39:32.728705+00:00", "symbol": "ADA-USD"}, {"trade_id": 143346316, "side": "sell", "size": "310.50000000", "price": "0.74020000", "time": "2025-07-13T13:35:59.308175Z", "fetched_at": "2025-07-13T13:39:32.728705+00:00", "symbol": "ADA-USD"}, {"trade_id": 143346315, "side": "sell", "size": "800.00000000", "price": "0.74010000", "time": "2025-07-13T13:35:59.308175Z", "fetched_at": "2025-07-13T13:39:32.728705+00:00", "symbol": "ADA-USD"}, {"trade_id": 143346314, "side": "sell", "size": "1724.33809000", "price": "0.74010000", "time": "2025-07-13T13:35:59.308175Z", "fetched_at": "2025-07-13T13:39:32.728705+00:00", "symbol": "ADA-USD"}, {"trade_id": 143346313, "side": "sell", "size": "635.51267105", "price": "0.74010000", "time": "2025-07-13T13:35:59.308175Z", "fetched_at": "2025-07-13T13:39:32.728705+00:00", "symbol": "ADA-USD"}, {"trade_id": 143346312, "side": "sell", "size": "1.50000000", "price": "0.74010000", "time": "2025-07-13T13:35:59.308175Z", "fetched_at": "2025-07-13T13:39:32.728705+00:00", "symbol": "ADA-USD"}, {"trade_id": 143346311, "side": "sell", "size": "310.50000000", "price": "0.74010000", "time": "2025-07-13T13:35:59.308175Z", "fetched_at": "2025-07-13T13:39:32.728705+00:00", "symbol": "ADA-USD"}, {"trade_id": 143346310, "side": "sell", "size": "1724.73290000", "price": "0.74000000", "time": "2025-07-13T13:35:59.308175Z", "fetched_at": "2025-07-13T13:39:32.728705+00:00", "symbol": "ADA-USD"}, {"trade_id": 143346309, "side": "sell", "size": "675.73282783", "price": "0.74000000", "time": "2025-07-13T13:35:59.308175Z", "fetched_at": "2025-07-13T13:39:32.728705+00:00", "symbol": "ADA-USD"}, {"trade_id": 143346308, "side": "sell", "size": "275.00859402", "price": "0.74000000", "time": "2025-07-13T13:35:59.308175Z", "fetched_at": "2025-07-13T13:39:32.728705+00:00", "symbol": "ADA-USD"}, {"trade_id": 143346307, "side": "sell", "size": "1.50000000", "price": "0.74000000", "time": "2025-07-13T13:35:59.308175Z", "fetched_at": "2025-07-13T13:39:32.728705+00:00", "symbol": "ADA-USD"}, {"trade_id": 143346306, "side": "sell", "size": "141.20803167", "price": "0.73990000", "time": "2025-07-13T13:35:59.308175Z", "fetched_at": "2025-07-13T13:39:32.728705+00:00", "symbol": "ADA-USD"}, {"trade_id": 143346305, "side": "sell", "size": "655.46802300", "price": "0.73990000", "time": "2025-07-13T13:35:58.530514Z", "fetched_at": "2025-07-13T13:39:32.728705+00:00", "symbol": "ADA-USD"}, {"trade_id": 143346304, "side": "sell", "size": "1.50000000", "price": "0.73990000", "time": "2025-07-13T13:35:58.530514Z", "fetched_at": "2025-07-13T13:39:32.728705+00:00", "symbol": "ADA-USD"}, {"trade_id": 143346303, "side": "sell", "size": "1.50000000", "price": "0.73980000", "time": "2025-07-13T13:35:51.449175Z", "fetched_at": "2025-07-13T13:39:32.728705+00:00", "symbol": "ADA-USD"}, {"trade_id": 143346302, "side": "sell", "size": "1.50000000", "price": "0.73970000", "time": "2025-07-13T13:35:50.414501Z", "fetched_at": "2025-07-13T13:39:32.728705+00:00", "symbol": "ADA-USD"}, {"trade_id": 143346301, "side": "sell", "size": "11.21788342", "price": "0.73960000", "time": "2025-07-13T13:35:49.852112Z", "fetched_at": "2025-07-13T13:39:32.728705+00:00", "symbol": "ADA-USD"}, {"trade_id": 143346300, "side": "sell", "size": "1.50000000", "price": "0.73960000", "time": "2025-07-13T13:35:49.852112Z", "fetched_at": "2025-07-13T13:39:32.728705+00:00", "symbol": "ADA-USD"}, {"trade_id": 143346299, "side": "buy", "size": "169.13752000", "price": "0.73950000", "time": "2025-07-13T13:35:49.694121Z", "fetched_at": "2025-07-13T13:39:32.728705+00:00", "symbol": "ADA-USD"}, {"trade_id": 143346298, "side": "sell", "size": "676.16815206", "price": "0.73950000", "time": "2025-07-13T13:35:49.683324Z", "fetched_at": "2025-07-13T13:39:32.728705+00:00", "symbol": "ADA-USD"}, {"trade_id": 143346297, "side": "sell", "size": "11.21788342", "price": "0.73940000", "time": "2025-07-13T13:35:49.683324Z", "fetched_at": "2025-07-13T13:39:32.728705+00:00", "symbol": "ADA-USD"}, {"trade_id": 143346296, "side": "buy", "size": "1.50000000", "price": "0.73930000", "time": "2025-07-13T13:35:49.097004Z", "fetched_at": "2025-07-13T13:39:32.728705+00:00", "symbol": "ADA-USD"}, {"trade_id": 143346295, "side": "sell", "size": "29.58553130", "price": "0.73960000", "time": "2025-07-13T13:35:47.444305Z", "fetched_at": "2025-07-13T13:39:32.728705+00:00", "symbol": "ADA-USD"}, {"trade_id": 143346294, "side": "sell", "size": "3.25998370", "price": "0.73950000", "time": "2025-07-13T13:35:47.444305Z", "fetched_at": "2025-07-13T13:39:32.728705+00:00", "symbol": "ADA-USD"}, {"trade_id": 143346293, "side": "buy", "size": "1.50000000", "price": "0.73940000", "time": "2025-07-13T13:35:42.573643Z", "fetched_at": "2025-07-13T13:39:32.728705+00:00", "symbol": "ADA-USD"}, {"trade_id": 143346292, "side": "buy", "size": "38.11090863", "price": "0.73950000", "time": "2025-07-13T13:35:41.614765Z", "fetched_at": "2025-07-13T13:39:32.728705+00:00", "symbol": "ADA-USD"}, {"trade_id": 143346291, "side": "buy", "size": "213.15677861", "price": "0.73950000", "time": "2025-07-13T13:35:41.545219Z", "fetched_at": "2025-07-13T13:39:32.728705+00:00", "symbol": "ADA-USD"}, {"trade_id": 143346290, "side": "buy", "size": "694.44991395", "price": "0.73950000", "time": "2025-07-13T13:35:41.489424Z", "fetched_at": "2025-07-13T13:39:32.728705+00:00", "symbol": "ADA-USD"}, {"trade_id": 143346289, "side": "buy", "size": "1.50000000", "price": "0.73950000", "time": "2025-07-13T13:35:41.489424Z", "fetched_at": "2025-07-13T13:39:32.728705+00:00", "symbol": "ADA-USD"}, {"trade_id": 143346288, "side": "buy", "size": "1.60090814", "price": "0.73960000", "time": "2025-07-13T13:35:40.402656Z", "fetched_at": "2025-07-13T13:39:32.728705+00:00", "symbol": "ADA-USD"}, {"trade_id": 143346287, "side": "buy", "size": "3.28034335", "price": "0.73960000", "time": "2025-07-13T13:35:39.869785Z", "fetched_at": "2025-07-13T13:39:32.728705+00:00", "symbol": "ADA-USD"}, {"trade_id": 143346286, "side": "buy", "size": "3.28034335", "price": "0.73960000", "time": "2025-07-13T13:35:39.852287Z", "fetched_at": "2025-07-13T13:39:32.728705+00:00", "symbol": "ADA-USD"}, {"trade_id": 143346285, "side": "buy", "size": "3.28034335", "price": "0.73960000", "time": "2025-07-13T13:35:39.841367Z", "fetched_at": "2025-07-13T13:39:32.728705+00:00", "symbol": "ADA-USD"}, {"trade_id": 143346284, "side": "buy", "size": "3.28034335", "price": "0.73960000", "time": "2025-07-13T13:35:39.829498Z", "fetched_at": "2025-07-13T13:39:32.728705+00:00", "symbol": "ADA-USD"}, {"trade_id": 143346283, "side": "buy", "size": "3.28034335", "price": "0.73960000", "time": "2025-07-13T13:35:39.817163Z", "fetched_at": "2025-07-13T13:39:32.728705+00:00", "symbol": "ADA-USD"}, {"trade_id": 143346282, "side": "buy", "size": "24.99469544", "price": "0.73960000", "time": "2025-07-13T13:35:39.817163Z", "fetched_at": "2025-07-13T13:39:32.728705+00:00", "symbol": "ADA-USD"}, {"trade_id": 143346281, "side": "buy", "size": "751.71229531", "price": "0.73960000", "time": "2025-07-13T13:35:39.804331Z", "fetched_at": "2025-07-13T13:39:32.728705+00:00", "symbol": "ADA-USD"}, {"trade_id": 143346280, "side": "buy", "size": "6.01041101", "price": "0.73960000", "time": "2025-07-13T13:35:39.804331Z", "fetched_at": "2025-07-13T13:39:32.728705+00:00", "symbol": "ADA-USD"}, {"trade_id": 143346279, "side": "buy", "size": "3.62444462", "price": "0.73970000", "time": "2025-07-13T13:35:39.773649Z", "fetched_at": "2025-07-13T13:39:32.728705+00:00", "symbol": "ADA-USD"}, {"trade_id": 143346278, "side": "buy", "size": "3.06870966", "price": "0.73970000", "time": "2025-07-13T13:35:38.703803Z", "fetched_at": "2025-07-13T13:39:32.728705+00:00", "symbol": "ADA-USD"}, {"trade_id": 143346277, "side": "buy", "size": "29.54797056", "price": "0.73970000", "time": "2025-07-13T13:35:37.631713Z", "fetched_at": "2025-07-13T13:39:32.728705+00:00", "symbol": "ADA-USD"}, {"trade_id": 143346276, "side": "buy", "size": "790.81603061", "price": "0.73970000", "time": "2025-07-13T13:35:37.631713Z", "fetched_at": "2025-07-13T13:39:32.728705+00:00", "symbol": "ADA-USD"}, {"trade_id": 143346275, "side": "sell", "size": "12.39535750", "price": "0.73970000", "time": "2025-07-13T13:35:37.198955Z", "fetched_at": "2025-07-13T13:39:32.728705+00:00", "symbol": "ADA-USD"}, {"trade_id": 143346274, "side": "buy", "size": "1.73184264", "price": "0.73950000", "time": "2025-07-13T13:35:35.672018Z", "fetched_at": "2025-07-13T13:39:32.728705+00:00", "symbol": "ADA-USD"}, {"trade_id": 143346273, "side": "buy", "size": "1.72554465", "price": "0.73950000", "time": "2025-07-13T13:35:35.651119Z", "fetched_at": "2025-07-13T13:39:32.728705+00:00", "symbol": "ADA-USD"}, {"trade_id": 143346272, "side": "buy", "size": "1.72554465", "price": "0.73950000", "time": "2025-07-13T13:35:35.617798Z", "fetched_at": "2025-07-13T13:39:32.728705+00:00", "symbol": "ADA-USD"}, {"trade_id": 143346271, "side": "buy", "size": "8.01388135", "price": "0.73960000", "time": "2025-07-13T13:35:34.401915Z", "fetched_at": "2025-07-13T13:39:32.728705+00:00", "symbol": "ADA-USD"}, {"trade_id": 143346270, "side": "buy", "size": "664.58690919", "price": "0.73960000", "time": "2025-07-13T13:35:34.312721Z", "fetched_at": "2025-07-13T13:39:32.728705+00:00", "symbol": "ADA-USD"}, {"trade_id": 143346269, "side": "buy", "size": "10.68517513", "price": "0.73960000", "time": "2025-07-13T13:35:34.312721Z", "fetched_at": "2025-07-13T13:39:32.728705+00:00", "symbol": "ADA-USD"}, {"trade_id": 143346268, "side": "buy", "size": "70.86167000", "price": "0.73940000", "time": "2025-07-13T13:35:33.099397Z", "fetched_at": "2025-07-13T13:39:32.728705+00:00", "symbol": "ADA-USD"}, {"trade_id": 143346267, "side": "buy", "size": "66.24263446", "price": "0.73940000", "time": "2025-07-13T13:35:33.099357Z", "fetched_at": "2025-07-13T13:39:32.728705+00:00", "symbol": "ADA-USD"}, {"trade_id": 143346266, "side": "buy", "size": "1.50000000", "price": "0.73940000", "time": "2025-07-13T13:35:33.099357Z", "fetched_at": "2025-07-13T13:39:32.728705+00:00", "symbol": "ADA-USD"}, {"trade_id": 143346265, "side": "buy", "size": "1.61903554", "price": "0.73950000", "time": "2025-07-13T13:35:33.099357Z", "fetched_at": "2025-07-13T13:39:32.728705+00:00", "symbol": "ADA-USD"}, {"trade_id": 143346264, "side": "buy", "size": "1.50000000", "price": "0.73950000", "time": "2025-07-13T13:35:33.099357Z", "fetched_at": "2025-07-13T13:39:32.728705+00:00", "symbol": "ADA-USD"}, {"trade_id": 143346263, "side": "buy", "size": "14.24690017", "price": "0.73960000", "time": "2025-07-13T13:35:30.983703Z", "fetched_at": "2025-07-13T13:39:32.728705+00:00", "symbol": "ADA-USD"}, {"trade_id": 143346262, "side": "buy", "size": "1.55865897", "price": "0.73960000", "time": "2025-07-13T13:35:30.683980Z", "fetched_at": "2025-07-13T13:39:32.728705+00:00", "symbol": "ADA-USD"}, {"trade_id": 143346261, "side": "buy", "size": "18.99586690", "price": "0.73960000", "time": "2025-07-13T13:35:30.522239Z", "fetched_at": "2025-07-13T13:39:32.728705+00:00", "symbol": "ADA-USD"}, {"trade_id": 143346260, "side": "buy", "size": "3.27479544", "price": "0.73960000", "time": "2025-07-13T13:35:30.074631Z", "fetched_at": "2025-07-13T13:39:32.728705+00:00", "symbol": "ADA-USD"}, {"trade_id": 143346259, "side": "buy", "size": "3.27479544", "price": "0.73960000", "time": "2025-07-13T13:35:30.063755Z", "fetched_at": "2025-07-13T13:39:32.728705+00:00", "symbol": "ADA-USD"}, {"trade_id": 143346258, "side": "buy", "size": "3.28450463", "price": "0.73960000", "time": "2025-07-13T13:35:30.012846Z", "fetched_at": "2025-07-13T13:39:32.728705+00:00", "symbol": "ADA-USD"}, {"trade_id": 143346257, "side": "buy", "size": "1.50000000", "price": "0.73960000", "time": "2025-07-13T13:35:30.012846Z", "fetched_at": "2025-07-13T13:39:32.728705+00:00", "symbol": "ADA-USD"}, {"trade_id": 143346256, "side": "buy", "size": "3.28406059", "price": "0.73970000", "time": "2025-07-13T13:35:29.956190Z", "fetched_at": "2025-07-13T13:39:32.728705+00:00", "symbol": "ADA-USD"}, {"trade_id": 143346255, "side": "buy", "size": "1.50000000", "price": "0.73970000", "time": "2025-07-13T13:35:29.956190Z", "fetched_at": "2025-07-13T13:39:32.728705+00:00", "symbol": "ADA-USD"}, {"trade_id": 143346254, "side": "buy", "size": "6.90309552", "price": "0.73990000", "time": "2025-07-13T13:35:29.812017Z", "fetched_at": "2025-07-13T13:39:32.728705+00:00", "symbol": "ADA-USD"}, {"trade_id": 143346253, "side": "buy", "size": "490.14928864", "price": "0.73990000", "time": "2025-07-13T13:35:29.808008Z", "fetched_at": "2025-07-13T13:39:32.728705+00:00", "symbol": "ADA-USD"}, {"trade_id": 143346252, "side": "buy", "size": "699.44941624", "price": "0.73990000", "time": "2025-07-13T13:35:29.808008Z", "fetched_at": "2025-07-13T13:39:32.728705+00:00", "symbol": "ADA-USD"}, {"trade_id": 143346251, "side": "buy", "size": "72.23651807", "price": "0.73990000", "time": "2025-07-13T13:35:29.808008Z", "fetched_at": "2025-07-13T13:39:32.728705+00:00", "symbol": "ADA-USD"}, {"trade_id": 143346250, "side": "buy", "size": "700.46927643", "price": "0.73990000", "time": "2025-07-13T13:35:29.804641Z", "fetched_at": "2025-07-13T13:39:32.728705+00:00", "symbol": "ADA-USD"}, {"trade_id": 143346249, "side": "buy", "size": "6.90216267", "price": "0.74000000", "time": "2025-07-13T13:35:29.804641Z", "fetched_at": "2025-07-13T13:39:32.728705+00:00", "symbol": "ADA-USD"}, {"trade_id": 143346248, "side": "buy", "size": "6.05591741", "price": "0.74010000", "time": "2025-07-13T13:35:29.434664Z", "fetched_at": "2025-07-13T13:39:32.728705+00:00", "symbol": "ADA-USD"}, {"trade_id": 143346247, "side": "buy", "size": "25.32782253", "price": "0.74010000", "time": "2025-07-13T13:35:29.434664Z", "fetched_at": "2025-07-13T13:39:32.728705+00:00", "symbol": "ADA-USD"}, {"trade_id": 143346246, "side": "sell", "size": "89.20406167", "price": "0.74030000", "time": "2025-07-13T13:35:29.363736Z", "fetched_at": "2025-07-13T13:39:32.728705+00:00", "symbol": "ADA-USD"}, {"trade_id": 143346245, "side": "sell", "size": "1.50000000", "price": "0.74030000", "time": "2025-07-13T13:35:29.363736Z", "fetched_at": "2025-07-13T13:39:32.728705+00:00", "symbol": "ADA-USD"}, {"trade_id": 143346244, "side": "sell", "size": "310.50000000", "price": "0.74020000", "time": "2025-07-13T13:35:29.363736Z", "fetched_at": "2025-07-13T13:39:32.728705+00:00", "symbol": "ADA-USD"}, {"trade_id": 143346243, "side": "sell", "size": "4.09183833", "price": "0.74020000", "time": "2025-07-13T13:35:29.363736Z", "fetched_at": "2025-07-13T13:39:32.728705+00:00", "symbol": "ADA-USD"}, {"trade_id": 143346242, "side": "sell", "size": "6.35215500", "price": "0.74020000", "time": "2025-07-13T13:35:27.419191Z", "fetched_at": "2025-07-13T13:39:32.728705+00:00", "symbol": "ADA-USD"}, {"trade_id": 143346241, "side": "buy", "size": "33.77043004", "price": "0.74020000", "time": "2025-07-13T13:35:26.815860Z", "fetched_at": "2025-07-13T13:39:32.728705+00:00", "symbol": "ADA-USD"}, {"trade_id": 143346240, "side": "sell", "size": "12.38533879", "price": "0.74020000", "time": "2025-07-13T13:35:26.705716Z", "fetched_at": "2025-07-13T13:39:32.728705+00:00", "symbol": "ADA-USD"}, {"trade_id": 143346239, "side": "buy", "size": "114.79174184", "price": "0.74020000", "time": "2025-07-13T13:35:24.808621Z", "fetched_at": "2025-07-13T13:39:32.728705+00:00", "symbol": "ADA-USD"}, {"trade_id": 143346238, "side": "buy", "size": "70.86167000", "price": "0.74020000", "time": "2025-07-13T13:35:23.003143Z", "fetched_at": "2025-07-13T13:39:32.728705+00:00", "symbol": "ADA-USD"}, {"trade_id": 143346237, "side": "sell", "size": "12.38778801", "price": "0.74010000", "time": "2025-07-13T13:35:22.992158Z", "fetched_at": "2025-07-13T13:39:32.728705+00:00", "symbol": "ADA-USD"}, {"trade_id": 143346236, "side": "buy", "size": "169.13752000", "price": "0.73990000", "time": "2025-07-13T13:35:22.823341Z", "fetched_at": "2025-07-13T13:39:32.728705+00:00", "symbol": "ADA-USD"}, {"trade_id": 143346235, "side": "sell", "size": "50.00000000", "price": "0.73990000", "time": "2025-07-13T13:35:22.818183Z", "fetched_at": "2025-07-13T13:39:32.728705+00:00", "symbol": "ADA-USD"}, {"trade_id": 143346234, "side": "sell", "size": "600.00000000", "price": "0.74000000", "time": "2025-07-13T13:35:22.815648Z", "fetched_at": "2025-07-13T13:39:32.728705+00:00", "symbol": "ADA-USD"}, {"trade_id": 143346233, "side": "sell", "size": "275.00859402", "price": "0.74000000", "time": "2025-07-13T13:35:22.815648Z", "fetched_at": "2025-07-13T13:39:32.728705+00:00", "symbol": "ADA-USD"}, {"trade_id": 143346232, "side": "sell", "size": "310.50000000", "price": "0.74000000", "time": "2025-07-13T13:35:22.815648Z", "fetched_at": "2025-07-13T13:39:32.728705+00:00", "symbol": "ADA-USD"}, {"trade_id": 143346231, "side": "sell", "size": "12.38696378", "price": "0.73990000", "time": "2025-07-13T13:35:22.814735Z", "fetched_at": "2025-07-13T13:39:32.728705+00:00", "symbol": "ADA-USD"}, {"trade_id": 143346230, "side": "sell", "size": "675.76699553", "price": "0.73990000", "time": "2025-07-13T13:35:22.814735Z", "fetched_at": "2025-07-13T13:39:32.728705+00:00", "symbol": "ADA-USD"}, {"trade_id": 143346229, "side": "sell", "size": "310.50000000", "price": "0.73990000", "time": "2025-07-13T13:35:22.814735Z", "fetched_at": "2025-07-13T13:39:32.728705+00:00", "symbol": "ADA-USD"}, {"trade_id": 143346228, "side": "buy", "size": "1.50000000", "price": "0.73980000", "time": "2025-07-13T13:35:22.400746Z", "fetched_at": "2025-07-13T13:39:32.728705+00:00", "symbol": "ADA-USD"}, {"trade_id": 143346227, "side": "buy", "size": "1.50000000", "price": "0.73990000", "time": "2025-07-13T13:35:22.259636Z", "fetched_at": "2025-07-13T13:39:32.728705+00:00", "symbol": "ADA-USD"}, {"trade_id": 143346226, "side": "sell", "size": "6.68557500", "price": "0.74010000", "time": "2025-07-13T13:35:21.918282Z", "fetched_at": "2025-07-13T13:39:32.728705+00:00", "symbol": "ADA-USD"}, {"trade_id": 143346225, "side": "buy", "size": "1.50000000", "price": "0.74000000", "time": "2025-07-13T13:35:21.528975Z", "fetched_at": "2025-07-13T13:39:32.728705+00:00", "symbol": "ADA-USD"}, {"trade_id": 143346224, "side": "buy", "size": "1.50000000", "price": "0.74010000", "time": "2025-07-13T13:35:19.991535Z", "fetched_at": "2025-07-13T13:39:32.728705+00:00", "symbol": "ADA-USD"}, {"trade_id": 143346223, "side": "buy", "size": "0.00000006", "price": "0.74020000", "time": "2025-07-13T13:35:19.968029Z", "fetched_at": "2025-07-13T13:39:32.728705+00:00", "symbol": "ADA-USD"}, {"trade_id": 143346222, "side": "buy", "size": "45.02724000", "price": "0.74020000", "time": "2025-07-13T13:35:19.967779Z", "fetched_at": "2025-07-13T13:39:32.728705+00:00", "symbol": "ADA-USD"}, {"trade_id": 143346221, "side": "buy", "size": "169.30575800", "price": "0.74010000", "time": "2025-07-13T13:35:19.404287Z", "fetched_at": "2025-07-13T13:39:32.728705+00:00", "symbol": "ADA-USD"}, {"trade_id": 143346220, "side": "buy", "size": "1.50000000", "price": "0.74020000", "time": "2025-07-13T13:35:19.404287Z", "fetched_at": "2025-07-13T13:39:32.728705+00:00", "symbol": "ADA-USD"}, {"trade_id": 143346219, "side": "sell", "size": "150.43601900", "price": "0.74040000", "time": "2025-07-13T13:35:17.423311Z", "fetched_at": "2025-07-13T13:39:32.728705+00:00", "symbol": "ADA-USD"}, {"trade_id": 143346218, "side": "sell", "size": "310.50000000", "price": "0.74040000", "time": "2025-07-13T13:35:17.423311Z", "fetched_at": "2025-07-13T13:39:32.728705+00:00", "symbol": "ADA-USD"}, {"trade_id": 143346217, "side": "sell", "size": "51.00306000", "price": "0.74040000", "time": "2025-07-13T13:35:17.423311Z", "fetched_at": "2025-07-13T13:39:32.728705+00:00", "symbol": "ADA-USD"}, {"trade_id": 143346216, "side": "buy", "size": "1.50000000", "price": "0.74030000", "time": "2025-07-13T13:35:17.112065Z", "fetched_at": "2025-07-13T13:39:32.728705+00:00", "symbol": "ADA-USD"}, {"trade_id": 143346215, "side": "buy", "size": "76.32662893", "price": "0.74040000", "time": "2025-07-13T13:35:16.987372Z", "fetched_at": "2025-07-13T13:39:32.728705+00:00", "symbol": "ADA-USD"}, {"trade_id": 143346214, "side": "buy", "size": "60.03632007", "price": "0.74040000", "time": "2025-07-13T13:35:16.987372Z", "fetched_at": "2025-07-13T13:39:32.728705+00:00", "symbol": "ADA-USD"}, {"trade_id": 143346213, "side": "buy", "size": "1.50000000", "price": "0.74040000", "time": "2025-07-13T13:35:16.269946Z", "fetched_at": "2025-07-13T13:39:32.728705+00:00", "symbol": "ADA-USD"}, {"trade_id": 143346212, "side": "buy", "size": "1.50000000", "price": "0.74050000", "time": "2025-07-13T13:35:16.092307Z", "fetched_at": "2025-07-13T13:39:32.728705+00:00", "symbol": "ADA-USD"}, {"trade_id": 143346211, "side": "buy", "size": "1.35557140", "price": "0.74060000", "time": "2025-07-13T13:35:16.081203Z", "fetched_at": "2025-07-13T13:39:32.728705+00:00", "symbol": "ADA-USD"}, {"trade_id": 143346210, "side": "buy", "size": "1.35557140", "price": "0.74060000", "time": "2025-07-13T13:35:15.877350Z", "fetched_at": "2025-07-13T13:39:32.728705+00:00", "symbol": "ADA-USD"}, {"trade_id": 143346209, "side": "buy", "size": "1.50000000", "price": "0.74060000", "time": "2025-07-13T13:35:15.877350Z", "fetched_at": "2025-07-13T13:39:32.728705+00:00", "symbol": "ADA-USD"}, {"trade_id": 143346208, "side": "buy", "size": "1.14319124", "price": "0.74070000", "time": "2025-07-13T13:35:15.672843Z", "fetched_at": "2025-07-13T13:39:32.728705+00:00", "symbol": "ADA-USD"}, {"trade_id": 143346207, "side": "buy", "size": "0.22280476", "price": "0.74070000", "time": "2025-07-13T13:35:15.660555Z", "fetched_at": "2025-07-13T13:39:32.728705+00:00", "symbol": "ADA-USD"}, {"trade_id": 143346206, "side": "buy", "size": "1.50000000", "price": "0.74070000", "time": "2025-07-13T13:35:15.660555Z", "fetched_at": "2025-07-13T13:39:32.728705+00:00", "symbol": "ADA-USD"}, {"trade_id": 143346205, "side": "buy", "size": "484.17665727", "price": "0.74080000", "time": "2025-07-13T13:35:15.557317Z", "fetched_at": "2025-07-13T13:39:32.728705+00:00", "symbol": "ADA-USD"}, {"trade_id": 143346204, "side": "buy", "size": "51.00306000", "price": "0.74080000", "time": "2025-07-13T13:35:15.553416Z", "fetched_at": "2025-07-13T13:39:32.728705+00:00", "symbol": "ADA-USD"}, {"trade_id": 143346203, "side": "buy", "size": "928.35361899", "price": "0.74080000", "time": "2025-07-13T13:35:15.544188Z", "fetched_at": "2025-07-13T13:39:32.728705+00:00", "symbol": "ADA-USD"}, {"trade_id": 143346202, "side": "buy", "size": "2385.25915052", "price": "0.74080000", "time": "2025-07-13T13:35:15.531706Z", "fetched_at": "2025-07-13T13:39:32.728705+00:00", "symbol": "ADA-USD"}, {"trade_id": 143346201, "side": "buy", "size": "687.08114085", "price": "0.74080000", "time": "2025-07-13T13:35:15.531332Z", "fetched_at": "2025-07-13T13:39:32.728705+00:00", "symbol": "ADA-USD"}, {"trade_id": 143346200, "side": "buy", "size": "12.37105874", "price": "0.74100000", "time": "2025-07-13T13:35:13.610510Z", "fetched_at": "2025-07-13T13:39:32.728705+00:00", "symbol": "ADA-USD"}, {"trade_id": 143346199, "side": "sell", "size": "13.36573500", "price": "0.74100000", "time": "2025-07-13T13:35:13.598818Z", "fetched_at": "2025-07-13T13:39:32.728705+00:00", "symbol": "ADA-USD"}, {"trade_id": 143346198, "side": "buy", "size": "12.37105874", "price": "0.74100000", "time": "2025-07-13T13:35:13.586033Z", "fetched_at": "2025-07-13T13:39:32.728705+00:00", "symbol": "ADA-USD"}, {"trade_id": 143346197, "side": "buy", "size": "12.37105874", "price": "0.74100000", "time": "2025-07-13T13:35:13.562894Z", "fetched_at": "2025-07-13T13:39:32.728705+00:00", "symbol": "ADA-USD"}, {"trade_id": 143346196, "side": "buy", "size": "12.37105874", "price": "0.74100000", "time": "2025-07-13T13:35:13.537225Z", "fetched_at": "2025-07-13T13:39:32.728705+00:00", "symbol": "ADA-USD"}, {"trade_id": 143346195, "side": "buy", "size": "587.69578489", "price": "0.74100000", "time": "2025-07-13T13:35:13.525107Z", "fetched_at": "2025-07-13T13:39:32.728705+00:00", "symbol": "ADA-USD"}, {"trade_id": 143346194, "side": "buy", "size": "274.42231508", "price": "0.74100000", "time": "2025-07-13T13:35:13.389316Z", "fetched_at": "2025-07-13T13:39:32.728705+00:00", "symbol": "ADA-USD"}, {"trade_id": 143346193, "side": "buy", "size": "168.07306396", "price": "0.74100000", "time": "2025-07-13T13:35:13.368964Z", "fetched_at": "2025-07-13T13:39:32.728705+00:00", "symbol": "ADA-USD"}, {"trade_id": 143346192, "side": "buy", "size": "67.37747250", "price": "0.74100000", "time": "2025-07-13T13:35:13.344349Z", "fetched_at": "2025-07-13T13:39:32.728705+00:00", "symbol": "ADA-USD"}, {"trade_id": 143346191, "side": "buy", "size": "162.09843301", "price": "0.74100000", "time": "2025-07-13T13:35:13.334158Z", "fetched_at": "2025-07-13T13:39:32.728705+00:00", "symbol": "ADA-USD"}, {"trade_id": 143346190, "side": "buy", "size": "86.19745743", "price": "0.74100000", "time": "2025-07-13T13:35:13.310181Z", "fetched_at": "2025-07-13T13:39:32.728705+00:00", "symbol": "ADA-USD"}, {"trade_id": 143346189, "side": "buy", "size": "55.83646953", "price": "0.74100000", "time": "2025-07-13T13:35:13.297233Z", "fetched_at": "2025-07-13T13:39:32.728705+00:00", "symbol": "ADA-USD"}, {"trade_id": 143346188, "side": "buy", "size": "74.76742077", "price": "0.74100000", "time": "2025-07-13T13:35:13.268520Z", "fetched_at": "2025-07-13T13:39:32.728705+00:00", "symbol": "ADA-USD"}, {"trade_id": 143346187, "side": "buy", "size": "195.48789418", "price": "0.74100000", "time": "2025-07-13T13:35:13.256932Z", "fetched_at": "2025-07-13T13:39:32.728705+00:00", "symbol": "ADA-USD"}, {"trade_id": 143346186, "side": "buy", "size": "130.26802472", "price": "0.74100000", "time": "2025-07-13T13:35:13.220033Z", "fetched_at": "2025-07-13T13:39:32.728705+00:00", "symbol": "ADA-USD"}, {"trade_id": 143346185, "side": "buy", "size": "1049.25355384", "price": "0.74100000", "time": "2025-07-13T13:35:13.210028Z", "fetched_at": "2025-07-13T13:39:32.728705+00:00", "symbol": "ADA-USD"}, {"trade_id": 143346184, "side": "sell", "size": "3.17219849", "price": "0.74110000", "time": "2025-07-13T13:35:08.116760Z", "fetched_at": "2025-07-13T13:39:32.728705+00:00", "symbol": "ADA-USD"}, {"trade_id": 143346183, "side": "sell", "size": "1.50000000", "price": "0.74110000", "time": "2025-07-13T13:35:08.116760Z", "fetched_at": "2025-07-13T13:39:32.728705+00:00", "symbol": "ADA-USD"}, {"trade_id": 143346182, "side": "sell", "size": "28.98021158", "price": "0.74110000", "time": "2025-07-13T13:35:08.116760Z", "fetched_at": "2025-07-13T13:39:32.728705+00:00", "symbol": "ADA-USD"}, {"trade_id": 143346181, "side": "sell", "size": "0.63188206", "price": "0.74110000", "time": "2025-07-13T13:35:08.116760Z", "fetched_at": "2025-07-13T13:39:32.728705+00:00", "symbol": "ADA-USD"}, {"trade_id": 143346180, "side": "buy", "size": "31.65757023", "price": "0.74100000", "time": "2025-07-13T13:35:01.595446Z", "fetched_at": "2025-07-13T13:39:32.728705+00:00", "symbol": "ADA-USD"}, {"trade_id": 143346179, "side": "buy", "size": "50.00000000", "price": "0.74100000", "time": "2025-07-13T13:35:01.595446Z", "fetched_at": "2025-07-13T13:39:32.728705+00:00", "symbol": "ADA-USD"}, {"trade_id": 143346178, "side": "buy", "size": "112.75834000", "price": "0.74100000", "time": "2025-07-13T13:35:01.595446Z", "fetched_at": "2025-07-13T13:39:32.728705+00:00", "symbol": "ADA-USD"}, {"trade_id": 143346177, "side": "buy", "size": "85.29960960", "price": "0.74100000", "time": "2025-07-13T13:35:01.595446Z", "fetched_at": "2025-07-13T13:39:32.728705+00:00", "symbol": "ADA-USD"}, {"trade_id": 143346176, "side": "buy", "size": "157.54425000", "price": "0.74100000", "time": "2025-07-13T13:35:01.595446Z", "fetched_at": "2025-07-13T13:39:32.728705+00:00", "symbol": "ADA-USD"}, {"trade_id": 143346175, "side": "buy", "size": "169.13752000", "price": "0.74100000", "time": "2025-07-13T13:35:01.371021Z", "fetched_at": "2025-07-13T13:39:32.728705+00:00", "symbol": "ADA-USD"}, {"trade_id": 143346174, "side": "sell", "size": "50.00000000", "price": "0.74100000", "time": "2025-07-13T13:35:01.366485Z", "fetched_at": "2025-07-13T13:39:32.728705+00:00", "symbol": "ADA-USD"}, {"trade_id": 143346173, "side": "sell", "size": "245.53080175", "price": "0.74100000", "time": "2025-07-13T13:35:01.366485Z", "fetched_at": "2025-07-13T13:39:32.728705+00:00", "symbol": "ADA-USD"}, {"trade_id": 143346172, "side": "sell", "size": "64.96919825", "price": "0.74100000", "time": "2025-07-13T13:35:01.366232Z", "fetched_at": "2025-07-13T13:39:32.728705+00:00", "symbol": "ADA-USD"}, {"trade_id": 143346171, "side": "sell", "size": "1.50000000", "price": "0.74100000", "time": "2025-07-13T13:35:01.366232Z", "fetched_at": "2025-07-13T13:39:32.728705+00:00", "symbol": "ADA-USD"}, {"trade_id": 143346170, "side": "sell", "size": "4.39247175", "price": "0.74090000", "time": "2025-07-13T13:35:01.366232Z", "fetched_at": "2025-07-13T13:39:32.728705+00:00", "symbol": "ADA-USD"}, {"trade_id": 143346169, "side": "buy", "size": "112.75834000", "price": "0.74090000", "time": "2025-07-13T13:34:57.920083Z", "fetched_at": "2025-07-13T13:39:32.728705+00:00", "symbol": "ADA-USD"}, {"trade_id": 143346168, "side": "buy", "size": "306.04889459", "price": "0.74080000", "time": "2025-07-13T13:34:56.819942Z", "fetched_at": "2025-07-13T13:39:32.728705+00:00", "symbol": "ADA-USD"}, {"trade_id": 143346167, "side": "buy", "size": "51.00306000", "price": "0.74080000", "time": "2025-07-13T13:34:56.672100Z", "fetched_at": "2025-07-13T13:39:32.728705+00:00", "symbol": "ADA-USD"}, {"trade_id": 143346166, "side": "sell", "size": "338.42045427", "price": "0.74090000", "time": "2025-07-13T13:34:56.664375Z", "fetched_at": "2025-07-13T13:39:32.728705+00:00", "symbol": "ADA-USD"}, {"trade_id": 143346165, "side": "sell", "size": "25.39246485", "price": "0.74090000", "time": "2025-07-13T13:34:56.664375Z", "fetched_at": "2025-07-13T13:39:32.728705+00:00", "symbol": "ADA-USD"}, {"trade_id": 143346164, "side": "sell", "size": "4900.80000000", "price": "0.74090000", "time": "2025-07-13T13:34:56.664375Z", "fetched_at": "2025-07-13T13:39:32.728705+00:00", "symbol": "ADA-USD"}, {"trade_id": 143346163, "side": "sell", "size": "1.50000000", "price": "0.74090000", "time": "2025-07-13T13:34:56.664375Z", "fetched_at": "2025-07-13T13:39:32.728705+00:00", "symbol": "ADA-USD"}, {"trade_id": 143346162, "side": "sell", "size": "310.50000000", "price": "0.74090000", "time": "2025-07-13T13:34:56.664375Z", "fetched_at": "2025-07-13T13:39:32.728705+00:00", "symbol": "ADA-USD"}, {"trade_id": 143346161, "side": "sell", "size": "674.96097888", "price": "0.74080000", "time": "2025-07-13T13:34:56.664375Z", "fetched_at": "2025-07-13T13:39:32.728705+00:00", "symbol": "ADA-USD"}, {"trade_id": 143346160, "side": "sell", "size": "310.50000000", "price": "0.74080000", "time": "2025-07-13T13:34:56.664375Z", "fetched_at": "2025-07-13T13:39:32.728705+00:00", "symbol": "ADA-USD"}, {"trade_id": 143346159, "side": "sell", "size": "1.50000000", "price": "0.74080000", "time": "2025-07-13T13:34:56.664375Z", "fetched_at": "2025-07-13T13:39:32.728705+00:00", "symbol": "ADA-USD"}, {"trade_id": 143346158, "side": "buy", "size": "36.82482938", "price": "0.74070000", "time": "2025-07-13T13:34:56.073798Z", "fetched_at": "2025-07-13T13:39:32.728705+00:00", "symbol": "ADA-USD"}, {"trade_id": 143346157, "side": "buy", "size": "543.74484456", "price": "0.74070000", "time": "2025-07-13T13:34:55.739987Z", "fetched_at": "2025-07-13T13:39:32.728705+00:00", "symbol": "ADA-USD"}, {"trade_id": 143346156, "side": "sell", "size": "50.99513800", "price": "0.74070000", "time": "2025-07-13T13:34:55.195892Z", "fetched_at": "2025-07-13T13:39:32.728705+00:00", "symbol": "ADA-USD"}, {"trade_id": 143346155, "side": "sell", "size": "1.50000000", "price": "0.74070000", "time": "2025-07-13T13:34:55.195892Z", "fetched_at": "2025-07-13T13:39:32.728705+00:00", "symbol": "ADA-USD"}, {"trade_id": 143346154, "side": "buy", "size": "50.78301944", "price": "0.74060000", "time": "2025-07-13T13:34:54.671116Z", "fetched_at": "2025-07-13T13:39:32.728705+00:00", "symbol": "ADA-USD"}, {"trade_id": 143346153, "side": "buy", "size": "738.69525253", "price": "0.74060000", "time": "2025-07-13T13:34:54.653220Z", "fetched_at": "2025-07-13T13:39:32.728705+00:00", "symbol": "ADA-USD"}, {"trade_id": 143346152, "side": "buy", "size": "48.09703424", "price": "0.74060000", "time": "2025-07-13T13:34:52.509200Z", "fetched_at": "2025-07-13T13:39:32.728705+00:00", "symbol": "ADA-USD"}, {"trade_id": 143346151, "side": "sell", "size": "12.53336737", "price": "0.74060000", "time": "2025-07-13T13:34:52.498679Z", "fetched_at": "2025-07-13T13:39:32.728705+00:00", "symbol": "ADA-USD"}, {"trade_id": 143346150, "side": "sell", "size": "1.50000000", "price": "0.74060000", "time": "2025-07-13T13:34:52.498679Z", "fetched_at": "2025-07-13T13:39:32.728705+00:00", "symbol": "ADA-USD"}, {"trade_id": 143346149, "side": "buy", "size": "169.13752000", "price": "0.74040000", "time": "2025-07-13T13:34:50.301176Z", "fetched_at": "2025-07-13T13:39:32.728705+00:00", "symbol": "ADA-USD"}, {"trade_id": 143346148, "side": "sell", "size": "12.53851282", "price": "0.74040000", "time": "2025-07-13T13:34:50.297011Z", "fetched_at": "2025-07-13T13:39:32.728705+00:00", "symbol": "ADA-USD"}, {"trade_id": 143346147, "side": "sell", "size": "674.54262803", "price": "0.74040000", "time": "2025-07-13T13:34:50.297011Z", "fetched_at": "2025-07-13T13:39:32.728705+00:00", "symbol": "ADA-USD"}, {"trade_id": 143346146, "side": "sell", "size": "0.83963500", "price": "0.74040000", "time": "2025-07-13T13:34:48.937695Z", "fetched_at": "2025-07-13T13:39:32.728705+00:00", "symbol": "ADA-USD"}, {"trade_id": 143346145, "side": "sell", "size": "1.50000000", "price": "0.74040000", "time": "2025-07-13T13:34:48.937695Z", "fetched_at": "2025-07-13T13:39:32.728705+00:00", "symbol": "ADA-USD"}, {"trade_id": 143346144, "side": "sell", "size": "12.54039161", "price": "0.74020000", "time": "2025-07-13T13:34:47.591980Z", "fetched_at": "2025-07-13T13:39:32.728705+00:00", "symbol": "ADA-USD"}, {"trade_id": 143346143, "side": "buy", "size": "2.26696711", "price": "0.74020000", "time": "2025-07-13T13:34:46.866558Z", "fetched_at": "2025-07-13T13:39:32.728705+00:00", "symbol": "ADA-USD"}, {"trade_id": 143346142, "side": "buy", "size": "677.50473979", "price": "0.74020000", "time": "2025-07-13T13:34:46.856704Z", "fetched_at": "2025-07-13T13:39:32.728705+00:00", "symbol": "ADA-USD"}, {"trade_id": 143346141, "side": "buy", "size": "2.26696711", "price": "0.74020000", "time": "2025-07-13T13:34:46.856704Z", "fetched_at": "2025-07-13T13:39:32.728705+00:00", "symbol": "ADA-USD"}, {"trade_id": 143346140, "side": "buy", "size": "3.90100411", "price": "0.74010000", "time": "2025-07-13T13:34:46.043878Z", "fetched_at": "2025-07-13T13:39:32.728705+00:00", "symbol": "ADA-USD"}, {"trade_id": 143346139, "side": "buy", "size": "3.90100411", "price": "0.74010000", "time": "2025-07-13T13:34:45.907038Z", "fetched_at": "2025-07-13T13:39:32.728705+00:00", "symbol": "ADA-USD"}