[{"trade_id": 143339158, "side": "sell", "size": "0.06390358", "price": "0.73610000", "time": "2025-07-13T12:39:29.926237Z", "fetched_at": "2025-07-13T12:39:32.950817+00:00", "symbol": "ADA-USD"}, {"trade_id": 143339157, "side": "sell", "size": "0.00001916", "price": "0.73610000", "time": "2025-07-13T12:39:29.926237Z", "fetched_at": "2025-07-13T12:39:32.950817+00:00", "symbol": "ADA-USD"}, {"trade_id": 143339156, "side": "sell", "size": "1.50000000", "price": "0.73600000", "time": "2025-07-13T12:39:29.435918Z", "fetched_at": "2025-07-13T12:39:32.950817+00:00", "symbol": "ADA-USD"}, {"trade_id": 143339155, "side": "sell", "size": "47.61195309", "price": "0.73600000", "time": "2025-07-13T12:39:29.435918Z", "fetched_at": "2025-07-13T12:39:32.950817+00:00", "symbol": "ADA-USD"}, {"trade_id": 143339154, "side": "sell", "size": "5.93824965", "price": "0.73600000", "time": "2025-07-13T12:39:29.434366Z", "fetched_at": "2025-07-13T12:39:32.950817+00:00", "symbol": "ADA-USD"}, {"trade_id": 143339153, "side": "sell", "size": "0.00000385", "price": "0.73600000", "time": "2025-07-13T12:39:29.434366Z", "fetched_at": "2025-07-13T12:39:32.950817+00:00", "symbol": "ADA-USD"}, {"trade_id": 143339152, "side": "sell", "size": "66.89466650", "price": "0.73600000", "time": "2025-07-13T12:39:29.434366Z", "fetched_at": "2025-07-13T12:39:32.950817+00:00", "symbol": "ADA-USD"}, {"trade_id": 143339151, "side": "sell", "size": "50.37117794", "price": "0.73600000", "time": "2025-07-13T12:39:29.431348Z", "fetched_at": "2025-07-13T12:39:32.950817+00:00", "symbol": "ADA-USD"}, {"trade_id": 143339150, "side": "sell", "size": "0.63188206", "price": "0.73600000", "time": "2025-07-13T12:39:29.431348Z", "fetched_at": "2025-07-13T12:39:32.950817+00:00", "symbol": "ADA-USD"}, {"trade_id": 143339149, "side": "sell", "size": "41.33421589", "price": "0.73590000", "time": "2025-07-13T12:39:29.344495Z", "fetched_at": "2025-07-13T12:39:32.950817+00:00", "symbol": "ADA-USD"}, {"trade_id": 143339148, "side": "sell", "size": "0.00137039", "price": "0.73590000", "time": "2025-07-13T12:39:29.344495Z", "fetched_at": "2025-07-13T12:39:32.950817+00:00", "symbol": "ADA-USD"}, {"trade_id": 143339147, "side": "sell", "size": "7.81807161", "price": "0.73590000", "time": "2025-07-13T12:39:29.344495Z", "fetched_at": "2025-07-13T12:39:32.950817+00:00", "symbol": "ADA-USD"}, {"trade_id": 143339146, "side": "sell", "size": "10.61070310", "price": "0.73580000", "time": "2025-07-13T12:39:29.181384Z", "fetched_at": "2025-07-13T12:39:32.950817+00:00", "symbol": "ADA-USD"}, {"trade_id": 143339145, "side": "sell", "size": "761.40629611", "price": "0.73580000", "time": "2025-07-13T12:39:29.101134Z", "fetched_at": "2025-07-13T12:39:32.950817+00:00", "symbol": "ADA-USD"}, {"trade_id": 143339144, "side": "sell", "size": "10.61070310", "price": "0.73580000", "time": "2025-07-13T12:39:29.101134Z", "fetched_at": "2025-07-13T12:39:32.950817+00:00", "symbol": "ADA-USD"}, {"trade_id": 143339143, "side": "sell", "size": "716.54278460", "price": "0.73580000", "time": "2025-07-13T12:39:29.101134Z", "fetched_at": "2025-07-13T12:39:32.950817+00:00", "symbol": "ADA-USD"}, {"trade_id": 143339142, "side": "sell", "size": "1.50000000", "price": "0.73580000", "time": "2025-07-13T12:39:29.101134Z", "fetched_at": "2025-07-13T12:39:32.950817+00:00", "symbol": "ADA-USD"}, {"trade_id": 143339141, "side": "sell", "size": "11.41829496", "price": "0.73580000", "time": "2025-07-13T12:39:29.101134Z", "fetched_at": "2025-07-13T12:39:32.950817+00:00", "symbol": "ADA-USD"}, {"trade_id": 143339140, "side": "sell", "size": "13.68738023", "price": "0.73580000", "time": "2025-07-13T12:39:29.101134Z", "fetched_at": "2025-07-13T12:39:32.950817+00:00", "symbol": "ADA-USD"}, {"trade_id": 143339139, "side": "sell", "size": "111.76471900", "price": "0.73580000", "time": "2025-07-13T12:39:29.101134Z", "fetched_at": "2025-07-13T12:39:32.950817+00:00", "symbol": "ADA-USD"}, {"trade_id": 143339138, "side": "sell", "size": "39.90132200", "price": "0.73580000", "time": "2025-07-13T12:39:29.101134Z", "fetched_at": "2025-07-13T12:39:32.950817+00:00", "symbol": "ADA-USD"}, {"trade_id": 143339137, "side": "sell", "size": "70.76167000", "price": "0.73580000", "time": "2025-07-13T12:39:29.096794Z", "fetched_at": "2025-07-13T12:39:32.950817+00:00", "symbol": "ADA-USD"}, {"trade_id": 143339136, "side": "sell", "size": "0.10000000", "price": "0.73580000", "time": "2025-07-13T12:39:29.096794Z", "fetched_at": "2025-07-13T12:39:32.950817+00:00", "symbol": "ADA-USD"}, {"trade_id": 143339135, "side": "sell", "size": "48.12828096", "price": "0.73570000", "time": "2025-07-13T12:39:27.995541Z", "fetched_at": "2025-07-13T12:39:32.950817+00:00", "symbol": "ADA-USD"}, {"trade_id": 143339134, "side": "sell", "size": "7.97245756", "price": "0.73570000", "time": "2025-07-13T12:39:27.995541Z", "fetched_at": "2025-07-13T12:39:32.950817+00:00", "symbol": "ADA-USD"}, {"trade_id": 143339133, "side": "sell", "size": "1.50000000", "price": "0.73560000", "time": "2025-07-13T12:39:27.992388Z", "fetched_at": "2025-07-13T12:39:32.950817+00:00", "symbol": "ADA-USD"}, {"trade_id": 143339132, "side": "sell", "size": "0.43022297", "price": "0.73560000", "time": "2025-07-13T12:39:27.992388Z", "fetched_at": "2025-07-13T12:39:32.950817+00:00", "symbol": "ADA-USD"}, {"trade_id": 143339131, "side": "sell", "size": "76.30180000", "price": "0.73560000", "time": "2025-07-13T12:39:27.992247Z", "fetched_at": "2025-07-13T12:39:32.950817+00:00", "symbol": "ADA-USD"}, {"trade_id": 143339130, "side": "buy", "size": "13.59619307", "price": "0.73550000", "time": "2025-07-13T12:39:27.847259Z", "fetched_at": "2025-07-13T12:39:32.950817+00:00", "symbol": "ADA-USD"}, {"trade_id": 143339129, "side": "buy", "size": "310.50000000", "price": "0.73550000", "time": "2025-07-13T12:39:27.847259Z", "fetched_at": "2025-07-13T12:39:32.950817+00:00", "symbol": "ADA-USD"}, {"trade_id": 143339128, "side": "buy", "size": "20.32816623", "price": "0.73550000", "time": "2025-07-13T12:39:27.847259Z", "fetched_at": "2025-07-13T12:39:32.950817+00:00", "symbol": "ADA-USD"}, {"trade_id": 143339127, "side": "sell", "size": "10.15440072", "price": "0.73550000", "time": "2025-07-13T12:39:27.441923Z", "fetched_at": "2025-07-13T12:39:32.950817+00:00", "symbol": "ADA-USD"}, {"trade_id": 143339126, "side": "sell", "size": "1.50000000", "price": "0.73540000", "time": "2025-07-13T12:39:27.393454Z", "fetched_at": "2025-07-13T12:39:32.950817+00:00", "symbol": "ADA-USD"}, {"trade_id": 143339125, "side": "sell", "size": "7.43959905", "price": "0.73540000", "time": "2025-07-13T12:39:27.393454Z", "fetched_at": "2025-07-13T12:39:32.950817+00:00", "symbol": "ADA-USD"}, {"trade_id": 143339124, "side": "sell", "size": "1.50000000", "price": "0.73530000", "time": "2025-07-13T12:39:27.178136Z", "fetched_at": "2025-07-13T12:39:32.950817+00:00", "symbol": "ADA-USD"}, {"trade_id": 143339123, "side": "sell", "size": "37.28492323", "price": "0.73530000", "time": "2025-07-13T12:39:27.178136Z", "fetched_at": "2025-07-13T12:39:32.950817+00:00", "symbol": "ADA-USD"}, {"trade_id": 143339122, "side": "sell", "size": "1.50000000", "price": "0.73520000", "time": "2025-07-13T12:39:27.172131Z", "fetched_at": "2025-07-13T12:39:32.950817+00:00", "symbol": "ADA-USD"}, {"trade_id": 143339121, "side": "sell", "size": "40.00409853", "price": "0.73520000", "time": "2025-07-13T12:39:27.172131Z", "fetched_at": "2025-07-13T12:39:32.950817+00:00", "symbol": "ADA-USD"}, {"trade_id": 143339120, "side": "sell", "size": "4.84293385", "price": "0.73510000", "time": "2025-07-13T12:39:26.961822Z", "fetched_at": "2025-07-13T12:39:32.950817+00:00", "symbol": "ADA-USD"}, {"trade_id": 143339119, "side": "sell", "size": "1.50000000", "price": "0.73510000", "time": "2025-07-13T12:39:26.961822Z", "fetched_at": "2025-07-13T12:39:32.950817+00:00", "symbol": "ADA-USD"}, {"trade_id": 143339118, "side": "sell", "size": "22.40898300", "price": "0.73510000", "time": "2025-07-13T12:39:26.961822Z", "fetched_at": "2025-07-13T12:39:32.950817+00:00", "symbol": "ADA-USD"}, {"trade_id": 143339117, "side": "sell", "size": "1.50000000", "price": "0.73500000", "time": "2025-07-13T12:39:26.909307Z", "fetched_at": "2025-07-13T12:39:32.950817+00:00", "symbol": "ADA-USD"}, {"trade_id": 143339116, "side": "sell", "size": "803.90000000", "price": "0.73500000", "time": "2025-07-13T12:39:26.909307Z", "fetched_at": "2025-07-13T12:39:32.950817+00:00", "symbol": "ADA-USD"}, {"trade_id": 143339115, "side": "sell", "size": "3.31075314", "price": "0.73500000", "time": "2025-07-13T12:39:26.909307Z", "fetched_at": "2025-07-13T12:39:32.950817+00:00", "symbol": "ADA-USD"}, {"trade_id": 143339114, "side": "sell", "size": "1.50000000", "price": "0.73490000", "time": "2025-07-13T12:39:26.904835Z", "fetched_at": "2025-07-13T12:39:32.950817+00:00", "symbol": "ADA-USD"}, {"trade_id": 143339113, "side": "sell", "size": "1.50000000", "price": "0.73480000", "time": "2025-07-13T12:39:26.843581Z", "fetched_at": "2025-07-13T12:39:32.950817+00:00", "symbol": "ADA-USD"}, {"trade_id": 143339112, "side": "sell", "size": "1.50000000", "price": "0.73470000", "time": "2025-07-13T12:39:26.832376Z", "fetched_at": "2025-07-13T12:39:32.950817+00:00", "symbol": "ADA-USD"}, {"trade_id": 143339111, "side": "sell", "size": "1.50000000", "price": "0.73460000", "time": "2025-07-13T12:39:26.829144Z", "fetched_at": "2025-07-13T12:39:32.950817+00:00", "symbol": "ADA-USD"}, {"trade_id": 143339110, "side": "sell", "size": "1.50000000", "price": "0.73450000", "time": "2025-07-13T12:39:26.822559Z", "fetched_at": "2025-07-13T12:39:32.950817+00:00", "symbol": "ADA-USD"}, {"trade_id": 143339109, "side": "sell", "size": "4.84294315", "price": "0.73440000", "time": "2025-07-13T12:39:26.811321Z", "fetched_at": "2025-07-13T12:39:32.950817+00:00", "symbol": "ADA-USD"}, {"trade_id": 143339108, "side": "sell", "size": "1.50000000", "price": "0.73440000", "time": "2025-07-13T12:39:26.811321Z", "fetched_at": "2025-07-13T12:39:32.950817+00:00", "symbol": "ADA-USD"}, {"trade_id": 143339107, "side": "sell", "size": "8.75005685", "price": "0.73430000", "time": "2025-07-13T12:39:26.014819Z", "fetched_at": "2025-07-13T12:39:32.950817+00:00", "symbol": "ADA-USD"}, {"trade_id": 143339106, "side": "sell", "size": "1.50000000", "price": "0.73430000", "time": "2025-07-13T12:39:26.014819Z", "fetched_at": "2025-07-13T12:39:32.950817+00:00", "symbol": "ADA-USD"}, {"trade_id": 143339105, "side": "sell", "size": "310.50000000", "price": "0.73420000", "time": "2025-07-13T12:39:21.908534Z", "fetched_at": "2025-07-13T12:39:32.950817+00:00", "symbol": "ADA-USD"}, {"trade_id": 143339104, "side": "sell", "size": "13.62506025", "price": "0.73420000", "time": "2025-07-13T12:39:21.908534Z", "fetched_at": "2025-07-13T12:39:32.950817+00:00", "symbol": "ADA-USD"}, {"trade_id": 143339103, "side": "sell", "size": "1.50000000", "price": "0.73420000", "time": "2025-07-13T12:39:21.908534Z", "fetched_at": "2025-07-13T12:39:32.950817+00:00", "symbol": "ADA-USD"}, {"trade_id": 143339102, "side": "buy", "size": "10.01963019", "price": "0.73400000", "time": "2025-07-13T12:39:21.270273Z", "fetched_at": "2025-07-13T12:39:32.950817+00:00", "symbol": "ADA-USD"}, {"trade_id": 143339101, "side": "buy", "size": "2.90791632", "price": "0.73400000", "time": "2025-07-13T12:39:21.270273Z", "fetched_at": "2025-07-13T12:39:32.950817+00:00", "symbol": "ADA-USD"}, {"trade_id": 143339100, "side": "buy", "size": "3.01205253", "price": "0.73400000", "time": "2025-07-13T12:39:18.911Z", "fetched_at": "2025-07-13T12:39:32.950817+00:00", "symbol": "ADA-USD"}, {"trade_id": 143339099, "side": "buy", "size": "4.31423443", "price": "0.73410000", "time": "2025-07-13T12:39:18.414451Z", "fetched_at": "2025-07-13T12:39:32.950817+00:00", "symbol": "ADA-USD"}, {"trade_id": 143339098, "side": "sell", "size": "33.09440100", "price": "0.73430000", "time": "2025-07-13T12:39:16.819592Z", "fetched_at": "2025-07-13T12:39:32.950817+00:00", "symbol": "ADA-USD"}, {"trade_id": 143339097, "side": "sell", "size": "66.23362800", "price": "0.73420000", "time": "2025-07-13T12:39:13.025887Z", "fetched_at": "2025-07-13T12:39:32.950817+00:00", "symbol": "ADA-USD"}, {"trade_id": 143339096, "side": "buy", "size": "1.83520105", "price": "0.73410000", "time": "2025-07-13T12:39:08.203855Z", "fetched_at": "2025-07-13T12:39:32.950817+00:00", "symbol": "ADA-USD"}, {"trade_id": 143339095, "side": "buy", "size": "106.37795328", "price": "0.73410000", "time": "2025-07-13T12:39:08.203855Z", "fetched_at": "2025-07-13T12:39:32.950817+00:00", "symbol": "ADA-USD"}, {"trade_id": 143339094, "side": "sell", "size": "51.00306000", "price": "0.73410000", "time": "2025-07-13T12:39:08.184745Z", "fetched_at": "2025-07-13T12:39:32.950817+00:00", "symbol": "ADA-USD"}, {"trade_id": 143339093, "side": "sell", "size": "13.62320970", "price": "0.73410000", "time": "2025-07-13T12:39:08.184745Z", "fetched_at": "2025-07-13T12:39:32.950817+00:00", "symbol": "ADA-USD"}, {"trade_id": 143339092, "side": "sell", "size": "31.65794212", "price": "0.73410000", "time": "2025-07-13T12:39:08.184745Z", "fetched_at": "2025-07-13T12:39:32.950817+00:00", "symbol": "ADA-USD"}, {"trade_id": 143339091, "side": "sell", "size": "674.08890888", "price": "0.73400000", "time": "2025-07-13T12:39:08.175054Z", "fetched_at": "2025-07-13T12:39:32.950817+00:00", "symbol": "ADA-USD"}, {"trade_id": 143339090, "side": "sell", "size": "772.80845982", "price": "0.73400000", "time": "2025-07-13T12:39:08.175054Z", "fetched_at": "2025-07-13T12:39:32.950817+00:00", "symbol": "ADA-USD"}, {"trade_id": 143339089, "side": "sell", "size": "218.77666000", "price": "0.73400000", "time": "2025-07-13T12:39:08.175054Z", "fetched_at": "2025-07-13T12:39:32.950817+00:00", "symbol": "ADA-USD"}, {"trade_id": 143339088, "side": "sell", "size": "70.86167000", "price": "0.73400000", "time": "2025-07-13T12:39:08.174387Z", "fetched_at": "2025-07-13T12:39:32.950817+00:00", "symbol": "ADA-USD"}, {"trade_id": 143339087, "side": "sell", "size": "20.86167000", "price": "0.73400000", "time": "2025-07-13T12:39:08.174330Z", "fetched_at": "2025-07-13T12:39:32.950817+00:00", "symbol": "ADA-USD"}, {"trade_id": 143339086, "side": "sell", "size": "50.00000000", "price": "0.73400000", "time": "2025-07-13T12:39:08.174330Z", "fetched_at": "2025-07-13T12:39:32.950817+00:00", "symbol": "ADA-USD"}, {"trade_id": 143339085, "side": "buy", "size": "2.22227327", "price": "0.73400000", "time": "2025-07-13T12:39:07.522688Z", "fetched_at": "2025-07-13T12:39:32.950817+00:00", "symbol": "ADA-USD"}, {"trade_id": 143339084, "side": "buy", "size": "0.00000656", "price": "0.73410000", "time": "2025-07-13T12:39:06.561876Z", "fetched_at": "2025-07-13T12:39:32.950817+00:00", "symbol": "ADA-USD"}, {"trade_id": 143339083, "side": "buy", "size": "2.71848408", "price": "0.73410000", "time": "2025-07-13T12:39:06.559586Z", "fetched_at": "2025-07-13T12:39:32.950817+00:00", "symbol": "ADA-USD"}, {"trade_id": 143339082, "side": "buy", "size": "52.26376592", "price": "0.73410000", "time": "2025-07-13T12:39:06.559586Z", "fetched_at": "2025-07-13T12:39:32.950817+00:00", "symbol": "ADA-USD"}, {"trade_id": 143339081, "side": "buy", "size": "3.58610358", "price": "0.73420000", "time": "2025-07-13T12:39:05.140358Z", "fetched_at": "2025-07-13T12:39:32.950817+00:00", "symbol": "ADA-USD"}, {"trade_id": 143339080, "side": "buy", "size": "9.10730848", "price": "0.73430000", "time": "2025-07-13T12:39:04.611183Z", "fetched_at": "2025-07-13T12:39:32.950817+00:00", "symbol": "ADA-USD"}, {"trade_id": 143339079, "side": "sell", "size": "1.29658900", "price": "0.73440000", "time": "2025-07-13T12:39:03.978009Z", "fetched_at": "2025-07-13T12:39:32.950817+00:00", "symbol": "ADA-USD"}, {"trade_id": 143339078, "side": "sell", "size": "118.85041105", "price": "0.73450000", "time": "2025-07-13T12:39:02.038910Z", "fetched_at": "2025-07-13T12:39:32.950817+00:00", "symbol": "ADA-USD"}, {"trade_id": 143339077, "side": "sell", "size": "13.61741895", "price": "0.73440000", "time": "2025-07-13T12:39:02.038910Z", "fetched_at": "2025-07-13T12:39:32.950817+00:00", "symbol": "ADA-USD"}, {"trade_id": 143339076, "side": "buy", "size": "113.97576188", "price": "0.73430000", "time": "2025-07-13T12:39:01.831109Z", "fetched_at": "2025-07-13T12:39:32.950817+00:00", "symbol": "ADA-USD"}, {"trade_id": 143339075, "side": "buy", "size": "3.46017017", "price": "0.73430000", "time": "2025-07-13T12:39:01.831109Z", "fetched_at": "2025-07-13T12:39:32.950817+00:00", "symbol": "ADA-USD"}, {"trade_id": 143339074, "side": "buy", "size": "18.85175351", "price": "0.73430000", "time": "2025-07-13T12:39:01.831109Z", "fetched_at": "2025-07-13T12:39:32.950817+00:00", "symbol": "ADA-USD"}, {"trade_id": 143339073, "side": "buy", "size": "256.15684051", "price": "0.73430000", "time": "2025-07-13T12:39:01.735663Z", "fetched_at": "2025-07-13T12:39:32.950817+00:00", "symbol": "ADA-USD"}, {"trade_id": 143339072, "side": "buy", "size": "529.15190044", "price": "0.73420000", "time": "2025-07-13T12:38:59.616605Z", "fetched_at": "2025-07-13T12:39:32.950817+00:00", "symbol": "ADA-USD"}, {"trade_id": 143339071, "side": "buy", "size": "25.13568808", "price": "0.73420000", "time": "2025-07-13T12:38:59.616605Z", "fetched_at": "2025-07-13T12:39:32.950817+00:00", "symbol": "ADA-USD"}, {"trade_id": 143339070, "side": "buy", "size": "7.49591148", "price": "0.73430000", "time": "2025-07-13T12:38:59.616605Z", "fetched_at": "2025-07-13T12:39:32.950817+00:00", "symbol": "ADA-USD"}, {"trade_id": 143339069, "side": "buy", "size": "13.61655774", "price": "0.73440000", "time": "2025-07-13T12:38:59.174761Z", "fetched_at": "2025-07-13T12:39:32.950817+00:00", "symbol": "ADA-USD"}, {"trade_id": 143339068, "side": "sell", "size": "1.50000000", "price": "0.73430000", "time": "2025-07-13T12:38:55.958113Z", "fetched_at": "2025-07-13T12:39:32.950817+00:00", "symbol": "ADA-USD"}, {"trade_id": 143339067, "side": "sell", "size": "1.50000000", "price": "0.73420000", "time": "2025-07-13T12:38:55.954353Z", "fetched_at": "2025-07-13T12:39:32.950817+00:00", "symbol": "ADA-USD"}, {"trade_id": 143339066, "side": "sell", "size": "1.50000000", "price": "0.73410000", "time": "2025-07-13T12:38:55.887533Z", "fetched_at": "2025-07-13T12:39:32.950817+00:00", "symbol": "ADA-USD"}, {"trade_id": 143339065, "side": "sell", "size": "681.31267829", "price": "0.73390000", "time": "2025-07-13T12:38:55.787283Z", "fetched_at": "2025-07-13T12:39:32.950817+00:00", "symbol": "ADA-USD"}, {"trade_id": 143339064, "side": "sell", "size": "1.50000000", "price": "0.73390000", "time": "2025-07-13T12:38:55.787283Z", "fetched_at": "2025-07-13T12:39:32.950817+00:00", "symbol": "ADA-USD"}, {"trade_id": 143339063, "side": "sell", "size": "50.00000000", "price": "0.73380000", "time": "2025-07-13T12:38:55.787283Z", "fetched_at": "2025-07-13T12:39:32.950817+00:00", "symbol": "ADA-USD"}, {"trade_id": 143339062, "side": "sell", "size": "1.50000000", "price": "0.73380000", "time": "2025-07-13T12:38:55.782776Z", "fetched_at": "2025-07-13T12:39:32.950817+00:00", "symbol": "ADA-USD"}, {"trade_id": 143339061, "side": "sell", "size": "13.62862138", "price": "0.73370000", "time": "2025-07-13T12:38:55.782776Z", "fetched_at": "2025-07-13T12:39:32.950817+00:00", "symbol": "ADA-USD"}, {"trade_id": 143339060, "side": "sell", "size": "13.62862138", "price": "0.73370000", "time": "2025-07-13T12:38:55.770365Z", "fetched_at": "2025-07-13T12:39:32.950817+00:00", "symbol": "ADA-USD"}, {"trade_id": 143339059, "side": "sell", "size": "706.38346240", "price": "0.73370000", "time": "2025-07-13T12:38:55.770365Z", "fetched_at": "2025-07-13T12:39:32.950817+00:00", "symbol": "ADA-USD"}, {"trade_id": 143339058, "side": "sell", "size": "73.50371296", "price": "0.73370000", "time": "2025-07-13T12:38:55.770365Z", "fetched_at": "2025-07-13T12:39:32.950817+00:00", "symbol": "ADA-USD"}, {"trade_id": 143339057, "side": "sell", "size": "310.50000000", "price": "0.73370000", "time": "2025-07-13T12:38:55.770365Z", "fetched_at": "2025-07-13T12:39:32.950817+00:00", "symbol": "ADA-USD"}, {"trade_id": 143339056, "side": "sell", "size": "153.69855915", "price": "0.73360000", "time": "2025-07-13T12:38:55.770184Z", "fetched_at": "2025-07-13T12:39:32.950817+00:00", "symbol": "ADA-USD"}, {"trade_id": 143339055, "side": "buy", "size": "254.38868952", "price": "0.73350000", "time": "2025-07-13T12:38:55.282183Z", "fetched_at": "2025-07-13T12:39:32.950817+00:00", "symbol": "ADA-USD"}, {"trade_id": 143339054, "side": "buy", "size": "275.00859402", "price": "0.73350000", "time": "2025-07-13T12:38:55.282183Z", "fetched_at": "2025-07-13T12:39:32.950817+00:00", "symbol": "ADA-USD"}, {"trade_id": 143339053, "side": "buy", "size": "2.65021646", "price": "0.73360000", "time": "2025-07-13T12:38:55.282183Z", "fetched_at": "2025-07-13T12:39:32.950817+00:00", "symbol": "ADA-USD"}, {"trade_id": 143339052, "side": "buy", "size": "3.43304012", "price": "0.73370000", "time": "2025-07-13T12:38:54.393543Z", "fetched_at": "2025-07-13T12:39:32.950817+00:00", "symbol": "ADA-USD"}, {"trade_id": 143339051, "side": "sell", "size": "69.36167000", "price": "0.73370000", "time": "2025-07-13T12:38:54.009897Z", "fetched_at": "2025-07-13T12:39:32.950817+00:00", "symbol": "ADA-USD"}, {"trade_id": 143339050, "side": "sell", "size": "1.50000000", "price": "0.73370000", "time": "2025-07-13T12:38:54.009897Z", "fetched_at": "2025-07-13T12:39:32.950817+00:00", "symbol": "ADA-USD"}, {"trade_id": 143339049, "side": "sell", "size": "13.63584880", "price": "0.73360000", "time": "2025-07-13T12:38:53.166283Z", "fetched_at": "2025-07-13T12:39:32.950817+00:00", "symbol": "ADA-USD"}, {"trade_id": 143339048, "side": "sell", "size": "45.04753167", "price": "0.73360000", "time": "2025-07-13T12:38:53.166283Z", "fetched_at": "2025-07-13T12:39:32.950817+00:00", "symbol": "ADA-USD"}, {"trade_id": 143339047, "side": "sell", "size": "28.01468545", "price": "0.73360000", "time": "2025-07-13T12:38:53.166283Z", "fetched_at": "2025-07-13T12:39:32.950817+00:00", "symbol": "ADA-USD"}, {"trade_id": 143339046, "side": "sell", "size": "1.50000000", "price": "0.73360000", "time": "2025-07-13T12:38:53.166283Z", "fetched_at": "2025-07-13T12:39:32.950817+00:00", "symbol": "ADA-USD"}, {"trade_id": 143339045, "side": "sell", "size": "138.54776000", "price": "0.73340000", "time": "2025-07-13T12:38:51.848214Z", "fetched_at": "2025-07-13T12:39:32.950817+00:00", "symbol": "ADA-USD"}, {"trade_id": 143339044, "side": "sell", "size": "1.50000000", "price": "0.73340000", "time": "2025-07-13T12:38:51.848214Z", "fetched_at": "2025-07-13T12:39:32.950817+00:00", "symbol": "ADA-USD"}, {"trade_id": 143339043, "side": "buy", "size": "305.87776293", "price": "0.73330000", "time": "2025-07-13T12:38:51.678773Z", "fetched_at": "2025-07-13T12:39:32.950817+00:00", "symbol": "ADA-USD"}, {"trade_id": 143339042, "side": "buy", "size": "310.50000000", "price": "0.73330000", "time": "2025-07-13T12:38:51.678773Z", "fetched_at": "2025-07-13T12:39:32.950817+00:00", "symbol": "ADA-USD"}, {"trade_id": 143339041, "side": "buy", "size": "400.00000000", "price": "0.73330000", "time": "2025-07-13T12:38:51.678773Z", "fetched_at": "2025-07-13T12:39:32.950817+00:00", "symbol": "ADA-USD"}, {"trade_id": 143339040, "side": "buy", "size": "1.47201553", "price": "0.73330000", "time": "2025-07-13T12:38:51.678773Z", "fetched_at": "2025-07-13T12:39:32.950817+00:00", "symbol": "ADA-USD"}, {"trade_id": 143339039, "side": "buy", "size": "13.57776154", "price": "0.73330000", "time": "2025-07-13T12:38:51.678773Z", "fetched_at": "2025-07-13T12:39:32.950817+00:00", "symbol": "ADA-USD"}, {"trade_id": 143339038, "side": "buy", "size": "51.00306000", "price": "0.73330000", "time": "2025-07-13T12:38:51.678773Z", "fetched_at": "2025-07-13T12:39:32.950817+00:00", "symbol": "ADA-USD"}, {"trade_id": 143339037, "side": "sell", "size": "140.25035000", "price": "0.73330000", "time": "2025-07-13T12:38:50.203408Z", "fetched_at": "2025-07-13T12:39:32.950817+00:00", "symbol": "ADA-USD"}, {"trade_id": 143339036, "side": "sell", "size": "1.60000000", "price": "0.73330000", "time": "2025-07-13T12:38:50.203408Z", "fetched_at": "2025-07-13T12:39:32.950817+00:00", "symbol": "ADA-USD"}, {"trade_id": 143339035, "side": "sell", "size": "1.60000000", "price": "0.73320000", "time": "2025-07-13T12:38:49.876045Z", "fetched_at": "2025-07-13T12:39:32.950817+00:00", "symbol": "ADA-USD"}, {"trade_id": 143339034, "side": "sell", "size": "45.04753000", "price": "0.73310000", "time": "2025-07-13T12:38:49.352934Z", "fetched_at": "2025-07-13T12:39:32.950817+00:00", "symbol": "ADA-USD"}, {"trade_id": 143339033, "side": "buy", "size": "1.55981579", "price": "0.73300000", "time": "2025-07-13T12:38:49.287360Z", "fetched_at": "2025-07-13T12:39:32.950817+00:00", "symbol": "ADA-USD"}, {"trade_id": 143339032, "side": "buy", "size": "275.00859402", "price": "0.73300000", "time": "2025-07-13T12:38:49.287360Z", "fetched_at": "2025-07-13T12:39:32.950817+00:00", "symbol": "ADA-USD"}, {"trade_id": 143339031, "side": "buy", "size": "275.00859402", "price": "0.73300000", "time": "2025-07-13T12:38:47.308072Z", "fetched_at": "2025-07-13T12:39:32.950817+00:00", "symbol": "ADA-USD"}, {"trade_id": 143339030, "side": "buy", "size": "310.50000000", "price": "0.73290000", "time": "2025-07-13T12:38:39.353851Z", "fetched_at": "2025-07-13T12:39:32.950817+00:00", "symbol": "ADA-USD"}, {"trade_id": 143339029, "side": "buy", "size": "1.60000000", "price": "0.73290000", "time": "2025-07-13T12:38:39.353851Z", "fetched_at": "2025-07-13T12:39:32.950817+00:00", "symbol": "ADA-USD"}, {"trade_id": 143339028, "side": "buy", "size": "275.00859402", "price": "0.73300000", "time": "2025-07-13T12:38:37.281474Z", "fetched_at": "2025-07-13T12:39:32.950817+00:00", "symbol": "ADA-USD"}, {"trade_id": 143339027, "side": "buy", "size": "55.94200598", "price": "0.73300000", "time": "2025-07-13T12:38:35.284265Z", "fetched_at": "2025-07-13T12:39:32.950817+00:00", "symbol": "ADA-USD"}, {"trade_id": 143339026, "side": "buy", "size": "275.00859402", "price": "0.73300000", "time": "2025-07-13T12:38:35.284265Z", "fetched_at": "2025-07-13T12:39:32.950817+00:00", "symbol": "ADA-USD"}, {"trade_id": 143339025, "side": "buy", "size": "1.60000000", "price": "0.73300000", "time": "2025-07-13T12:38:35.284265Z", "fetched_at": "2025-07-13T12:39:32.950817+00:00", "symbol": "ADA-USD"}, {"trade_id": 143339024, "side": "buy", "size": "310.50000000", "price": "0.73310000", "time": "2025-07-13T12:38:35.284265Z", "fetched_at": "2025-07-13T12:39:32.950817+00:00", "symbol": "ADA-USD"}, {"trade_id": 143339023, "side": "buy", "size": "1.60000000", "price": "0.73310000", "time": "2025-07-13T12:38:35.284265Z", "fetched_at": "2025-07-13T12:39:32.950817+00:00", "symbol": "ADA-USD"}, {"trade_id": 143339022, "side": "buy", "size": "95.75083927", "price": "0.73320000", "time": "2025-07-13T12:38:34.577494Z", "fetched_at": "2025-07-13T12:39:32.950817+00:00", "symbol": "ADA-USD"}, {"trade_id": 143339021, "side": "buy", "size": "1.52082232", "price": "0.73320000", "time": "2025-07-13T12:38:33.284398Z", "fetched_at": "2025-07-13T12:39:32.950817+00:00", "symbol": "ADA-USD"}, {"trade_id": 143339020, "side": "buy", "size": "483.04740289", "price": "0.73320000", "time": "2025-07-13T12:38:33.284398Z", "fetched_at": "2025-07-13T12:39:32.950817+00:00", "symbol": "ADA-USD"}, {"trade_id": 143339019, "side": "buy", "size": "1.45627479", "price": "0.73330000", "time": "2025-07-13T12:38:33.284398Z", "fetched_at": "2025-07-13T12:39:32.950817+00:00", "symbol": "ADA-USD"}, {"trade_id": 143339018, "side": "buy", "size": "293.62570458", "price": "0.73320000", "time": "2025-07-13T12:38:31.504840Z", "fetched_at": "2025-07-13T12:39:32.950817+00:00", "symbol": "ADA-USD"}, {"trade_id": 143339017, "side": "buy", "size": "310.50000000", "price": "0.73320000", "time": "2025-07-13T12:38:31.504840Z", "fetched_at": "2025-07-13T12:39:32.950817+00:00", "symbol": "ADA-USD"}, {"trade_id": 143339016, "side": "buy", "size": "1.61379402", "price": "0.73320000", "time": "2025-07-13T12:38:31.504840Z", "fetched_at": "2025-07-13T12:39:32.950817+00:00", "symbol": "ADA-USD"}, {"trade_id": 143339015, "side": "buy", "size": "1.56560140", "price": "0.73330000", "time": "2025-07-13T12:38:31.504840Z", "fetched_at": "2025-07-13T12:39:32.950817+00:00", "symbol": "ADA-USD"}, {"trade_id": 143339014, "side": "buy", "size": "604.04559273", "price": "0.73330000", "time": "2025-07-13T12:38:29.364679Z", "fetched_at": "2025-07-13T12:39:32.950817+00:00", "symbol": "ADA-USD"}, {"trade_id": 143339013, "side": "buy", "size": "1.80405243", "price": "0.73340000", "time": "2025-07-13T12:38:29.364679Z", "fetched_at": "2025-07-13T12:39:32.950817+00:00", "symbol": "ADA-USD"}, {"trade_id": 143339012, "side": "buy", "size": "22.28145484", "price": "0.73340000", "time": "2025-07-13T12:38:29.364679Z", "fetched_at": "2025-07-13T12:39:32.950817+00:00", "symbol": "ADA-USD"}, {"trade_id": 143339011, "side": "sell", "size": "258.21185866", "price": "0.73330000", "time": "2025-07-13T12:38:24.337982Z", "fetched_at": "2025-07-13T12:39:32.950817+00:00", "symbol": "ADA-USD"}, {"trade_id": 143339010, "side": "sell", "size": "70.86167000", "price": "0.73330000", "time": "2025-07-13T12:38:24.337626Z", "fetched_at": "2025-07-13T12:39:32.950817+00:00", "symbol": "ADA-USD"}, {"trade_id": 143339009, "side": "buy", "size": "273.39480000", "price": "0.73320000", "time": "2025-07-13T12:38:24.284414Z", "fetched_at": "2025-07-13T12:39:32.950817+00:00", "symbol": "ADA-USD"}, {"trade_id": 143339008, "side": "buy", "size": "310.50000000", "price": "0.73320000", "time": "2025-07-13T12:38:24.284414Z", "fetched_at": "2025-07-13T12:39:32.950817+00:00", "symbol": "ADA-USD"}, {"trade_id": 143339007, "side": "buy", "size": "236.83256952", "price": "0.73320000", "time": "2025-07-13T12:38:22.362866Z", "fetched_at": "2025-07-13T12:39:32.950817+00:00", "symbol": "ADA-USD"}, {"trade_id": 143339006, "side": "buy", "size": "275.00859402", "price": "0.73320000", "time": "2025-07-13T12:38:22.362866Z", "fetched_at": "2025-07-13T12:39:32.950817+00:00", "symbol": "ADA-USD"}, {"trade_id": 143339005, "side": "buy", "size": "1.60000000", "price": "0.73320000", "time": "2025-07-13T12:38:22.362866Z", "fetched_at": "2025-07-13T12:39:32.950817+00:00", "symbol": "ADA-USD"}, {"trade_id": 143339004, "side": "buy", "size": "1.37003646", "price": "0.73330000", "time": "2025-07-13T12:38:22.362866Z", "fetched_at": "2025-07-13T12:39:32.950817+00:00", "symbol": "ADA-USD"}, {"trade_id": 143339003, "side": "sell", "size": "9.36744614", "price": "0.73340000", "time": "2025-07-13T12:38:22.104560Z", "fetched_at": "2025-07-13T12:39:32.950817+00:00", "symbol": "ADA-USD"}, {"trade_id": 143339002, "side": "buy", "size": "1.37002252", "price": "0.73330000", "time": "2025-07-13T12:38:22.103838Z", "fetched_at": "2025-07-13T12:39:32.950817+00:00", "symbol": "ADA-USD"}, {"trade_id": 143339001, "side": "buy", "size": "86.58343748", "price": "0.73330000", "time": "2025-07-13T12:38:22.103838Z", "fetched_at": "2025-07-13T12:39:32.950817+00:00", "symbol": "ADA-USD"}, {"trade_id": 143339000, "side": "buy", "size": "1.60000000", "price": "0.73330000", "time": "2025-07-13T12:38:22.103838Z", "fetched_at": "2025-07-13T12:39:32.950817+00:00", "symbol": "ADA-USD"}, {"trade_id": 143338999, "side": "buy", "size": "1.36984965", "price": "0.73340000", "time": "2025-07-13T12:38:21.931809Z", "fetched_at": "2025-07-13T12:39:32.950817+00:00", "symbol": "ADA-USD"}, {"trade_id": 143338998, "side": "buy", "size": "1.50650894", "price": "0.73350000", "time": "2025-07-13T12:38:21.823679Z", "fetched_at": "2025-07-13T12:39:32.950817+00:00", "symbol": "ADA-USD"}, {"trade_id": 143338997, "side": "buy", "size": "4975.90000000", "price": "0.73350000", "time": "2025-07-13T12:38:21.823679Z", "fetched_at": "2025-07-13T12:39:32.950817+00:00", "symbol": "ADA-USD"}, {"trade_id": 143338996, "side": "buy", "size": "1.84202220", "price": "0.73360000", "time": "2025-07-13T12:38:20.276874Z", "fetched_at": "2025-07-13T12:39:32.950817+00:00", "symbol": "ADA-USD"}, {"trade_id": 143338995, "side": "buy", "size": "275.00859402", "price": "0.73360000", "time": "2025-07-13T12:38:20.276874Z", "fetched_at": "2025-07-13T12:39:32.950817+00:00", "symbol": "ADA-USD"}, {"trade_id": 143338994, "side": "sell", "size": "198.41565620", "price": "0.73370000", "time": "2025-07-13T12:38:18.305902Z", "fetched_at": "2025-07-13T12:39:32.950817+00:00", "symbol": "ADA-USD"}, {"trade_id": 143338993, "side": "sell", "size": "776.67310747", "price": "0.73370000", "time": "2025-07-13T12:38:18.305902Z", "fetched_at": "2025-07-13T12:39:32.950817+00:00", "symbol": "ADA-USD"}, {"trade_id": 143338992, "side": "sell", "size": "310.50000000", "price": "0.73370000", "time": "2025-07-13T12:38:18.305902Z", "fetched_at": "2025-07-13T12:39:32.950817+00:00", "symbol": "ADA-USD"}, {"trade_id": 143338991, "side": "sell", "size": "13.63583645", "price": "0.73360000", "time": "2025-07-13T12:38:18.305902Z", "fetched_at": "2025-07-13T12:39:32.950817+00:00", "symbol": "ADA-USD"}, {"trade_id": 143338990, "side": "sell", "size": "48.23302388", "price": "0.73360000", "time": "2025-07-13T12:38:18.305902Z", "fetched_at": "2025-07-13T12:39:32.950817+00:00", "symbol": "ADA-USD"}, {"trade_id": 143338989, "side": "sell", "size": "1.50000000", "price": "0.73360000", "time": "2025-07-13T12:38:18.305902Z", "fetched_at": "2025-07-13T12:39:32.950817+00:00", "symbol": "ADA-USD"}, {"trade_id": 143338988, "side": "sell", "size": "37.27930540", "price": "0.73340000", "time": "2025-07-13T12:38:16.635325Z", "fetched_at": "2025-07-13T12:39:32.950817+00:00", "symbol": "ADA-USD"}, {"trade_id": 143338987, "side": "sell", "size": "52.62309000", "price": "0.73340000", "time": "2025-07-13T12:38:16.625541Z", "fetched_at": "2025-07-13T12:39:32.950817+00:00", "symbol": "ADA-USD"}, {"trade_id": 143338986, "side": "buy", "size": "324.57169253", "price": "0.73330000", "time": "2025-07-13T12:38:14.343994Z", "fetched_at": "2025-07-13T12:39:32.950817+00:00", "symbol": "ADA-USD"}, {"trade_id": 143338985, "side": "buy", "size": "194.28410747", "price": "0.73330000", "time": "2025-07-13T12:38:14.343994Z", "fetched_at": "2025-07-13T12:39:32.950817+00:00", "symbol": "ADA-USD"}, {"trade_id": 143338984, "side": "buy", "size": "582.38900000", "price": "0.73330000", "time": "2025-07-13T12:38:12.726713Z", "fetched_at": "2025-07-13T12:39:32.950817+00:00", "symbol": "ADA-USD"}, {"trade_id": 143338983, "side": "buy", "size": "1.54906828", "price": "0.73340000", "time": "2025-07-13T12:38:12.456603Z", "fetched_at": "2025-07-13T12:39:32.950817+00:00", "symbol": "ADA-USD"}, {"trade_id": 143338982, "side": "buy", "size": "1.50000000", "price": "0.73340000", "time": "2025-07-13T12:38:12.456603Z", "fetched_at": "2025-07-13T12:39:32.950817+00:00", "symbol": "ADA-USD"}, {"trade_id": 143338981, "side": "sell", "size": "7.28536400", "price": "0.73350000", "time": "2025-07-13T12:38:12.243342Z", "fetched_at": "2025-07-13T12:39:32.950817+00:00", "symbol": "ADA-USD"}, {"trade_id": 143338980, "side": "buy", "size": "1.73495543", "price": "0.73350000", "time": "2025-07-13T12:38:12.210395Z", "fetched_at": "2025-07-13T12:39:32.950817+00:00", "symbol": "ADA-USD"}, {"trade_id": 143338979, "side": "buy", "size": "1.50000000", "price": "0.73350000", "time": "2025-07-13T12:38:12.210395Z", "fetched_at": "2025-07-13T12:39:32.950817+00:00", "symbol": "ADA-USD"}, {"trade_id": 143338978, "side": "buy", "size": "2.33248682", "price": "0.73360000", "time": "2025-07-13T12:38:10.482047Z", "fetched_at": "2025-07-13T12:39:32.950817+00:00", "symbol": "ADA-USD"}, {"trade_id": 143338977, "side": "buy", "size": "4260.47460000", "price": "0.73360000", "time": "2025-07-13T12:38:10.482047Z", "fetched_at": "2025-07-13T12:39:32.950817+00:00", "symbol": "ADA-USD"}, {"trade_id": 143338976, "side": "buy", "size": "716.82540000", "price": "0.73360000", "time": "2025-07-13T12:38:10.464150Z", "fetched_at": "2025-07-13T12:39:32.950817+00:00", "symbol": "ADA-USD"}, {"trade_id": 143338975, "side": "buy", "size": "2.27972777", "price": "0.73370000", "time": "2025-07-13T12:38:10.215913Z", "fetched_at": "2025-07-13T12:39:32.950817+00:00", "symbol": "ADA-USD"}, {"trade_id": 143338974, "side": "buy", "size": "103.93541887", "price": "0.73370000", "time": "2025-07-13T12:38:06.974316Z", "fetched_at": "2025-07-13T12:39:32.950817+00:00", "symbol": "ADA-USD"}, {"trade_id": 143338973, "side": "buy", "size": "51.00306000", "price": "0.73370000", "time": "2025-07-13T12:38:06.974316Z", "fetched_at": "2025-07-13T12:39:32.950817+00:00", "symbol": "ADA-USD"}, {"trade_id": 143338972, "side": "buy", "size": "2.41878468", "price": "0.73370000", "time": "2025-07-13T12:38:06.974316Z", "fetched_at": "2025-07-13T12:39:32.950817+00:00", "symbol": "ADA-USD"}, {"trade_id": 143338971, "side": "buy", "size": "50.00000000", "price": "0.73370000", "time": "2025-07-13T12:38:06.974316Z", "fetched_at": "2025-07-13T12:39:32.950817+00:00", "symbol": "ADA-USD"}, {"trade_id": 143338970, "side": "buy", "size": "29.70860645", "price": "0.73370000", "time": "2025-07-13T12:38:06.974316Z", "fetched_at": "2025-07-13T12:39:32.950817+00:00", "symbol": "ADA-USD"}, {"trade_id": 143338969, "side": "buy", "size": "310.50000000", "price": "0.73370000", "time": "2025-07-13T12:38:06.974316Z", "fetched_at": "2025-07-13T12:39:32.950817+00:00", "symbol": "ADA-USD"}, {"trade_id": 143338968, "side": "sell", "size": "1.50000000", "price": "0.73380000", "time": "2025-07-13T12:38:03.111316Z", "fetched_at": "2025-07-13T12:39:32.950817+00:00", "symbol": "ADA-USD"}, {"trade_id": 143338967, "side": "sell", "size": "1.50000000", "price": "0.73370000", "time": "2025-07-13T12:38:02.528466Z", "fetched_at": "2025-07-13T12:39:32.950817+00:00", "symbol": "ADA-USD"}, {"trade_id": 143338966, "side": "sell", "size": "7.63129625", "price": "0.73360000", "time": "2025-07-13T12:38:01.268863Z", "fetched_at": "2025-07-13T12:39:32.950817+00:00", "symbol": "ADA-USD"}, {"trade_id": 143338965, "side": "sell", "size": "2158.72791503", "price": "0.73360000", "time": "2025-07-13T12:38:01.264425Z", "fetched_at": "2025-07-13T12:39:32.950817+00:00", "symbol": "ADA-USD"}, {"trade_id": 143338964, "side": "sell", "size": "274.88137787", "price": "0.73360000", "time": "2025-07-13T12:38:01.264172Z", "fetched_at": "2025-07-13T12:39:32.950817+00:00", "symbol": "ADA-USD"}, {"trade_id": 143338963, "side": "sell", "size": "2543.09070710", "price": "0.73360000", "time": "2025-07-13T12:38:01.264149Z", "fetched_at": "2025-07-13T12:39:32.950817+00:00", "symbol": "ADA-USD"}, {"trade_id": 143338962, "side": "sell", "size": "681.57980774", "price": "0.73360000", "time": "2025-07-13T12:38:01.264149Z", "fetched_at": "2025-07-13T12:39:32.950817+00:00", "symbol": "ADA-USD"}, {"trade_id": 143338961, "side": "sell", "size": "138.56745114", "price": "0.73360000", "time": "2025-07-13T12:38:01.264149Z", "fetched_at": "2025-07-13T12:39:32.950817+00:00", "symbol": "ADA-USD"}, {"trade_id": 143338960, "side": "buy", "size": "1.50000000", "price": "0.73350000", "time": "2025-07-13T12:37:59.568799Z", "fetched_at": "2025-07-13T12:39:32.950817+00:00", "symbol": "ADA-USD"}, {"trade_id": 143338959, "side": "buy", "size": "78.85335031", "price": "0.73360000", "time": "2025-07-13T12:37:59.058782Z", "fetched_at": "2025-07-13T12:39:32.950817+00:00", "symbol": "ADA-USD"}, {"trade_id": 143338958, "side": "buy", "size": "1.50000000", "price": "0.73360000", "time": "2025-07-13T12:37:59.058782Z", "fetched_at": "2025-07-13T12:39:32.950817+00:00", "symbol": "ADA-USD"}, {"trade_id": 143338957, "side": "buy", "size": "1.58159492", "price": "0.73370000", "time": "2025-07-13T12:37:57.119316Z", "fetched_at": "2025-07-13T12:39:32.950817+00:00", "symbol": "ADA-USD"}, {"trade_id": 143338956, "side": "buy", "size": "1.50000000", "price": "0.73370000", "time": "2025-07-13T12:37:57.119316Z", "fetched_at": "2025-07-13T12:39:32.950817+00:00", "symbol": "ADA-USD"}, {"trade_id": 143338955, "side": "buy", "size": "2.11772241", "price": "0.73380000", "time": "2025-07-13T12:37:48.499594Z", "fetched_at": "2025-07-13T12:39:32.950817+00:00", "symbol": "ADA-USD"}, {"trade_id": 143338954, "side": "buy", "size": "0.00000820", "price": "0.73380000", "time": "2025-07-13T12:37:48.499594Z", "fetched_at": "2025-07-13T12:39:32.950817+00:00", "symbol": "ADA-USD"}, {"trade_id": 143338953, "side": "buy", "size": "1.49999180", "price": "0.73380000", "time": "2025-07-13T12:37:48.006923Z", "fetched_at": "2025-07-13T12:39:32.950817+00:00", "symbol": "ADA-USD"}, {"trade_id": 143338952, "side": "buy", "size": "147.44939820", "price": "0.73380000", "time": "2025-07-13T12:37:48.006923Z", "fetched_at": "2025-07-13T12:39:32.950817+00:00", "symbol": "ADA-USD"}, {"trade_id": 143338951, "side": "buy", "size": "1.50000000", "price": "0.73390000", "time": "2025-07-13T12:37:47.925349Z", "fetched_at": "2025-07-13T12:39:32.950817+00:00", "symbol": "ADA-USD"}, {"trade_id": 143338950, "side": "buy", "size": "1.43485761", "price": "0.73400000", "time": "2025-07-13T12:37:46.472630Z", "fetched_at": "2025-07-13T12:39:32.950817+00:00", "symbol": "ADA-USD"}, {"trade_id": 143338949, "side": "buy", "size": "1.50000000", "price": "0.73400000", "time": "2025-07-13T12:37:46.472630Z", "fetched_at": "2025-07-13T12:39:32.950817+00:00", "symbol": "ADA-USD"}, {"trade_id": 143338948, "side": "buy", "size": "13.62212233", "price": "0.73410000", "time": "2025-07-13T12:37:43.965470Z", "fetched_at": "2025-07-13T12:39:32.950817+00:00", "symbol": "ADA-USD"}, {"trade_id": 143338947, "side": "buy", "size": "1.50000000", "price": "0.73410000", "time": "2025-07-13T12:37:43.965470Z", "fetched_at": "2025-07-13T12:39:32.950817+00:00", "symbol": "ADA-USD"}, {"trade_id": 143338946, "side": "buy", "size": "13.62026696", "price": "0.73420000", "time": "2025-07-13T12:37:43.841310Z", "fetched_at": "2025-07-13T12:39:32.950817+00:00", "symbol": "ADA-USD"}, {"trade_id": 143338945, "side": "buy", "size": "298.41344082", "price": "0.73420000", "time": "2025-07-13T12:37:43.841310Z", "fetched_at": "2025-07-13T12:39:32.950817+00:00", "symbol": "ADA-USD"}, {"trade_id": 143338944, "side": "buy", "size": "13.61841210", "price": "0.73430000", "time": "2025-07-13T12:37:42.045245Z", "fetched_at": "2025-07-13T12:39:32.950817+00:00", "symbol": "ADA-USD"}, {"trade_id": 143338943, "side": "sell", "size": "1.50000000", "price": "0.73430000", "time": "2025-07-13T12:37:39.520824Z", "fetched_at": "2025-07-13T12:39:32.950817+00:00", "symbol": "ADA-USD"}, {"trade_id": 143338942, "side": "sell", "size": "0.00009159", "price": "0.73420000", "time": "2025-07-13T12:37:39.161043Z", "fetched_at": "2025-07-13T12:39:32.950817+00:00", "symbol": "ADA-USD"}, {"trade_id": 143338941, "side": "sell", "size": "3.10490000", "price": "0.73420000", "time": "2025-07-13T12:37:39.157593Z", "fetched_at": "2025-07-13T12:39:32.950817+00:00", "symbol": "ADA-USD"}, {"trade_id": 143338940, "side": "sell", "size": "1.50000000", "price": "0.73420000", "time": "2025-07-13T12:37:39.157593Z", "fetched_at": "2025-07-13T12:39:32.950817+00:00", "symbol": "ADA-USD"}, {"trade_id": 143338939, "side": "sell", "size": "8.17494048", "price": "0.73410000", "time": "2025-07-13T12:37:37.597060Z", "fetched_at": "2025-07-13T12:39:32.950817+00:00", "symbol": "ADA-USD"}, {"trade_id": 143338938, "side": "sell", "size": "4983.10000000", "price": "0.73410000", "time": "2025-07-13T12:37:37.597060Z", "fetched_at": "2025-07-13T12:39:32.950817+00:00", "symbol": "ADA-USD"}, {"trade_id": 143338937, "side": "sell", "size": "1.50000000", "price": "0.73410000", "time": "2025-07-13T12:37:37.597060Z", "fetched_at": "2025-07-13T12:39:32.950817+00:00", "symbol": "ADA-USD"}, {"trade_id": 143338936, "side": "sell", "size": "1.50000000", "price": "0.73400000", "time": "2025-07-13T12:37:32.147055Z", "fetched_at": "2025-07-13T12:39:32.950817+00:00", "symbol": "ADA-USD"}, {"trade_id": 143338935, "side": "sell", "size": "12.79370638", "price": "0.73390000", "time": "2025-07-13T12:37:31.922227Z", "fetched_at": "2025-07-13T12:39:32.950817+00:00", "symbol": "ADA-USD"}, {"trade_id": 143338934, "side": "sell", "size": "1.50000000", "price": "0.73390000", "time": "2025-07-13T12:37:31.922227Z", "fetched_at": "2025-07-13T12:39:32.950817+00:00", "symbol": "ADA-USD"}, {"trade_id": 143338933, "side": "sell", "size": "13.63228197", "price": "0.73380000", "time": "2025-07-13T12:37:30.812874Z", "fetched_at": "2025-07-13T12:39:32.950817+00:00", "symbol": "ADA-USD"}, {"trade_id": 143338932, "side": "sell", "size": "1.50000000", "price": "0.73380000", "time": "2025-07-13T12:37:30.812874Z", "fetched_at": "2025-07-13T12:39:32.950817+00:00", "symbol": "ADA-USD"}, {"trade_id": 143338931, "side": "sell", "size": "211.24922179", "price": "0.73370000", "time": "2025-07-13T12:37:29.904415Z", "fetched_at": "2025-07-13T12:39:32.950817+00:00", "symbol": "ADA-USD"}, {"trade_id": 143338930, "side": "sell", "size": "757.95806971", "price": "0.73370000", "time": "2025-07-13T12:37:29.894073Z", "fetched_at": "2025-07-13T12:39:32.950817+00:00", "symbol": "ADA-USD"}, {"trade_id": 143338929, "side": "sell", "size": "0.00001532", "price": "0.73360000", "time": "2025-07-13T12:37:29.746917Z", "fetched_at": "2025-07-13T12:39:32.950817+00:00", "symbol": "ADA-USD"}, {"trade_id": 143338928, "side": "sell", "size": "13.63227057", "price": "0.73360000", "time": "2025-07-13T12:37:29.745955Z", "fetched_at": "2025-07-13T12:39:32.950817+00:00", "symbol": "ADA-USD"}, {"trade_id": 143338927, "side": "sell", "size": "1.50000000", "price": "0.73360000", "time": "2025-07-13T12:37:29.745955Z", "fetched_at": "2025-07-13T12:39:32.950817+00:00", "symbol": "ADA-USD"}, {"trade_id": 143338926, "side": "sell", "size": "93.13839943", "price": "0.73360000", "time": "2025-07-13T12:37:29.745955Z", "fetched_at": "2025-07-13T12:39:32.950817+00:00", "symbol": "ADA-USD"}, {"trade_id": 143338925, "side": "sell", "size": "187.12153400", "price": "0.73360000", "time": "2025-07-13T12:37:27.038805Z", "fetched_at": "2025-07-13T12:39:32.950817+00:00", "symbol": "ADA-USD"}, {"trade_id": 143338924, "side": "buy", "size": "60.94436800", "price": "0.73300000", "time": "2025-07-13T12:37:15.694463Z", "fetched_at": "2025-07-13T12:39:32.950817+00:00", "symbol": "ADA-USD"}, {"trade_id": 143338923, "side": "buy", "size": "1.60000000", "price": "0.73300000", "time": "2025-07-13T12:37:15.694463Z", "fetched_at": "2025-07-13T12:39:32.950817+00:00", "symbol": "ADA-USD"}, {"trade_id": 143338922, "side": "buy", "size": "1.60000000", "price": "0.73310000", "time": "2025-07-13T12:37:15.694463Z", "fetched_at": "2025-07-13T12:39:32.950817+00:00", "symbol": "ADA-USD"}, {"trade_id": 143338921, "side": "buy", "size": "1.64519366", "price": "0.73320000", "time": "2025-07-13T12:37:14.492820Z", "fetched_at": "2025-07-13T12:39:32.950817+00:00", "symbol": "ADA-USD"}, {"trade_id": 143338920, "side": "buy", "size": "1.60000000", "price": "0.73320000", "time": "2025-07-13T12:37:14.492820Z", "fetched_at": "2025-07-13T12:39:32.950817+00:00", "symbol": "ADA-USD"}, {"trade_id": 143338919, "side": "buy", "size": "1.65674715", "price": "0.73330000", "time": "2025-07-13T12:37:14.448643Z", "fetched_at": "2025-07-13T12:39:32.950817+00:00", "symbol": "ADA-USD"}, {"trade_id": 143338918, "side": "sell", "size": "13.15771500", "price": "0.73340000", "time": "2025-07-13T12:37:14.429709Z", "fetched_at": "2025-07-13T12:39:32.950817+00:00", "symbol": "ADA-USD"}, {"trade_id": 143338917, "side": "buy", "size": "681.81538233", "price": "0.73330000", "time": "2025-07-13T12:37:14.348358Z", "fetched_at": "2025-07-13T12:39:32.950817+00:00", "symbol": "ADA-USD"}, {"trade_id": 143338916, "side": "buy", "size": "4984.20000000", "price": "0.73330000", "time": "2025-07-13T12:37:14.348358Z", "fetched_at": "2025-07-13T12:39:32.950817+00:00", "symbol": "ADA-USD"}, {"trade_id": 143338915, "side": "buy", "size": "950.77048956", "price": "0.73330000", "time": "2025-07-13T12:37:14.348358Z", "fetched_at": "2025-07-13T12:39:32.950817+00:00", "symbol": "ADA-USD"}, {"trade_id": 143338914, "side": "buy", "size": "1.60000000", "price": "0.73330000", "time": "2025-07-13T12:37:14.348358Z", "fetched_at": "2025-07-13T12:39:32.950817+00:00", "symbol": "ADA-USD"}, {"trade_id": 143338913, "side": "buy", "size": "1.65652125", "price": "0.73340000", "time": "2025-07-13T12:37:14.348358Z", "fetched_at": "2025-07-13T12:39:32.950817+00:00", "symbol": "ADA-USD"}, {"trade_id": 143338912, "side": "buy", "size": "1.50000000", "price": "0.73340000", "time": "2025-07-13T12:37:14.348358Z", "fetched_at": "2025-07-13T12:39:32.950817+00:00", "symbol": "ADA-USD"}, {"trade_id": 143338911, "side": "buy", "size": "1.65629541", "price": "0.73350000", "time": "2025-07-13T12:37:14.290418Z", "fetched_at": "2025-07-13T12:39:32.950817+00:00", "symbol": "ADA-USD"}, {"trade_id": 143338910, "side": "buy", "size": "47.74079668", "price": "0.73350000", "time": "2025-07-13T12:37:14.290418Z", "fetched_at": "2025-07-13T12:39:32.950817+00:00", "symbol": "ADA-USD"}, {"trade_id": 143338909, "side": "buy", "size": "1.50000000", "price": "0.73350000", "time": "2025-07-13T12:37:14.290418Z", "fetched_at": "2025-07-13T12:39:32.950817+00:00", "symbol": "ADA-USD"}, {"trade_id": 143338908, "side": "buy", "size": "1.89537787", "price": "0.73360000", "time": "2025-07-13T12:37:14.154302Z", "fetched_at": "2025-07-13T12:39:32.950817+00:00", "symbol": "ADA-USD"}, {"trade_id": 143338907, "side": "buy", "size": "1.50000000", "price": "0.73360000", "time": "2025-07-13T12:37:14.154302Z", "fetched_at": "2025-07-13T12:39:32.950817+00:00", "symbol": "ADA-USD"}, {"trade_id": 143338906, "side": "buy", "size": "0.00001104", "price": "0.73370000", "time": "2025-07-13T12:37:11.999901Z", "fetched_at": "2025-07-13T12:39:32.950817+00:00", "symbol": "ADA-USD"}, {"trade_id": 143338905, "side": "buy", "size": "2.23838376", "price": "0.73370000", "time": "2025-07-13T12:37:11.999841Z", "fetched_at": "2025-07-13T12:39:32.950817+00:00", "symbol": "ADA-USD"}, {"trade_id": 143338904, "side": "buy", "size": "162.21320624", "price": "0.73370000", "time": "2025-07-13T12:37:11.999841Z", "fetched_at": "2025-07-13T12:39:32.950817+00:00", "symbol": "ADA-USD"}, {"trade_id": 143338903, "side": "buy", "size": "51.00306000", "price": "0.73370000", "time": "2025-07-13T12:37:11.398876Z", "fetched_at": "2025-07-13T12:39:32.950817+00:00", "symbol": "ADA-USD"}, {"trade_id": 143338902, "side": "buy", "size": "51.00306000", "price": "0.73370000", "time": "2025-07-13T12:37:11.393104Z", "fetched_at": "2025-07-13T12:39:32.950817+00:00", "symbol": "ADA-USD"}, {"trade_id": 143338901, "side": "buy", "size": "8.79071758", "price": "0.73380000", "time": "2025-07-13T12:37:10.568965Z", "fetched_at": "2025-07-13T12:39:32.950817+00:00", "symbol": "ADA-USD"}, {"trade_id": 143338900, "side": "buy", "size": "6.81477400", "price": "0.73380000", "time": "2025-07-13T12:37:10.379991Z", "fetched_at": "2025-07-13T12:39:32.950817+00:00", "symbol": "ADA-USD"}, {"trade_id": 143338899, "side": "buy", "size": "6.62209900", "price": "0.73370000", "time": "2025-07-13T12:37:09.014818Z", "fetched_at": "2025-07-13T12:39:32.950817+00:00", "symbol": "ADA-USD"}, {"trade_id": 143338898, "side": "sell", "size": "9.67413362", "price": "0.73380000", "time": "2025-07-13T12:37:08.336273Z", "fetched_at": "2025-07-13T12:39:32.950817+00:00", "symbol": "ADA-USD"}, {"trade_id": 143338897, "side": "sell", "size": "93.72185805", "price": "0.73380000", "time": "2025-07-13T12:37:08.336273Z", "fetched_at": "2025-07-13T12:39:32.950817+00:00", "symbol": "ADA-USD"}, {"trade_id": 143338896, "side": "buy", "size": "3.64024291", "price": "0.73380000", "time": "2025-07-13T12:37:07.936332Z", "fetched_at": "2025-07-13T12:39:32.950817+00:00", "symbol": "ADA-USD"}, {"trade_id": 143338895, "side": "buy", "size": "5.79520794", "price": "0.73370000", "time": "2025-07-13T12:37:07.720049Z", "fetched_at": "2025-07-13T12:39:32.950817+00:00", "symbol": "ADA-USD"}, {"trade_id": 143338894, "side": "sell", "size": "1.50000000", "price": "0.73380000", "time": "2025-07-13T12:37:07.714126Z", "fetched_at": "2025-07-13T12:39:32.950817+00:00", "symbol": "ADA-USD"}, {"trade_id": 143338893, "side": "sell", "size": "578.20509215", "price": "0.73380000", "time": "2025-07-13T12:37:07.714126Z", "fetched_at": "2025-07-13T12:39:32.950817+00:00", "symbol": "ADA-USD"}, {"trade_id": 143338892, "side": "sell", "size": "70.86167000", "price": "0.73380000", "time": "2025-07-13T12:37:07.712304Z", "fetched_at": "2025-07-13T12:39:32.950817+00:00", "symbol": "ADA-USD"}, {"trade_id": 143338891, "side": "sell", "size": "13.63211559", "price": "0.73370000", "time": "2025-07-13T12:37:07.712216Z", "fetched_at": "2025-07-13T12:39:32.950817+00:00", "symbol": "ADA-USD"}, {"trade_id": 143338890, "side": "sell", "size": "681.49381967", "price": "0.73370000", "time": "2025-07-13T12:37:07.712216Z", "fetched_at": "2025-07-13T12:39:32.950817+00:00", "symbol": "ADA-USD"}, {"trade_id": 143338889, "side": "sell", "size": "31.72698836", "price": "0.73360000", "time": "2025-07-13T12:37:07.711897Z", "fetched_at": "2025-07-13T12:39:32.950817+00:00", "symbol": "ADA-USD"}, {"trade_id": 143338888, "side": "sell", "size": "613.03612438", "price": "0.73360000", "time": "2025-07-13T12:37:07.711897Z", "fetched_at": "2025-07-13T12:39:32.950817+00:00", "symbol": "ADA-USD"}, {"trade_id": 143338887, "side": "sell", "size": "70.86167000", "price": "0.73360000", "time": "2025-07-13T12:37:07.711652Z", "fetched_at": "2025-07-13T12:39:32.950817+00:00", "symbol": "ADA-USD"}, {"trade_id": 143338886, "side": "sell", "size": "70.86167000", "price": "0.73360000", "time": "2025-07-13T12:37:07.711542Z", "fetched_at": "2025-07-13T12:39:32.950817+00:00", "symbol": "ADA-USD"}, {"trade_id": 143338885, "side": "buy", "size": "1.50000000", "price": "0.73360000", "time": "2025-07-13T12:37:02.735642Z", "fetched_at": "2025-07-13T12:39:32.950817+00:00", "symbol": "ADA-USD"}, {"trade_id": 143338884, "side": "buy", "size": "1.53441087", "price": "0.73370000", "time": "2025-07-13T12:37:01.374159Z", "fetched_at": "2025-07-13T12:39:32.950817+00:00", "symbol": "ADA-USD"}, {"trade_id": 143338883, "side": "buy", "size": "1.50000000", "price": "0.73370000", "time": "2025-07-13T12:37:01.374159Z", "fetched_at": "2025-07-13T12:39:32.950817+00:00", "symbol": "ADA-USD"}, {"trade_id": 143338882, "side": "buy", "size": "1.74161046", "price": "0.73380000", "time": "2025-07-13T12:37:00.689498Z", "fetched_at": "2025-07-13T12:39:32.950817+00:00", "symbol": "ADA-USD"}, {"trade_id": 143338881, "side": "buy", "size": "1.50000000", "price": "0.73380000", "time": "2025-07-13T12:37:00.689498Z", "fetched_at": "2025-07-13T12:39:32.950817+00:00", "symbol": "ADA-USD"}, {"trade_id": 143338880, "side": "buy", "size": "2.02887650", "price": "0.73390000", "time": "2025-07-13T12:37:00.374972Z", "fetched_at": "2025-07-13T12:39:32.950817+00:00", "symbol": "ADA-USD"}, {"trade_id": 143338879, "side": "buy", "size": "4985.80000000", "price": "0.73390000", "time": "2025-07-13T12:37:00.374972Z", "fetched_at": "2025-07-13T12:39:32.950817+00:00", "symbol": "ADA-USD"}, {"trade_id": 143338878, "side": "buy", "size": "28.64339228", "price": "0.73390000", "time": "2025-07-13T12:37:00.374972Z", "fetched_at": "2025-07-13T12:39:32.950817+00:00", "symbol": "ADA-USD"}, {"trade_id": 143338877, "side": "buy", "size": "1.50000000", "price": "0.73390000", "time": "2025-07-13T12:37:00.374972Z", "fetched_at": "2025-07-13T12:39:32.950817+00:00", "symbol": "ADA-USD"}, {"trade_id": 143338876, "side": "buy", "size": "6.42617924", "price": "0.73400000", "time": "2025-07-13T12:36:59.386163Z", "fetched_at": "2025-07-13T12:39:32.950817+00:00", "symbol": "ADA-USD"}, {"trade_id": 143338875, "side": "buy", "size": "6.42617924", "price": "0.73400000", "time": "2025-07-13T12:36:59.366276Z", "fetched_at": "2025-07-13T12:39:32.950817+00:00", "symbol": "ADA-USD"}, {"trade_id": 143338874, "side": "buy", "size": "22.74367061", "price": "0.73400000", "time": "2025-07-13T12:36:59.366276Z", "fetched_at": "2025-07-13T12:39:32.950817+00:00", "symbol": "ADA-USD"}, {"trade_id": 143338873, "side": "buy", "size": "4965.05632939", "price": "0.73400000", "time": "2025-07-13T12:36:59.360709Z", "fetched_at": "2025-07-13T12:39:32.950817+00:00", "symbol": "ADA-USD"}, {"trade_id": 143338872, "side": "buy", "size": "13.62212233", "price": "0.73410000", "time": "2025-07-13T12:36:59.031658Z", "fetched_at": "2025-07-13T12:39:32.950817+00:00", "symbol": "ADA-USD"}, {"trade_id": 143338871, "side": "buy", "size": "46.72216505", "price": "0.73410000", "time": "2025-07-13T12:36:59.031658Z", "fetched_at": "2025-07-13T12:39:32.950817+00:00", "symbol": "ADA-USD"}, {"trade_id": 143338870, "side": "buy", "size": "51.00306000", "price": "0.73410000", "time": "2025-07-13T12:36:59.031106Z", "fetched_at": "2025-07-13T12:39:32.950817+00:00", "symbol": "ADA-USD"}, {"trade_id": 143338869, "side": "buy", "size": "13.62026696", "price": "0.73420000", "time": "2025-07-13T12:36:57.223713Z", "fetched_at": "2025-07-13T12:39:32.950817+00:00", "symbol": "ADA-USD"}, {"trade_id": 143338868, "side": "buy", "size": "182.44252000", "price": "0.73410000", "time": "2025-07-13T12:36:54.962195Z", "fetched_at": "2025-07-13T12:39:32.950817+00:00", "symbol": "ADA-USD"}, {"trade_id": 143338867, "side": "buy", "size": "49.50306000", "price": "0.73420000", "time": "2025-07-13T12:36:54.962195Z", "fetched_at": "2025-07-13T12:39:32.950817+00:00", "symbol": "ADA-USD"}, {"trade_id": 143338866, "side": "sell", "size": "1.50000000", "price": "0.73420000", "time": "2025-07-13T12:36:54.957505Z", "fetched_at": "2025-07-13T12:39:32.950817+00:00", "symbol": "ADA-USD"}, {"trade_id": 143338865, "side": "sell", "size": "800.00000000", "price": "0.73410000", "time": "2025-07-13T12:36:54.898367Z", "fetched_at": "2025-07-13T12:39:32.950817+00:00", "symbol": "ADA-USD"}, {"trade_id": 143338864, "side": "sell", "size": "670.21578731", "price": "0.73410000", "time": "2025-07-13T12:36:54.898367Z", "fetched_at": "2025-07-13T12:39:32.950817+00:00", "symbol": "ADA-USD"}, {"trade_id": 143338863, "side": "sell", "size": "1838.26230000", "price": "0.73410000", "time": "2025-07-13T12:36:54.898367Z", "fetched_at": "2025-07-13T12:39:32.950817+00:00", "symbol": "ADA-USD"}, {"trade_id": 143338862, "side": "sell", "size": "1.50000000", "price": "0.73410000", "time": "2025-07-13T12:36:54.898367Z", "fetched_at": "2025-07-13T12:39:32.950817+00:00", "symbol": "ADA-USD"}, {"trade_id": 143338861, "side": "sell", "size": "310.50000000", "price": "0.73410000", "time": "2025-07-13T12:36:54.898367Z", "fetched_at": "2025-07-13T12:39:32.950817+00:00", "symbol": "ADA-USD"}, {"trade_id": 143338860, "side": "sell", "size": "759.94989145", "price": "0.73400000", "time": "2025-07-13T12:36:54.892874Z", "fetched_at": "2025-07-13T12:39:32.950817+00:00", "symbol": "ADA-USD"}, {"trade_id": 143338859, "side": "sell", "size": "58.68382071", "price": "0.73400000", "time": "2025-07-13T12:36:54.889789Z", "fetched_at": "2025-07-13T12:39:32.950817+00:00", "symbol": "ADA-USD"}, {"trade_id": 143338858, "side": "sell", "size": "1839.41268000", "price": "0.73400000", "time": "2025-07-13T12:36:54.889789Z", "fetched_at": "2025-07-13T12:39:32.950817+00:00", "symbol": "ADA-USD"}, {"trade_id": 143338857, "side": "sell", "size": "4992.90000000", "price": "0.73400000", "time": "2025-07-13T12:36:54.889789Z", "fetched_at": "2025-07-13T12:39:32.950817+00:00", "symbol": "ADA-USD"}, {"trade_id": 143338856, "side": "sell", "size": "1.50000000", "price": "0.73400000", "time": "2025-07-13T12:36:54.889789Z", "fetched_at": "2025-07-13T12:39:32.950817+00:00", "symbol": "ADA-USD"}, {"trade_id": 143338855, "side": "sell", "size": "310.50000000", "price": "0.73400000", "time": "2025-07-13T12:36:54.889789Z", "fetched_at": "2025-07-13T12:39:32.950817+00:00", "symbol": "ADA-USD"}, {"trade_id": 143338854, "side": "sell", "size": "681.31545769", "price": "0.73390000", "time": "2025-07-13T12:36:54.883858Z", "fetched_at": "2025-07-13T12:39:32.950817+00:00", "symbol": "ADA-USD"}, {"trade_id": 143338853, "side": "sell", "size": "1.50000000", "price": "0.73390000", "time": "2025-07-13T12:36:54.883858Z", "fetched_at": "2025-07-13T12:39:32.950817+00:00", "symbol": "ADA-USD"}, {"trade_id": 143338852, "side": "sell", "size": "1.42847235", "price": "0.73380000", "time": "2025-07-13T12:36:54.883858Z", "fetched_at": "2025-07-13T12:39:32.950817+00:00", "symbol": "ADA-USD"}, {"trade_id": 143338851, "side": "sell", "size": "658.59978637", "price": "0.73380000", "time": "2025-07-13T12:36:52.112806Z", "fetched_at": "2025-07-13T12:39:32.950817+00:00", "symbol": "ADA-USD"}, {"trade_id": 143338850, "side": "sell", "size": "3.46861563", "price": "0.73370000", "time": "2025-07-13T12:36:52.112806Z", "fetched_at": "2025-07-13T12:39:32.950817+00:00", "symbol": "ADA-USD"}, {"trade_id": 143338849, "side": "sell", "size": "8.57421887", "price": "0.73370000", "time": "2025-07-13T12:36:48.777789Z", "fetched_at": "2025-07-13T12:39:32.950817+00:00", "symbol": "ADA-USD"}, {"trade_id": 143338848, "side": "buy", "size": "6.23959791", "price": "0.73380000", "time": "2025-07-13T12:36:41.232915Z", "fetched_at": "2025-07-13T12:39:32.950817+00:00", "symbol": "ADA-USD"}, {"trade_id": 143338847, "side": "buy", "size": "189.02204000", "price": "0.73370000", "time": "2025-07-13T12:36:41.210429Z", "fetched_at": "2025-07-13T12:39:32.950817+00:00", "symbol": "ADA-USD"}, {"trade_id": 143338846, "side": "sell", "size": "275.00859402", "price": "0.73380000", "time": "2025-07-13T12:36:41.206290Z", "fetched_at": "2025-07-13T12:39:32.950817+00:00", "symbol": "ADA-USD"}, {"trade_id": 143338845, "side": "sell", "size": "185.75275046", "price": "0.73380000", "time": "2025-07-13T12:36:41.206290Z", "fetched_at": "2025-07-13T12:39:32.950817+00:00", "symbol": "ADA-USD"}, {"trade_id": 143338844, "side": "sell", "size": "4808.34724954", "price": "0.73380000", "time": "2025-07-13T12:36:41.206049Z", "fetched_at": "2025-07-13T12:39:32.950817+00:00", "symbol": "ADA-USD"}, {"trade_id": 143338843, "side": "sell", "size": "1.50000000", "price": "0.73380000", "time": "2025-07-13T12:36:41.206049Z", "fetched_at": "2025-07-13T12:39:32.950817+00:00", "symbol": "ADA-USD"}, {"trade_id": 143338842, "side": "sell", "size": "508.79242253", "price": "0.73380000", "time": "2025-07-13T12:36:41.206049Z", "fetched_at": "2025-07-13T12:39:32.950817+00:00", "symbol": "ADA-USD"}, {"trade_id": 143338841, "side": "sell", "size": "776.67310747", "price": "0.73380000", "time": "2025-07-13T12:36:41.206049Z", "fetched_at": "2025-07-13T12:39:32.950817+00:00", "symbol": "ADA-USD"}, {"trade_id": 143338840, "side": "sell", "size": "818.63371216", "price": "0.73370000", "time": "2025-07-13T12:36:41.200018Z", "fetched_at": "2025-07-13T12:39:32.950817+00:00", "symbol": "ADA-USD"}, {"trade_id": 143338839, "side": "sell", "size": "2860.61432173", "price": "0.73370000", "time": "2025-07-13T12:36:41.200018Z", "fetched_at": "2025-07-13T12:39:32.950817+00:00", "symbol": "ADA-USD"}, {"trade_id": 143338838, "side": "sell", "size": "310.09231872", "price": "0.73370000", "time": "2025-07-13T12:36:41.200018Z", "fetched_at": "2025-07-13T12:39:32.950817+00:00", "symbol": "ADA-USD"}, {"trade_id": 143338837, "side": "sell", "size": "776.67310747", "price": "0.73370000", "time": "2025-07-13T12:36:41.200018Z", "fetched_at": "2025-07-13T12:39:32.950817+00:00", "symbol": "ADA-USD"}, {"trade_id": 143338836, "side": "sell", "size": "1.50000000", "price": "0.73370000", "time": "2025-07-13T12:36:41.200018Z", "fetched_at": "2025-07-13T12:39:32.950817+00:00", "symbol": "ADA-USD"}, {"trade_id": 143338835, "side": "sell", "size": "681.57033805", "price": "0.73360000", "time": "2025-07-13T12:36:41.197106Z", "fetched_at": "2025-07-13T12:39:32.950817+00:00", "symbol": "ADA-USD"}, {"trade_id": 143338834, "side": "sell", "size": "3.62492094", "price": "0.73360000", "time": "2025-07-13T12:36:41.197106Z", "fetched_at": "2025-07-13T12:39:32.950817+00:00", "symbol": "ADA-USD"}, {"trade_id": 143338833, "side": "sell", "size": "1.50000000", "price": "0.73360000", "time": "2025-07-13T12:36:41.197106Z", "fetched_at": "2025-07-13T12:39:32.950817+00:00", "symbol": "ADA-USD"}, {"trade_id": 143338832, "side": "sell", "size": "1.50000000", "price": "0.73350000", "time": "2025-07-13T12:36:38.278849Z", "fetched_at": "2025-07-13T12:39:32.950817+00:00", "symbol": "ADA-USD"}, {"trade_id": 143338831, "side": "sell", "size": "9.67762603", "price": "0.73340000", "time": "2025-07-13T12:36:38.217747Z", "fetched_at": "2025-07-13T12:39:32.950817+00:00", "symbol": "ADA-USD"}, {"trade_id": 143338830, "side": "buy", "size": "33.35184713", "price": "0.73330000", "time": "2025-07-13T12:36:36.449430Z", "fetched_at": "2025-07-13T12:39:32.950817+00:00", "symbol": "ADA-USD"}, {"trade_id": 143338829, "side": "buy", "size": "12.38245786", "price": "0.73330000", "time": "2025-07-13T12:36:36.449430Z", "fetched_at": "2025-07-13T12:39:32.950817+00:00", "symbol": "ADA-USD"}, {"trade_id": 143338828, "side": "buy", "size": "44.89377901", "price": "0.73340000", "time": "2025-07-13T12:36:36.449430Z", "fetched_at": "2025-07-13T12:39:32.950817+00:00", "symbol": "ADA-USD"}, {"trade_id": 143338827, "side": "sell", "size": "0.00001728", "price": "0.73330000", "time": "2025-07-13T12:36:32.316007Z", "fetched_at": "2025-07-13T12:39:32.950817+00:00", "symbol": "ADA-USD"}, {"trade_id": 143338826, "side": "sell", "size": "13.63793251", "price": "0.73330000", "time": "2025-07-13T12:36:32.315374Z", "fetched_at": "2025-07-13T12:39:32.950817+00:00", "symbol": "ADA-USD"}, {"trade_id": 143338825, "side": "sell", "size": "68.18491749", "price": "0.73330000", "time": "2025-07-13T12:36:32.315374Z", "fetched_at": "2025-07-13T12:39:32.950817+00:00", "symbol": "ADA-USD"}, {"trade_id": 143338824, "side": "sell", "size": "436.87731100", "price": "0.73330000", "time": "2025-07-13T12:36:28.521635Z", "fetched_at": "2025-07-13T12:39:32.950817+00:00", "symbol": "ADA-USD"}, {"trade_id": 143338823, "side": "buy", "size": "593.08797179", "price": "0.73310000", "time": "2025-07-13T12:36:27.621071Z", "fetched_at": "2025-07-13T12:39:32.950817+00:00", "symbol": "ADA-USD"}, {"trade_id": 143338822, "side": "buy", "size": "310.50000000", "price": "0.73310000", "time": "2025-07-13T12:36:27.621071Z", "fetched_at": "2025-07-13T12:39:32.950817+00:00", "symbol": "ADA-USD"}, {"trade_id": 143338821, "side": "buy", "size": "1.60000000", "price": "0.73310000", "time": "2025-07-13T12:36:27.621071Z", "fetched_at": "2025-07-13T12:39:32.950817+00:00", "symbol": "ADA-USD"}, {"trade_id": 143338820, "side": "buy", "size": "306.90169978", "price": "0.73320000", "time": "2025-07-13T12:36:27.621071Z", "fetched_at": "2025-07-13T12:39:32.950817+00:00", "symbol": "ADA-USD"}, {"trade_id": 143338819, "side": "buy", "size": "13.63884343", "price": "0.73320000", "time": "2025-07-13T12:36:27.621071Z", "fetched_at": "2025-07-13T12:39:32.950817+00:00", "symbol": "ADA-USD"}, {"trade_id": 143338818, "side": "buy", "size": "1.60000000", "price": "0.73320000", "time": "2025-07-13T12:36:27.621071Z", "fetched_at": "2025-07-13T12:39:32.950817+00:00", "symbol": "ADA-USD"}, {"trade_id": 143338817, "side": "sell", "size": "132.50395400", "price": "0.73330000", "time": "2025-07-13T12:36:23.620367Z", "fetched_at": "2025-07-13T12:39:32.950817+00:00", "symbol": "ADA-USD"}, {"trade_id": 143338816, "side": "buy", "size": "13.63698350", "price": "0.73330000", "time": "2025-07-13T12:36:19.739662Z", "fetched_at": "2025-07-13T12:39:32.950817+00:00", "symbol": "ADA-USD"}, {"trade_id": 143338815, "side": "buy", "size": "1.60000000", "price": "0.73330000", "time": "2025-07-13T12:36:19.739662Z", "fetched_at": "2025-07-13T12:39:32.950817+00:00", "symbol": "ADA-USD"}, {"trade_id": 143338814, "side": "sell", "size": "173.72611307", "price": "0.73340000", "time": "2025-07-13T12:36:19.238714Z", "fetched_at": "2025-07-13T12:39:32.950817+00:00", "symbol": "ADA-USD"}, {"trade_id": 143338813, "side": "sell", "size": "329.65491193", "price": "0.73340000", "time": "2025-07-13T12:36:19.238714Z", "fetched_at": "2025-07-13T12:39:32.950817+00:00", "symbol": "ADA-USD"}, {"trade_id": 143338812, "side": "sell", "size": "400.80359800", "price": "0.73340000", "time": "2025-07-13T12:36:18.459415Z", "fetched_at": "2025-07-13T12:39:32.950817+00:00", "symbol": "ADA-USD"}, {"trade_id": 143338811, "side": "sell", "size": "33.11244400", "price": "0.73340000", "time": "2025-07-13T12:36:14.218968Z", "fetched_at": "2025-07-13T12:39:32.950817+00:00", "symbol": "ADA-USD"}, {"trade_id": 143338810, "side": "sell", "size": "13.15611500", "price": "0.73350000", "time": "2025-07-13T12:36:13.727971Z", "fetched_at": "2025-07-13T12:39:32.950817+00:00", "symbol": "ADA-USD"}, {"trade_id": 143338809, "side": "sell", "size": "10.21219055", "price": "0.73360000", "time": "2025-07-13T12:36:13.137289Z", "fetched_at": "2025-07-13T12:39:32.950817+00:00", "symbol": "ADA-USD"}, {"trade_id": 143338808, "side": "sell", "size": "3.28125545", "price": "0.73350000", "time": "2025-07-13T12:36:13.137289Z", "fetched_at": "2025-07-13T12:39:32.950817+00:00", "symbol": "ADA-USD"}, {"trade_id": 143338807, "side": "sell", "size": "26.10855331", "price": "0.73360000", "time": "2025-07-13T12:36:11.641716Z", "fetched_at": "2025-07-13T12:39:32.950817+00:00", "symbol": "ADA-USD"}, {"trade_id": 143338806, "side": "sell", "size": "31.00847720", "price": "0.73360000", "time": "2025-07-13T12:36:11.641716Z", "fetched_at": "2025-07-13T12:39:32.950817+00:00", "symbol": "ADA-USD"}, {"trade_id": 143338805, "side": "sell", "size": "9.11745649", "price": "0.73350000", "time": "2025-07-13T12:36:11.641716Z", "fetched_at": "2025-07-13T12:39:32.950817+00:00", "symbol": "ADA-USD"}, {"trade_id": 143338804, "side": "buy", "size": "13.63512408", "price": "0.73340000", "time": "2025-07-13T12:36:10.229447Z", "fetched_at": "2025-07-13T12:39:32.950817+00:00", "symbol": "ADA-USD"}, {"trade_id": 143338803, "side": "buy", "size": "275.00859402", "price": "0.73340000", "time": "2025-07-13T12:36:10.229447Z", "fetched_at": "2025-07-13T12:39:32.950817+00:00", "symbol": "ADA-USD"}, {"trade_id": 143338802, "side": "buy", "size": "1.50000000", "price": "0.73340000", "time": "2025-07-13T12:36:10.229447Z", "fetched_at": "2025-07-13T12:39:32.950817+00:00", "symbol": "ADA-USD"}, {"trade_id": 143338801, "side": "buy", "size": "239.63833000", "price": "0.73340000", "time": "2025-07-13T12:36:10.229447Z", "fetched_at": "2025-07-13T12:39:32.950817+00:00", "symbol": "ADA-USD"}, {"trade_id": 143338800, "side": "buy", "size": "70.86167000", "price": "0.73340000", "time": "2025-07-13T12:36:10.228949Z", "fetched_at": "2025-07-13T12:39:32.950817+00:00", "symbol": "ADA-USD"}, {"trade_id": 143338799, "side": "buy", "size": "310.50000000", "price": "0.73350000", "time": "2025-07-13T12:36:10.227834Z", "fetched_at": "2025-07-13T12:39:32.950817+00:00", "symbol": "ADA-USD"}, {"trade_id": 143338798, "side": "buy", "size": "16.50994382", "price": "0.73350000", "time": "2025-07-13T12:36:10.227834Z", "fetched_at": "2025-07-13T12:39:32.950817+00:00", "symbol": "ADA-USD"}, {"trade_id": 143338797, "side": "buy", "size": "2.59188457", "price": "0.73350000", "time": "2025-07-13T12:36:07.689740Z", "fetched_at": "2025-07-13T12:39:32.950817+00:00", "symbol": "ADA-USD"}, {"trade_id": 143338796, "side": "buy", "size": "22.01325843", "price": "0.73350000", "time": "2025-07-13T12:36:07.689740Z", "fetched_at": "2025-07-13T12:39:32.950817+00:00", "symbol": "ADA-USD"}, {"trade_id": 143338795, "side": "sell", "size": "66.05775079", "price": "0.73370000", "time": "2025-07-13T12:36:04.517869Z", "fetched_at": "2025-07-13T12:39:32.950817+00:00", "symbol": "ADA-USD"}, {"trade_id": 143338794, "side": "sell", "size": "1.42691221", "price": "0.73360000", "time": "2025-07-13T12:36:04.517869Z", "fetched_at": "2025-07-13T12:39:32.950817+00:00", "symbol": "ADA-USD"}, {"trade_id": 143338793, "side": "sell", "size": "63.25316258", "price": "0.73360000", "time": "2025-07-13T12:36:03.389447Z", "fetched_at": "2025-07-13T12:39:32.950817+00:00", "symbol": "ADA-USD"}, {"trade_id": 143338792, "side": "sell", "size": "4.24070142", "price": "0.73350000", "time": "2025-07-13T12:36:03.389447Z", "fetched_at": "2025-07-13T12:39:32.950817+00:00", "symbol": "ADA-USD"}, {"trade_id": 143338791, "side": "buy", "size": "63.35709377", "price": "0.73350000", "time": "2025-07-13T12:35:56.824034Z", "fetched_at": "2025-07-13T12:39:32.950817+00:00", "symbol": "ADA-USD"}, {"trade_id": 143338790, "side": "buy", "size": "51.00306000", "price": "0.73350000", "time": "2025-07-13T12:35:56.824034Z", "fetched_at": "2025-07-13T12:39:32.950817+00:00", "symbol": "ADA-USD"}, {"trade_id": 143338789, "side": "buy", "size": "121.62835000", "price": "0.73350000", "time": "2025-07-13T12:35:56.824034Z", "fetched_at": "2025-07-13T12:39:32.950817+00:00", "symbol": "ADA-USD"}, {"trade_id": 143338788, "side": "buy", "size": "7.33775280", "price": "0.73350000", "time": "2025-07-13T12:35:56.824034Z", "fetched_at": "2025-07-13T12:39:32.950817+00:00", "symbol": "ADA-USD"}, {"trade_id": 143338787, "side": "buy", "size": "22.01325843", "price": "0.73350000", "time": "2025-07-13T12:35:56.824034Z", "fetched_at": "2025-07-13T12:39:32.950817+00:00", "symbol": "ADA-USD"}, {"trade_id": 143338786, "side": "buy", "size": "31.72698836", "price": "0.73360000", "time": "2025-07-13T12:35:54.818402Z", "fetched_at": "2025-07-13T12:39:32.950817+00:00", "symbol": "ADA-USD"}, {"trade_id": 143338785, "side": "buy", "size": "39.13468164", "price": "0.73360000", "time": "2025-07-13T12:35:54.818402Z", "fetched_at": "2025-07-13T12:39:32.950817+00:00", "symbol": "ADA-USD"}, {"trade_id": 143338784, "side": "sell", "size": "4.38710100", "price": "0.73370000", "time": "2025-07-13T12:35:54.805615Z", "fetched_at": "2025-07-13T12:39:32.950817+00:00", "symbol": "ADA-USD"}, {"trade_id": 143338783, "side": "buy", "size": "25.61542798", "price": "0.73350000", "time": "2025-07-13T12:35:54.452130Z", "fetched_at": "2025-07-13T12:39:32.950817+00:00", "symbol": "ADA-USD"}, {"trade_id": 143338782, "side": "sell", "size": "510.61089901", "price": "0.73390000", "time": "2025-07-13T12:35:54.439328Z", "fetched_at": "2025-07-13T12:39:32.950817+00:00", "symbol": "ADA-USD"}, {"trade_id": 143338781, "side": "sell", "size": "1.50000000", "price": "0.73390000", "time": "2025-07-13T12:35:54.439328Z", "fetched_at": "2025-07-13T12:39:32.950817+00:00", "symbol": "ADA-USD"}, {"trade_id": 143338780, "side": "sell", "size": "776.67310747", "price": "0.73390000", "time": "2025-07-13T12:35:54.439328Z", "fetched_at": "2025-07-13T12:39:32.950817+00:00", "symbol": "ADA-USD"}, {"trade_id": 143338779, "side": "sell", "size": "1832.87881000", "price": "0.73390000", "time": "2025-07-13T12:35:54.439328Z", "fetched_at": "2025-07-13T12:39:32.950817+00:00", "symbol": "ADA-USD"}, {"trade_id": 143338778, "side": "sell", "size": "310.50000000", "price": "0.73390000", "time": "2025-07-13T12:35:54.439328Z", "fetched_at": "2025-07-13T12:39:32.950817+00:00", "symbol": "ADA-USD"}, {"trade_id": 143338777, "side": "sell", "size": "9000.00000000", "price": "0.73380000", "time": "2025-07-13T12:35:54.439328Z", "fetched_at": "2025-07-13T12:39:32.950817+00:00", "symbol": "ADA-USD"}, {"trade_id": 143338776, "side": "sell", "size": "500.00000000", "price": "0.73380000", "time": "2025-07-13T12:35:54.439328Z", "fetched_at": "2025-07-13T12:39:32.950817+00:00", "symbol": "ADA-USD"}, {"trade_id": 143338775, "side": "sell", "size": "712.27004010", "price": "0.73380000", "time": "2025-07-13T12:35:54.439328Z", "fetched_at": "2025-07-13T12:39:32.950817+00:00", "symbol": "ADA-USD"}, {"trade_id": 143338774, "side": "sell", "size": "776.67310747", "price": "0.73380000", "time": "2025-07-13T12:35:54.439328Z", "fetched_at": "2025-07-13T12:39:32.950817+00:00", "symbol": "ADA-USD"}, {"trade_id": 143338773, "side": "sell", "size": "1.50000000", "price": "0.73380000", "time": "2025-07-13T12:35:54.439328Z", "fetched_at": "2025-07-13T12:39:32.950817+00:00", "symbol": "ADA-USD"}, {"trade_id": 143338772, "side": "sell", "size": "275.00859402", "price": "0.73380000", "time": "2025-07-13T12:35:54.439328Z", "fetched_at": "2025-07-13T12:39:32.950817+00:00", "symbol": "ADA-USD"}, {"trade_id": 143338771, "side": "sell", "size": "1832.99011000", "price": "0.73380000", "time": "2025-07-13T12:35:54.439328Z", "fetched_at": "2025-07-13T12:39:32.950817+00:00", "symbol": "ADA-USD"}, {"trade_id": 143338770, "side": "sell", "size": "800.00000000", "price": "0.73370000", "time": "2025-07-13T12:35:54.439328Z", "fetched_at": "2025-07-13T12:39:32.950817+00:00", "symbol": "ADA-USD"}, {"trade_id": 143338769, "side": "sell", "size": "5441.41975293", "price": "0.73370000", "time": "2025-07-13T12:35:54.439328Z", "fetched_at": "2025-07-13T12:39:32.950817+00:00", "symbol": "ADA-USD"}, {"trade_id": 143338768, "side": "sell", "size": "578.24197651", "price": "0.73370000", "time": "2025-07-13T12:35:54.439328Z", "fetched_at": "2025-07-13T12:39:32.950817+00:00", "symbol": "ADA-USD"}, {"trade_id": 143338767, "side": "sell", "size": "1.50000000", "price": "0.73370000", "time": "2025-07-13T12:35:54.439328Z", "fetched_at": "2025-07-13T12:39:32.950817+00:00", "symbol": "ADA-USD"}, {"trade_id": 143338766, "side": "sell", "size": "776.67310747", "price": "0.73370000", "time": "2025-07-13T12:35:54.439328Z", "fetched_at": "2025-07-13T12:39:32.950817+00:00", "symbol": "ADA-USD"}, {"trade_id": 143338765, "side": "sell", "size": "1834.11793000", "price": "0.73370000", "time": "2025-07-13T12:35:54.439328Z", "fetched_at": "2025-07-13T12:39:32.950817+00:00", "symbol": "ADA-USD"}, {"trade_id": 143338764, "side": "sell", "size": "275.00859402", "price": "0.73360000", "time": "2025-07-13T12:35:54.439328Z", "fetched_at": "2025-07-13T12:39:32.950817+00:00", "symbol": "ADA-USD"}, {"trade_id": 143338763, "side": "sell", "size": "1831.66343000", "price": "0.73360000", "time": "2025-07-13T12:35:54.439328Z", "fetched_at": "2025-07-13T12:39:32.950817+00:00", "symbol": "ADA-USD"}, {"trade_id": 143338762, "side": "sell", "size": "413.91351210", "price": "0.73360000", "time": "2025-07-13T12:35:54.439328Z", "fetched_at": "2025-07-13T12:39:32.950817+00:00", "symbol": "ADA-USD"}, {"trade_id": 143338761, "side": "sell", "size": "776.67310747", "price": "0.73360000", "time": "2025-07-13T12:35:54.439328Z", "fetched_at": "2025-07-13T12:39:32.950817+00:00", "symbol": "ADA-USD"}, {"trade_id": 143338760, "side": "sell", "size": "1.50000000", "price": "0.73360000", "time": "2025-07-13T12:35:54.439328Z", "fetched_at": "2025-07-13T12:39:32.950817+00:00", "symbol": "ADA-USD"}, {"trade_id": 143338759, "side": "sell", "size": "1831.67370000", "price": "0.73350000", "time": "2025-07-13T12:35:54.439328Z", "fetched_at": "2025-07-13T12:39:32.950817+00:00", "symbol": "ADA-USD"}, {"trade_id": 143338758, "side": "sell", "size": "678.07124051", "price": "0.73350000", "time": "2025-07-13T12:35:54.439328Z", "fetched_at": "2025-07-13T12:39:32.950817+00:00", "symbol": "ADA-USD"}, {"trade_id": 143338757, "side": "sell", "size": "681.69467333", "price": "0.73350000", "time": "2025-07-13T12:35:54.439328Z", "fetched_at": "2025-07-13T12:39:32.950817+00:00", "symbol": "ADA-USD"}, {"trade_id": 143338756, "side": "sell", "size": "635.09615959", "price": "0.73350000", "time": "2025-07-13T12:35:54.439328Z", "fetched_at": "2025-07-13T12:39:32.950817+00:00", "symbol": "ADA-USD"}, {"trade_id": 143338755, "side": "sell", "size": "795.80977988", "price": "0.73350000", "time": "2025-07-13T12:35:54.439328Z", "fetched_at": "2025-07-13T12:39:32.950817+00:00", "symbol": "ADA-USD"}, {"trade_id": 143338754, "side": "sell", "size": "5005.30000000", "price": "0.73350000", "time": "2025-07-13T12:35:54.439328Z", "fetched_at": "2025-07-13T12:39:32.950817+00:00", "symbol": "ADA-USD"}, {"trade_id": 143338753, "side": "sell", "size": "776.67310747", "price": "0.73350000", "time": "2025-07-13T12:35:54.439328Z", "fetched_at": "2025-07-13T12:39:32.950817+00:00", "symbol": "ADA-USD"}, {"trade_id": 143338752, "side": "sell", "size": "1.50000000", "price": "0.73350000", "time": "2025-07-13T12:35:54.439328Z", "fetched_at": "2025-07-13T12:39:32.950817+00:00", "symbol": "ADA-USD"}, {"trade_id": 143338751, "side": "sell", "size": "3.77595150", "price": "0.73340000", "time": "2025-07-13T12:35:54.439328Z", "fetched_at": "2025-07-13T12:39:32.950817+00:00", "symbol": "ADA-USD"}, {"trade_id": 143338750, "side": "sell", "size": "709.21860070", "price": "0.73340000", "time": "2025-07-13T12:35:54.439328Z", "fetched_at": "2025-07-13T12:39:32.950817+00:00", "symbol": "ADA-USD"}, {"trade_id": 143338749, "side": "sell", "size": "13.17502840", "price": "0.73330000", "time": "2025-07-13T12:35:45.128656Z", "fetched_at": "2025-07-13T12:39:32.950817+00:00", "symbol": "ADA-USD"}, {"trade_id": 143338748, "side": "sell", "size": "36.63923400", "price": "0.73340000", "time": "2025-07-13T12:35:43.528493Z", "fetched_at": "2025-07-13T12:39:32.950817+00:00", "symbol": "ADA-USD"}, {"trade_id": 143338747, "side": "sell", "size": "1.50000000", "price": "0.73340000", "time": "2025-07-13T12:35:43.528493Z", "fetched_at": "2025-07-13T12:39:32.950817+00:00", "symbol": "ADA-USD"}, {"trade_id": 143338746, "side": "sell", "size": "13.63956875", "price": "0.73320000", "time": "2025-07-13T12:35:43.224831Z", "fetched_at": "2025-07-13T12:39:32.950817+00:00", "symbol": "ADA-USD"}, {"trade_id": 143338745, "side": "buy", "size": "9.18891914", "price": "0.73330000", "time": "2025-07-13T12:35:42.284904Z", "fetched_at": "2025-07-13T12:39:32.950817+00:00", "symbol": "ADA-USD"}, {"trade_id": 143338744, "side": "sell", "size": "13.63956771", "price": "0.73330000", "time": "2025-07-13T12:35:42.057947Z", "fetched_at": "2025-07-13T12:39:32.950817+00:00", "symbol": "ADA-USD"}, {"trade_id": 143338743, "side": "sell", "size": "681.85313414", "price": "0.73330000", "time": "2025-07-13T12:35:39.113164Z", "fetched_at": "2025-07-13T12:39:32.950817+00:00", "symbol": "ADA-USD"}, {"trade_id": 143338742, "side": "sell", "size": "13.63878395", "price": "0.73320000", "time": "2025-07-13T12:35:39.106560Z", "fetched_at": "2025-07-13T12:39:32.950817+00:00", "symbol": "ADA-USD"}, {"trade_id": 143338741, "side": "sell", "size": "2.70012300", "price": "0.73320000", "time": "2025-07-13T12:35:38.947133Z", "fetched_at": "2025-07-13T12:39:32.950817+00:00", "symbol": "ADA-USD"}, {"trade_id": 143338740, "side": "sell", "size": "13.63970420", "price": "0.73320000", "time": "2025-07-13T12:35:27.164266Z", "fetched_at": "2025-07-13T12:39:32.950817+00:00", "symbol": "ADA-USD"}, {"trade_id": 143338739, "side": "sell", "size": "1.35006100", "price": "0.73320000", "time": "2025-07-13T12:35:12.151602Z", "fetched_at": "2025-07-13T12:39:32.950817+00:00", "symbol": "ADA-USD"}, {"trade_id": 143338738, "side": "sell", "size": "9.45672186", "price": "0.73330000", "time": "2025-07-13T12:35:11.876007Z", "fetched_at": "2025-07-13T12:39:32.950817+00:00", "symbol": "ADA-USD"}, {"trade_id": 143338737, "side": "sell", "size": "50.00000000", "price": "0.73320000", "time": "2025-07-13T12:35:11.876007Z", "fetched_at": "2025-07-13T12:39:32.950817+00:00", "symbol": "ADA-USD"}, {"trade_id": 143338736, "side": "sell", "size": "73.06530214", "price": "0.73320000", "time": "2025-07-13T12:35:11.876007Z", "fetched_at": "2025-07-13T12:39:32.950817+00:00", "symbol": "ADA-USD"}, {"trade_id": 143338735, "side": "sell", "size": "499.56839424", "price": "0.73310000", "time": "2025-07-13T12:35:09.955978Z", "fetched_at": "2025-07-13T12:39:32.950817+00:00", "symbol": "ADA-USD"}, {"trade_id": 143338734, "side": "buy", "size": "11.62882919", "price": "0.73300000", "time": "2025-07-13T12:35:09.813179Z", "fetched_at": "2025-07-13T12:39:32.950817+00:00", "symbol": "ADA-USD"}, {"trade_id": 143338733, "side": "buy", "size": "11.63041588", "price": "0.73290000", "time": "2025-07-13T12:35:09.777876Z", "fetched_at": "2025-07-13T12:39:32.950817+00:00", "symbol": "ADA-USD"}, {"trade_id": 143338732, "side": "buy", "size": "269.86886423", "price": "0.73280000", "time": "2025-07-13T12:35:09.768719Z", "fetched_at": "2025-07-13T12:39:32.950817+00:00", "symbol": "ADA-USD"}, {"trade_id": 143338731, "side": "buy", "size": "677.31117477", "price": "0.73280000", "time": "2025-07-13T12:35:09.768719Z", "fetched_at": "2025-07-13T12:39:32.950817+00:00", "symbol": "ADA-USD"}, {"trade_id": 143338730, "side": "buy", "size": "1.60000000", "price": "0.73280000", "time": "2025-07-13T12:35:09.768719Z", "fetched_at": "2025-07-13T12:39:32.950817+00:00", "symbol": "ADA-USD"}, {"trade_id": 143338729, "side": "buy", "size": "1.60000000", "price": "0.73290000", "time": "2025-07-13T12:35:09.768719Z", "fetched_at": "2025-07-13T12:39:32.950817+00:00", "symbol": "ADA-USD"}, {"trade_id": 143338728, "side": "buy", "size": "35.91293047", "price": "0.73300000", "time": "2025-07-13T12:35:09.768719Z", "fetched_at": "2025-07-13T12:39:32.950817+00:00", "symbol": "ADA-USD"}, {"trade_id": 143338727, "side": "buy", "size": "669.40000000", "price": "0.73300000", "time": "2025-07-13T12:35:09.768719Z", "fetched_at": "2025-07-13T12:39:32.950817+00:00", "symbol": "ADA-USD"}, {"trade_id": 143338726, "side": "buy", "size": "312.10000000", "price": "0.73300000", "time": "2025-07-13T12:35:09.767453Z", "fetched_at": "2025-07-13T12:39:32.950817+00:00", "symbol": "ADA-USD"}, {"trade_id": 143338725, "side": "buy", "size": "50.00000000", "price": "0.73310000", "time": "2025-07-13T12:35:09.762685Z", "fetched_at": "2025-07-13T12:39:32.950817+00:00", "symbol": "ADA-USD"}, {"trade_id": 143338724, "side": "buy", "size": "448.73196080", "price": "0.73300000", "time": "2025-07-13T12:35:09.761410Z", "fetched_at": "2025-07-13T12:39:32.950817+00:00", "symbol": "ADA-USD"}, {"trade_id": 143338723, "side": "buy", "size": "233.36950923", "price": "0.73300000", "time": "2025-07-13T12:35:09.761028Z", "fetched_at": "2025-07-13T12:39:32.950817+00:00", "symbol": "ADA-USD"}, {"trade_id": 143338722, "side": "buy", "size": "1454.01672119", "price": "0.73300000", "time": "2025-07-13T12:35:09.761028Z", "fetched_at": "2025-07-13T12:39:32.950817+00:00", "symbol": "ADA-USD"}, {"trade_id": 143338721, "side": "buy", "size": "275.00859402", "price": "0.73300000", "time": "2025-07-13T12:35:09.761028Z", "fetched_at": "2025-07-13T12:39:32.950817+00:00", "symbol": "ADA-USD"}, {"trade_id": 143338720, "side": "buy", "size": "241.89127624", "price": "0.73300000", "time": "2025-07-13T12:35:09.761028Z", "fetched_at": "2025-07-13T12:39:32.950817+00:00", "symbol": "ADA-USD"}, {"trade_id": 143338719, "side": "buy", "size": "563.16362932", "price": "0.73300000", "time": "2025-07-13T12:35:09.761028Z", "fetched_at": "2025-07-13T12:39:32.950817+00:00", "symbol": "ADA-USD"}, {"trade_id": 143338718, "side": "buy", "size": "816.11914542", "price": "0.73300000", "time": "2025-07-13T12:35:09.759741Z", "fetched_at": "2025-07-13T12:39:32.950817+00:00", "symbol": "ADA-USD"}, {"trade_id": 143338717, "side": "buy", "size": "3629.61722526", "price": "0.73300000", "time": "2025-07-13T12:35:09.758462Z", "fetched_at": "2025-07-13T12:39:32.950817+00:00", "symbol": "ADA-USD"}, {"trade_id": 143338716, "side": "buy", "size": "1.60000000", "price": "0.73300000", "time": "2025-07-13T12:35:09.758462Z", "fetched_at": "2025-07-13T12:39:32.950817+00:00", "symbol": "ADA-USD"}, {"trade_id": 143338715, "side": "buy", "size": "1833.16425000", "price": "0.73310000", "time": "2025-07-13T12:35:09.758462Z", "fetched_at": "2025-07-13T12:39:32.950817+00:00", "symbol": "ADA-USD"}, {"trade_id": 143338714, "side": "buy", "size": "1828.82651000", "price": "0.73310000", "time": "2025-07-13T12:35:09.758462Z", "fetched_at": "2025-07-13T12:39:32.950817+00:00", "symbol": "ADA-USD"}, {"trade_id": 143338713, "side": "buy", "size": "1832.27388000", "price": "0.73310000", "time": "2025-07-13T12:35:09.758462Z", "fetched_at": "2025-07-13T12:39:32.950817+00:00", "symbol": "ADA-USD"}, {"trade_id": 143338712, "side": "buy", "size": "310.50000000", "price": "0.73310000", "time": "2025-07-13T12:35:09.758462Z", "fetched_at": "2025-07-13T12:39:32.950817+00:00", "symbol": "ADA-USD"}, {"trade_id": 143338711, "side": "buy", "size": "50.00000000", "price": "0.73320000", "time": "2025-07-13T12:35:09.758462Z", "fetched_at": "2025-07-13T12:39:32.950817+00:00", "symbol": "ADA-USD"}, {"trade_id": 143338710, "side": "buy", "size": "11.65412622", "price": "0.73330000", "time": "2025-07-13T12:35:09.758462Z", "fetched_at": "2025-07-13T12:39:32.950817+00:00", "symbol": "ADA-USD"}, {"trade_id": 143338709, "side": "sell", "size": "210.10754700", "price": "0.73350000", "time": "2025-07-13T12:35:08.621280Z", "fetched_at": "2025-07-13T12:39:32.950817+00:00", "symbol": "ADA-USD"}, {"trade_id": 143338708, "side": "sell", "size": "158.26363469", "price": "0.73350000", "time": "2025-07-13T12:35:08.619066Z", "fetched_at": "2025-07-13T12:39:32.950817+00:00", "symbol": "ADA-USD"}, {"trade_id": 143338707, "side": "sell", "size": "325.49432624", "price": "0.73350000", "time": "2025-07-13T12:35:08.619066Z", "fetched_at": "2025-07-13T12:39:32.950817+00:00", "symbol": "ADA-USD"}, {"trade_id": 143338706, "side": "sell", "size": "776.67310747", "price": "0.73350000", "time": "2025-07-13T12:35:08.619066Z", "fetched_at": "2025-07-13T12:39:32.950817+00:00", "symbol": "ADA-USD"}, {"trade_id": 143338705, "side": "sell", "size": "412.81232010", "price": "0.73340000", "time": "2025-07-13T12:35:08.618270Z", "fetched_at": "2025-07-13T12:39:32.950817+00:00", "symbol": "ADA-USD"}, {"trade_id": 143338704, "side": "sell", "size": "776.67310747", "price": "0.73340000", "time": "2025-07-13T12:35:08.618270Z", "fetched_at": "2025-07-13T12:39:32.950817+00:00", "symbol": "ADA-USD"}, {"trade_id": 143338703, "side": "sell", "size": "13.63792664", "price": "0.73330000", "time": "2025-07-13T12:35:08.615880Z", "fetched_at": "2025-07-13T12:39:32.950817+00:00", "symbol": "ADA-USD"}, {"trade_id": 143338702, "side": "sell", "size": "50.00000000", "price": "0.73320000", "time": "2025-07-13T12:35:08.606218Z", "fetched_at": "2025-07-13T12:39:32.950817+00:00", "symbol": "ADA-USD"}, {"trade_id": 143338701, "side": "sell", "size": "51.00306000", "price": "0.73320000", "time": "2025-07-13T12:35:08.606218Z", "fetched_at": "2025-07-13T12:39:32.950817+00:00", "symbol": "ADA-USD"}, {"trade_id": 143338700, "side": "sell", "size": "85.44942603", "price": "0.73320000", "time": "2025-07-13T12:35:08.606218Z", "fetched_at": "2025-07-13T12:39:32.950817+00:00", "symbol": "ADA-USD"}, {"trade_id": 143338699, "side": "buy", "size": "6.23751544", "price": "0.73320000", "time": "2025-07-13T12:35:08.580996Z", "fetched_at": "2025-07-13T12:39:32.950817+00:00", "symbol": "ADA-USD"}, {"trade_id": 143338698, "side": "buy", "size": "13.63884343", "price": "0.73320000", "time": "2025-07-13T12:35:03.015238Z", "fetched_at": "2025-07-13T12:39:32.950817+00:00", "symbol": "ADA-USD"}, {"trade_id": 143338697, "side": "buy", "size": "124.63490141", "price": "0.73320000", "time": "2025-07-13T12:35:03.015238Z", "fetched_at": "2025-07-13T12:39:32.950817+00:00", "symbol": "ADA-USD"}, {"trade_id": 143338696, "side": "buy", "size": "13.63512408", "price": "0.73340000", "time": "2025-07-13T12:35:00.648050Z", "fetched_at": "2025-07-13T12:39:32.950817+00:00", "symbol": "ADA-USD"}, {"trade_id": 143338695, "side": "buy", "size": "5009.40000000", "price": "0.73340000", "time": "2025-07-13T12:35:00.648050Z", "fetched_at": "2025-07-13T12:39:32.950817+00:00", "symbol": "ADA-USD"}, {"trade_id": 143338694, "side": "sell", "size": "1.50000000", "price": "0.73380000", "time": "2025-07-13T12:34:55.705064Z", "fetched_at": "2025-07-13T12:39:32.950817+00:00", "symbol": "ADA-USD"}, {"trade_id": 143338693, "side": "sell", "size": "1.50000000", "price": "0.73370000", "time": "2025-07-13T12:34:55.704928Z", "fetched_at": "2025-07-13T12:39:32.950817+00:00", "symbol": "ADA-USD"}, {"trade_id": 143338692, "side": "sell", "size": "1.50000000", "price": "0.73350000", "time": "2025-07-13T12:34:51.120929Z", "fetched_at": "2025-07-13T12:39:32.950817+00:00", "symbol": "ADA-USD"}, {"trade_id": 143338691, "side": "sell", "size": "21.56846798", "price": "0.73340000", "time": "2025-07-13T12:34:49.891598Z", "fetched_at": "2025-07-13T12:39:32.950817+00:00", "symbol": "ADA-USD"}, {"trade_id": 143338690, "side": "sell", "size": "49.50306000", "price": "0.73340000", "time": "2025-07-13T12:34:49.887342Z", "fetched_at": "2025-07-13T12:39:32.950817+00:00", "symbol": "ADA-USD"}, {"trade_id": 143338689, "side": "sell", "size": "1.50000000", "price": "0.73340000", "time": "2025-07-13T12:34:49.887342Z", "fetched_at": "2025-07-13T12:39:32.950817+00:00", "symbol": "ADA-USD"}, {"trade_id": 143338688, "side": "buy", "size": "14.47959555", "price": "0.73330000", "time": "2025-07-13T12:34:40.747669Z", "fetched_at": "2025-07-13T12:39:32.950817+00:00", "symbol": "ADA-USD"}, {"trade_id": 143338687, "side": "sell", "size": "3.17701494", "price": "0.73330000", "time": "2025-07-13T12:34:39.174963Z", "fetched_at": "2025-07-13T12:39:32.950817+00:00", "symbol": "ADA-USD"}, {"trade_id": 143338686, "side": "sell", "size": "1.60000000", "price": "0.73330000", "time": "2025-07-13T12:34:39.174963Z", "fetched_at": "2025-07-13T12:39:32.950817+00:00", "symbol": "ADA-USD"}, {"trade_id": 143338685, "side": "sell", "size": "3.17701494", "price": "0.73320000", "time": "2025-07-13T12:34:39.047682Z", "fetched_at": "2025-07-13T12:39:32.950817+00:00", "symbol": "ADA-USD"}, {"trade_id": 143338684, "side": "sell", "size": "1.60000000", "price": "0.73320000", "time": "2025-07-13T12:34:39.047682Z", "fetched_at": "2025-07-13T12:39:32.950817+00:00", "symbol": "ADA-USD"}, {"trade_id": 143338683, "side": "sell", "size": "15.39241158", "price": "0.73320000", "time": "2025-07-13T12:34:39.047682Z", "fetched_at": "2025-07-13T12:39:32.950817+00:00", "symbol": "ADA-USD"}, {"trade_id": 143338682, "side": "sell", "size": "51.00306000", "price": "0.73320000", "time": "2025-07-13T12:34:38.917176Z", "fetched_at": "2025-07-13T12:39:32.950817+00:00", "symbol": "ADA-USD"}, {"trade_id": 143338681, "side": "sell", "size": "3.18005347", "price": "0.73310000", "time": "2025-07-13T12:34:38.902745Z", "fetched_at": "2025-07-13T12:39:32.950817+00:00", "symbol": "ADA-USD"}, {"trade_id": 143338680, "side": "sell", "size": "1.60000000", "price": "0.73310000", "time": "2025-07-13T12:34:38.902745Z", "fetched_at": "2025-07-13T12:39:32.950817+00:00", "symbol": "ADA-USD"}, {"trade_id": 143338679, "side": "sell", "size": "6.72434957", "price": "0.73300000", "time": "2025-07-13T12:34:38.309183Z", "fetched_at": "2025-07-13T12:39:32.950817+00:00", "symbol": "ADA-USD"}, {"trade_id": 143338678, "side": "sell", "size": "1.60000000", "price": "0.73300000", "time": "2025-07-13T12:34:38.309183Z", "fetched_at": "2025-07-13T12:39:32.950817+00:00", "symbol": "ADA-USD"}, {"trade_id": 143338677, "side": "sell", "size": "10.00000000", "price": "0.73280000", "time": "2025-07-13T12:34:36.886705Z", "fetched_at": "2025-07-13T12:39:32.950817+00:00", "symbol": "ADA-USD"}, {"trade_id": 143338676, "side": "sell", "size": "46.01565669", "price": "0.73290000", "time": "2025-07-13T12:34:36.760541Z", "fetched_at": "2025-07-13T12:39:32.950817+00:00", "symbol": "ADA-USD"}, {"trade_id": 143338675, "side": "sell", "size": "13.64909931", "price": "0.73280000", "time": "2025-07-13T12:34:36.760541Z", "fetched_at": "2025-07-13T12:39:32.950817+00:00", "symbol": "ADA-USD"}, {"trade_id": 143338674, "side": "sell", "size": "770.58695168", "price": "0.73270000", "time": "2025-07-13T12:34:35.378003Z", "fetched_at": "2025-07-13T12:39:32.950817+00:00", "symbol": "ADA-USD"}, {"trade_id": 143338673, "side": "buy", "size": "2.11966486", "price": "0.73270000", "time": "2025-07-13T12:34:32.925067Z", "fetched_at": "2025-07-13T12:39:32.950817+00:00", "symbol": "ADA-USD"}, {"trade_id": 143338672, "side": "buy", "size": "1.60000000", "price": "0.73270000", "time": "2025-07-13T12:34:32.925067Z", "fetched_at": "2025-07-13T12:39:32.950817+00:00", "symbol": "ADA-USD"}, {"trade_id": 143338671, "side": "sell", "size": "13.50245500", "price": "0.73280000", "time": "2025-07-13T12:34:25.800410Z", "fetched_at": "2025-07-13T12:39:32.950817+00:00", "symbol": "ADA-USD"}, {"trade_id": 143338670, "side": "sell", "size": "150.60191500", "price": "0.73280000", "time": "2025-07-13T12:34:23.097368Z", "fetched_at": "2025-07-13T12:39:32.950817+00:00", "symbol": "ADA-USD"}, {"trade_id": 143338669, "side": "sell", "size": "43.52129400", "price": "0.73280000", "time": "2025-07-13T12:34:23.097368Z", "fetched_at": "2025-07-13T12:39:32.950817+00:00", "symbol": "ADA-USD"}, {"trade_id": 143338668, "side": "sell", "size": "7.48176600", "price": "0.73280000", "time": "2025-07-13T12:34:22.353158Z", "fetched_at": "2025-07-13T12:39:32.950817+00:00", "symbol": "ADA-USD"}, {"trade_id": 143338667, "side": "buy", "size": "2.43268969", "price": "0.73280000", "time": "2025-07-13T12:34:22.079107Z", "fetched_at": "2025-07-13T12:39:32.950817+00:00", "symbol": "ADA-USD"}, {"trade_id": 143338666, "side": "buy", "size": "1.60000000", "price": "0.73280000", "time": "2025-07-13T12:34:22.079107Z", "fetched_at": "2025-07-13T12:39:32.950817+00:00", "symbol": "ADA-USD"}, {"trade_id": 143338665, "side": "buy", "size": "3.15716013", "price": "0.73290000", "time": "2025-07-13T12:34:21.461046Z", "fetched_at": "2025-07-13T12:39:32.950817+00:00", "symbol": "ADA-USD"}, {"trade_id": 143338664, "side": "buy", "size": "1.60000000", "price": "0.73290000", "time": "2025-07-13T12:34:21.461046Z", "fetched_at": "2025-07-13T12:39:32.950817+00:00", "symbol": "ADA-USD"}, {"trade_id": 143338663, "side": "buy", "size": "24.22729714", "price": "0.73290000", "time": "2025-07-13T12:34:21.461046Z", "fetched_at": "2025-07-13T12:39:32.950817+00:00", "symbol": "ADA-USD"}, {"trade_id": 143338662, "side": "buy", "size": "4.68347411", "price": "0.73310000", "time": "2025-07-13T12:34:20.497955Z", "fetched_at": "2025-07-13T12:39:32.950817+00:00", "symbol": "ADA-USD"}, {"trade_id": 143338661, "side": "buy", "size": "720.07003193", "price": "0.73310000", "time": "2025-07-13T12:34:20.497955Z", "fetched_at": "2025-07-13T12:39:32.950817+00:00", "symbol": "ADA-USD"}, {"trade_id": 143338660, "side": "sell", "size": "50.00000000", "price": "0.73310000", "time": "2025-07-13T12:34:15.228756Z", "fetched_at": "2025-07-13T12:39:32.950817+00:00", "symbol": "ADA-USD"}, {"trade_id": 143338659, "side": "sell", "size": "13.64532117", "price": "0.73300000", "time": "2025-07-13T12:34:15.228756Z", "fetched_at": "2025-07-13T12:39:32.950817+00:00", "symbol": "ADA-USD"}, {"trade_id": 143338658, "side": "sell", "size": "11.55727805", "price": "0.73290000", "time": "2025-07-13T12:34:14.986393Z", "fetched_at": "2025-07-13T12:39:32.950817+00:00", "symbol": "ADA-USD"}, {"trade_id": 143338657, "side": "sell", "size": "13.49877300", "price": "0.73290000", "time": "2025-07-13T12:34:14.708750Z", "fetched_at": "2025-07-13T12:39:32.950817+00:00", "symbol": "ADA-USD"}, {"trade_id": 143338656, "side": "sell", "size": "1.34987700", "price": "0.73290000", "time": "2025-07-13T12:34:12.824693Z", "fetched_at": "2025-07-13T12:39:32.950817+00:00", "symbol": "ADA-USD"}, {"trade_id": 143338655, "side": "buy", "size": "2.50448382", "price": "0.73290000", "time": "2025-07-13T12:34:08.066608Z", "fetched_at": "2025-07-13T12:39:32.950817+00:00", "symbol": "ADA-USD"}, {"trade_id": 143338654, "side": "buy", "size": "1.60000000", "price": "0.73290000", "time": "2025-07-13T12:34:08.066608Z", "fetched_at": "2025-07-13T12:39:32.950817+00:00", "symbol": "ADA-USD"}, {"trade_id": 143338653, "side": "buy", "size": "1.60000000", "price": "0.73300000", "time": "2025-07-13T12:34:07.268483Z", "fetched_at": "2025-07-13T12:39:32.950817+00:00", "symbol": "ADA-USD"}, {"trade_id": 143338652, "side": "buy", "size": "3.40312873", "price": "0.73310000", "time": "2025-07-13T12:34:07.268483Z", "fetched_at": "2025-07-13T12:39:32.950817+00:00", "symbol": "ADA-USD"}, {"trade_id": 143338651, "side": "sell", "size": "62.37769800", "price": "0.73320000", "time": "2025-07-13T12:34:05.696989Z", "fetched_at": "2025-07-13T12:39:32.950817+00:00", "symbol": "ADA-USD"}