[{"trade_id": 143334638, "side": "buy", "size": "4.95763400", "price": "0.72950000", "time": "2025-07-13T11:37:47.571330Z", "fetched_at": "2025-07-13T11:37:51.323330+00:00", "symbol": "ADA-USD"}, {"trade_id": 143334637, "side": "sell", "size": "0.00191809", "price": "0.72960000", "time": "2025-07-13T11:37:42.215620Z", "fetched_at": "2025-07-13T11:37:51.323330+00:00", "symbol": "ADA-USD"}, {"trade_id": 143334636, "side": "sell", "size": "3.28428532", "price": "0.72960000", "time": "2025-07-13T11:37:42.199323Z", "fetched_at": "2025-07-13T11:37:51.323330+00:00", "symbol": "ADA-USD"}, {"trade_id": 143334635, "side": "sell", "size": "1.60000000", "price": "0.72960000", "time": "2025-07-13T11:37:42.199323Z", "fetched_at": "2025-07-13T11:37:51.323330+00:00", "symbol": "ADA-USD"}, {"trade_id": 143334634, "side": "sell", "size": "2.29123070", "price": "0.72950000", "time": "2025-07-13T11:37:31.968994Z", "fetched_at": "2025-07-13T11:37:51.323330+00:00", "symbol": "ADA-USD"}, {"trade_id": 143334633, "side": "sell", "size": "1.60000000", "price": "0.72950000", "time": "2025-07-13T11:37:31.968994Z", "fetched_at": "2025-07-13T11:37:51.323330+00:00", "symbol": "ADA-USD"}, {"trade_id": 143334632, "side": "sell", "size": "1860.36736000", "price": "0.72940000", "time": "2025-07-13T11:37:22.620233Z", "fetched_at": "2025-07-13T11:37:51.323330+00:00", "symbol": "ADA-USD"}, {"trade_id": 143334631, "side": "sell", "size": "577.28607013", "price": "0.72940000", "time": "2025-07-13T11:37:22.620233Z", "fetched_at": "2025-07-13T11:37:51.323330+00:00", "symbol": "ADA-USD"}, {"trade_id": 143334630, "side": "sell", "size": "1.60000000", "price": "0.72940000", "time": "2025-07-13T11:37:22.620233Z", "fetched_at": "2025-07-13T11:37:51.323330+00:00", "symbol": "ADA-USD"}, {"trade_id": 143334629, "side": "sell", "size": "612.63182804", "price": "0.72940000", "time": "2025-07-13T11:37:22.620233Z", "fetched_at": "2025-07-13T11:37:51.323330+00:00", "symbol": "ADA-USD"}, {"trade_id": 143334628, "side": "sell", "size": "763.72267055", "price": "0.72940000", "time": "2025-07-13T11:37:22.620233Z", "fetched_at": "2025-07-13T11:37:51.323330+00:00", "symbol": "ADA-USD"}, {"trade_id": 143334627, "side": "sell", "size": "1861.80826000", "price": "0.72930000", "time": "2025-07-13T11:37:22.611014Z", "fetched_at": "2025-07-13T11:37:51.323330+00:00", "symbol": "ADA-USD"}, {"trade_id": 143334626, "side": "sell", "size": "4895.60000000", "price": "0.72930000", "time": "2025-07-13T11:37:22.611014Z", "fetched_at": "2025-07-13T11:37:51.323330+00:00", "symbol": "ADA-USD"}, {"trade_id": 143334625, "side": "sell", "size": "770.97359234", "price": "0.72930000", "time": "2025-07-13T11:37:22.611014Z", "fetched_at": "2025-07-13T11:37:51.323330+00:00", "symbol": "ADA-USD"}, {"trade_id": 143334624, "side": "sell", "size": "275.00859402", "price": "0.72930000", "time": "2025-07-13T11:37:22.611014Z", "fetched_at": "2025-07-13T11:37:51.323330+00:00", "symbol": "ADA-USD"}, {"trade_id": 143334623, "side": "sell", "size": "1860.36736000", "price": "0.72930000", "time": "2025-07-13T11:37:22.611014Z", "fetched_at": "2025-07-13T11:37:51.323330+00:00", "symbol": "ADA-USD"}, {"trade_id": 143334622, "side": "sell", "size": "749.71365395", "price": "0.72930000", "time": "2025-07-13T11:37:22.611014Z", "fetched_at": "2025-07-13T11:37:51.323330+00:00", "symbol": "ADA-USD"}, {"trade_id": 143334621, "side": "sell", "size": "4.60875613", "price": "0.72920000", "time": "2025-07-13T11:37:22.611014Z", "fetched_at": "2025-07-13T11:37:51.323330+00:00", "symbol": "ADA-USD"}, {"trade_id": 143334620, "side": "sell", "size": "27.14993800", "price": "0.72920000", "time": "2025-07-13T11:37:22.154331Z", "fetched_at": "2025-07-13T11:37:51.323330+00:00", "symbol": "ADA-USD"}, {"trade_id": 143334619, "side": "sell", "size": "323.71270436", "price": "0.72930000", "time": "2025-07-13T11:37:14.706698Z", "fetched_at": "2025-07-13T11:37:51.323330+00:00", "symbol": "ADA-USD"}, {"trade_id": 143334618, "side": "sell", "size": "8.50975364", "price": "0.72920000", "time": "2025-07-13T11:37:14.706698Z", "fetched_at": "2025-07-13T11:37:51.323330+00:00", "symbol": "ADA-USD"}, {"trade_id": 143334617, "side": "sell", "size": "120.25657000", "price": "0.72920000", "time": "2025-07-13T11:37:14.706698Z", "fetched_at": "2025-07-13T11:37:51.323330+00:00", "symbol": "ADA-USD"}, {"trade_id": 143334616, "side": "buy", "size": "70.86167000", "price": "0.72910000", "time": "2025-07-13T11:37:12.774368Z", "fetched_at": "2025-07-13T11:37:51.323330+00:00", "symbol": "ADA-USD"}, {"trade_id": 143334615, "side": "buy", "size": "50.00000000", "price": "0.72910000", "time": "2025-07-13T11:37:10.402194Z", "fetched_at": "2025-07-13T11:37:51.323330+00:00", "symbol": "ADA-USD"}, {"trade_id": 143334614, "side": "sell", "size": "117.42847712", "price": "0.72930000", "time": "2025-07-13T11:37:10.163357Z", "fetched_at": "2025-07-13T11:37:51.323330+00:00", "symbol": "ADA-USD"}, {"trade_id": 143334613, "side": "sell", "size": "820.69581680", "price": "0.72930000", "time": "2025-07-13T11:37:10.163357Z", "fetched_at": "2025-07-13T11:37:51.323330+00:00", "symbol": "ADA-USD"}, {"trade_id": 143334612, "side": "sell", "size": "275.00859402", "price": "0.72930000", "time": "2025-07-13T11:37:10.163357Z", "fetched_at": "2025-07-13T11:37:51.323330+00:00", "symbol": "ADA-USD"}, {"trade_id": 143334611, "side": "sell", "size": "1865.26285000", "price": "0.72930000", "time": "2025-07-13T11:37:10.163357Z", "fetched_at": "2025-07-13T11:37:51.323330+00:00", "symbol": "ADA-USD"}, {"trade_id": 143334610, "side": "sell", "size": "448.97672563", "price": "0.72930000", "time": "2025-07-13T11:37:10.163357Z", "fetched_at": "2025-07-13T11:37:51.323330+00:00", "symbol": "ADA-USD"}, {"trade_id": 143334609, "side": "sell", "size": "1.60000000", "price": "0.72930000", "time": "2025-07-13T11:37:10.163357Z", "fetched_at": "2025-07-13T11:37:51.323330+00:00", "symbol": "ADA-USD"}, {"trade_id": 143334608, "side": "sell", "size": "763.72267055", "price": "0.72930000", "time": "2025-07-13T11:37:10.163357Z", "fetched_at": "2025-07-13T11:37:51.323330+00:00", "symbol": "ADA-USD"}, {"trade_id": 143334607, "side": "sell", "size": "1861.82007000", "price": "0.72920000", "time": "2025-07-13T11:37:10.163357Z", "fetched_at": "2025-07-13T11:37:51.323330+00:00", "symbol": "ADA-USD"}, {"trade_id": 143334606, "side": "sell", "size": "4897.70000000", "price": "0.72920000", "time": "2025-07-13T11:37:10.163357Z", "fetched_at": "2025-07-13T11:37:51.323330+00:00", "symbol": "ADA-USD"}, {"trade_id": 143334605, "side": "sell", "size": "665.23948996", "price": "0.72920000", "time": "2025-07-13T11:37:10.163357Z", "fetched_at": "2025-07-13T11:37:51.323330+00:00", "symbol": "ADA-USD"}, {"trade_id": 143334604, "side": "sell", "size": "926.94195743", "price": "0.72920000", "time": "2025-07-13T11:37:10.163357Z", "fetched_at": "2025-07-13T11:37:51.323330+00:00", "symbol": "ADA-USD"}, {"trade_id": 143334603, "side": "sell", "size": "1863.24408000", "price": "0.72920000", "time": "2025-07-13T11:37:10.163357Z", "fetched_at": "2025-07-13T11:37:51.323330+00:00", "symbol": "ADA-USD"}, {"trade_id": 143334602, "side": "sell", "size": "1.60000000", "price": "0.72920000", "time": "2025-07-13T11:37:10.163357Z", "fetched_at": "2025-07-13T11:37:51.323330+00:00", "symbol": "ADA-USD"}, {"trade_id": 143334601, "side": "sell", "size": "922.74656309", "price": "0.72920000", "time": "2025-07-13T11:37:10.163357Z", "fetched_at": "2025-07-13T11:37:51.323330+00:00", "symbol": "ADA-USD"}, {"trade_id": 143334600, "side": "sell", "size": "763.72267055", "price": "0.72920000", "time": "2025-07-13T11:37:10.163357Z", "fetched_at": "2025-07-13T11:37:51.323330+00:00", "symbol": "ADA-USD"}, {"trade_id": 143334599, "side": "sell", "size": "13.71828252", "price": "0.72910000", "time": "2025-07-13T11:37:10.163357Z", "fetched_at": "2025-07-13T11:37:51.323330+00:00", "symbol": "ADA-USD"}, {"trade_id": 143334598, "side": "sell", "size": "3197.90038798", "price": "0.72910000", "time": "2025-07-13T11:37:10.163357Z", "fetched_at": "2025-07-13T11:37:51.323330+00:00", "symbol": "ADA-USD"}, {"trade_id": 143334597, "side": "sell", "size": "355.18377745", "price": "0.72910000", "time": "2025-07-13T11:37:10.163357Z", "fetched_at": "2025-07-13T11:37:51.323330+00:00", "symbol": "ADA-USD"}, {"trade_id": 143334596, "side": "sell", "size": "763.72267055", "price": "0.72910000", "time": "2025-07-13T11:37:10.163357Z", "fetched_at": "2025-07-13T11:37:51.323330+00:00", "symbol": "ADA-USD"}, {"trade_id": 143334595, "side": "sell", "size": "1.60000000", "price": "0.72910000", "time": "2025-07-13T11:37:10.163357Z", "fetched_at": "2025-07-13T11:37:51.323330+00:00", "symbol": "ADA-USD"}, {"trade_id": 143334594, "side": "sell", "size": "1.60000000", "price": "0.72900000", "time": "2025-07-13T11:37:10.163357Z", "fetched_at": "2025-07-13T11:37:51.323330+00:00", "symbol": "ADA-USD"}, {"trade_id": 143334593, "side": "sell", "size": "13.72019294", "price": "0.72880000", "time": "2025-07-13T11:37:07.699463Z", "fetched_at": "2025-07-13T11:37:51.323330+00:00", "symbol": "ADA-USD"}, {"trade_id": 143334592, "side": "buy", "size": "6.68441203", "price": "0.72880000", "time": "2025-07-13T11:37:05.685617Z", "fetched_at": "2025-07-13T11:37:51.323330+00:00", "symbol": "ADA-USD"}, {"trade_id": 143334591, "side": "buy", "size": "358.44987048", "price": "0.72870000", "time": "2025-07-13T11:36:59.836089Z", "fetched_at": "2025-07-13T11:37:51.323330+00:00", "symbol": "ADA-USD"}, {"trade_id": 143334590, "side": "buy", "size": "310.50000000", "price": "0.72870000", "time": "2025-07-13T11:36:59.836089Z", "fetched_at": "2025-07-13T11:37:51.323330+00:00", "symbol": "ADA-USD"}, {"trade_id": 143334589, "side": "buy", "size": "13.72118552", "price": "0.72880000", "time": "2025-07-13T11:36:59.836089Z", "fetched_at": "2025-07-13T11:37:51.323330+00:00", "symbol": "ADA-USD"}, {"trade_id": 143334588, "side": "buy", "size": "1.60000000", "price": "0.72880000", "time": "2025-07-13T11:36:59.836089Z", "fetched_at": "2025-07-13T11:37:51.323330+00:00", "symbol": "ADA-USD"}, {"trade_id": 143334587, "side": "buy", "size": "1.60000000", "price": "0.72890000", "time": "2025-07-13T11:36:59.836089Z", "fetched_at": "2025-07-13T11:37:51.323330+00:00", "symbol": "ADA-USD"}, {"trade_id": 143334586, "side": "sell", "size": "2.35928200", "price": "0.72900000", "time": "2025-07-13T11:36:51.992986Z", "fetched_at": "2025-07-13T11:37:51.323330+00:00", "symbol": "ADA-USD"}, {"trade_id": 143334585, "side": "sell", "size": "10.14320987", "price": "0.72900000", "time": "2025-07-13T11:36:47.721231Z", "fetched_at": "2025-07-13T11:37:51.323330+00:00", "symbol": "ADA-USD"}, {"trade_id": 143334584, "side": "sell", "size": "13.71831792", "price": "0.72900000", "time": "2025-07-13T11:36:44.439086Z", "fetched_at": "2025-07-13T11:37:51.323330+00:00", "symbol": "ADA-USD"}, {"trade_id": 143334583, "side": "sell", "size": "3689.87109665", "price": "0.72910000", "time": "2025-07-13T11:36:42.109438Z", "fetched_at": "2025-07-13T11:37:51.323330+00:00", "symbol": "ADA-USD"}, {"trade_id": 143334582, "side": "sell", "size": "763.72267055", "price": "0.72910000", "time": "2025-07-13T11:36:42.109438Z", "fetched_at": "2025-07-13T11:37:51.323330+00:00", "symbol": "ADA-USD"}, {"trade_id": 143334581, "side": "sell", "size": "13.71828704", "price": "0.72900000", "time": "2025-07-13T11:36:42.109438Z", "fetched_at": "2025-07-13T11:37:51.323330+00:00", "symbol": "ADA-USD"}, {"trade_id": 143334580, "side": "sell", "size": "683.07153176", "price": "0.72900000", "time": "2025-07-13T11:36:42.109438Z", "fetched_at": "2025-07-13T11:37:51.323330+00:00", "symbol": "ADA-USD"}, {"trade_id": 143334579, "side": "sell", "size": "180.38486000", "price": "0.72900000", "time": "2025-07-13T11:36:42.109438Z", "fetched_at": "2025-07-13T11:37:51.323330+00:00", "symbol": "ADA-USD"}, {"trade_id": 143334578, "side": "buy", "size": "2.95149409", "price": "0.72900000", "time": "2025-07-13T11:36:36.931384Z", "fetched_at": "2025-07-13T11:37:51.323330+00:00", "symbol": "ADA-USD"}, {"trade_id": 143334577, "side": "buy", "size": "8498.57552001", "price": "0.72900000", "time": "2025-07-13T11:36:36.926358Z", "fetched_at": "2025-07-13T11:37:51.323330+00:00", "symbol": "ADA-USD"}, {"trade_id": 143334576, "side": "buy", "size": "83.96453882", "price": "0.72890000", "time": "2025-07-13T11:36:31.623810Z", "fetched_at": "2025-07-13T11:37:51.323330+00:00", "symbol": "ADA-USD"}, {"trade_id": 143334575, "side": "buy", "size": "3.66251818", "price": "0.72890000", "time": "2025-07-13T11:36:31.623810Z", "fetched_at": "2025-07-13T11:37:51.323330+00:00", "symbol": "ADA-USD"}, {"trade_id": 143334574, "side": "sell", "size": "525.70638139", "price": "0.72900000", "time": "2025-07-13T11:36:21.975131Z", "fetched_at": "2025-07-13T11:37:51.323330+00:00", "symbol": "ADA-USD"}, {"trade_id": 143334573, "side": "sell", "size": "720.42932376", "price": "0.72890000", "time": "2025-07-13T11:36:21.975131Z", "fetched_at": "2025-07-13T11:37:51.323330+00:00", "symbol": "ADA-USD"}, {"trade_id": 143334572, "side": "sell", "size": "120.25657000", "price": "0.72890000", "time": "2025-07-13T11:36:21.975131Z", "fetched_at": "2025-07-13T11:37:51.323330+00:00", "symbol": "ADA-USD"}, {"trade_id": 143334571, "side": "buy", "size": "1.60000000", "price": "0.72890000", "time": "2025-07-13T11:36:20.476362Z", "fetched_at": "2025-07-13T11:37:51.323330+00:00", "symbol": "ADA-USD"}, {"trade_id": 143334570, "side": "buy", "size": "34.21251200", "price": "0.72890000", "time": "2025-07-13T11:36:20.476362Z", "fetched_at": "2025-07-13T11:37:51.323330+00:00", "symbol": "ADA-USD"}, {"trade_id": 143334569, "side": "buy", "size": "57.49920000", "price": "0.72910000", "time": "2025-07-13T11:36:18.535Z", "fetched_at": "2025-07-13T11:37:51.323330+00:00", "symbol": "ADA-USD"}, {"trade_id": 143334568, "side": "buy", "size": "70.86167000", "price": "0.72910000", "time": "2025-07-13T11:36:16.853218Z", "fetched_at": "2025-07-13T11:37:51.323330+00:00", "symbol": "ADA-USD"}, {"trade_id": 143334567, "side": "sell", "size": "687.13910238", "price": "0.72910000", "time": "2025-07-13T11:36:16.840009Z", "fetched_at": "2025-07-13T11:37:51.323330+00:00", "symbol": "ADA-USD"}, {"trade_id": 143334566, "side": "sell", "size": "978.91336604", "price": "0.72910000", "time": "2025-07-13T11:36:16.840009Z", "fetched_at": "2025-07-13T11:37:51.323330+00:00", "symbol": "ADA-USD"}, {"trade_id": 143334565, "side": "sell", "size": "763.72267055", "price": "0.72910000", "time": "2025-07-13T11:36:16.840009Z", "fetched_at": "2025-07-13T11:37:51.323330+00:00", "symbol": "ADA-USD"}, {"trade_id": 143334564, "side": "sell", "size": "4895.10000000", "price": "0.72910000", "time": "2025-07-13T11:36:16.840009Z", "fetched_at": "2025-07-13T11:37:51.323330+00:00", "symbol": "ADA-USD"}, {"trade_id": 143334563, "side": "sell", "size": "810.20515651", "price": "0.72910000", "time": "2025-07-13T11:36:16.840009Z", "fetched_at": "2025-07-13T11:37:51.323330+00:00", "symbol": "ADA-USD"}, {"trade_id": 143334562, "side": "sell", "size": "120.25657000", "price": "0.72910000", "time": "2025-07-13T11:36:16.840009Z", "fetched_at": "2025-07-13T11:37:51.323330+00:00", "symbol": "ADA-USD"}, {"trade_id": 143334561, "side": "sell", "size": "50.00000000", "price": "0.72900000", "time": "2025-07-13T11:36:16.839467Z", "fetched_at": "2025-07-13T11:37:51.323330+00:00", "symbol": "ADA-USD"}, {"trade_id": 143334560, "side": "sell", "size": "13.71644224", "price": "0.72900000", "time": "2025-07-13T11:36:16.839467Z", "fetched_at": "2025-07-13T11:37:51.323330+00:00", "symbol": "ADA-USD"}, {"trade_id": 143334559, "side": "sell", "size": "120.25657000", "price": "0.72900000", "time": "2025-07-13T11:36:16.839467Z", "fetched_at": "2025-07-13T11:37:51.323330+00:00", "symbol": "ADA-USD"}, {"trade_id": 143334558, "side": "sell", "size": "49.40306000", "price": "0.72900000", "time": "2025-07-13T11:36:16.839467Z", "fetched_at": "2025-07-13T11:37:51.323330+00:00", "symbol": "ADA-USD"}, {"trade_id": 143334557, "side": "buy", "size": "1.60000000", "price": "0.72900000", "time": "2025-07-13T11:36:15.841332Z", "fetched_at": "2025-07-13T11:37:51.323330+00:00", "symbol": "ADA-USD"}, {"trade_id": 143334556, "side": "buy", "size": "1.94933747", "price": "0.72910000", "time": "2025-07-13T11:36:12.349584Z", "fetched_at": "2025-07-13T11:37:51.323330+00:00", "symbol": "ADA-USD"}, {"trade_id": 143334555, "side": "buy", "size": "59.26167000", "price": "0.72910000", "time": "2025-07-13T11:36:12.337756Z", "fetched_at": "2025-07-13T11:37:51.323330+00:00", "symbol": "ADA-USD"}, {"trade_id": 143334554, "side": "buy", "size": "1.60000000", "price": "0.72910000", "time": "2025-07-13T11:36:12.337756Z", "fetched_at": "2025-07-13T11:37:51.323330+00:00", "symbol": "ADA-USD"}, {"trade_id": 143334553, "side": "buy", "size": "10.00000000", "price": "0.72910000", "time": "2025-07-13T11:36:12.337756Z", "fetched_at": "2025-07-13T11:37:51.323330+00:00", "symbol": "ADA-USD"}, {"trade_id": 143334552, "side": "buy", "size": "2.62086885", "price": "0.72920000", "time": "2025-07-13T11:36:08.991026Z", "fetched_at": "2025-07-13T11:37:51.323330+00:00", "symbol": "ADA-USD"}, {"trade_id": 143334551, "side": "buy", "size": "1.60000000", "price": "0.72920000", "time": "2025-07-13T11:36:08.991026Z", "fetched_at": "2025-07-13T11:37:51.323330+00:00", "symbol": "ADA-USD"}, {"trade_id": 143334550, "side": "buy", "size": "2.52059352", "price": "0.72930000", "time": "2025-07-13T11:36:08.911511Z", "fetched_at": "2025-07-13T11:37:51.323330+00:00", "symbol": "ADA-USD"}, {"trade_id": 143334549, "side": "buy", "size": "7.61448516", "price": "0.72920000", "time": "2025-07-13T11:36:07.612245Z", "fetched_at": "2025-07-13T11:37:51.323330+00:00", "symbol": "ADA-USD"}, {"trade_id": 143334548, "side": "buy", "size": "4.61442384", "price": "0.72930000", "time": "2025-07-13T11:36:07.612245Z", "fetched_at": "2025-07-13T11:37:51.323330+00:00", "symbol": "ADA-USD"}, {"trade_id": 143334547, "side": "buy", "size": "1.60000000", "price": "0.72930000", "time": "2025-07-13T11:36:07.612245Z", "fetched_at": "2025-07-13T11:37:51.323330+00:00", "symbol": "ADA-USD"}, {"trade_id": 143334546, "side": "buy", "size": "2506.82917181", "price": "0.72940000", "time": "2025-07-13T11:36:07.466730Z", "fetched_at": "2025-07-13T11:37:51.323330+00:00", "symbol": "ADA-USD"}, {"trade_id": 143334545, "side": "buy", "size": "1115.72014661", "price": "0.72940000", "time": "2025-07-13T11:36:07.466730Z", "fetched_at": "2025-07-13T11:37:51.323330+00:00", "symbol": "ADA-USD"}, {"trade_id": 143334544, "side": "buy", "size": "3432.80987890", "price": "0.72940000", "time": "2025-07-13T11:36:07.466730Z", "fetched_at": "2025-07-13T11:37:51.323330+00:00", "symbol": "ADA-USD"}, {"trade_id": 143334543, "side": "buy", "size": "763.72267055", "price": "0.72940000", "time": "2025-07-13T11:36:07.466730Z", "fetched_at": "2025-07-13T11:37:51.323330+00:00", "symbol": "ADA-USD"}, {"trade_id": 143334542, "side": "buy", "size": "1.60000000", "price": "0.72940000", "time": "2025-07-13T11:36:07.466730Z", "fetched_at": "2025-07-13T11:37:51.323330+00:00", "symbol": "ADA-USD"}, {"trade_id": 143334541, "side": "buy", "size": "4.64190728", "price": "0.72950000", "time": "2025-07-13T11:36:07.466730Z", "fetched_at": "2025-07-13T11:37:51.323330+00:00", "symbol": "ADA-USD"}, {"trade_id": 143334540, "side": "buy", "size": "124.55434821", "price": "0.72950000", "time": "2025-07-13T11:36:07.466730Z", "fetched_at": "2025-07-13T11:37:51.323330+00:00", "symbol": "ADA-USD"}, {"trade_id": 143334539, "side": "buy", "size": "1.60000000", "price": "0.72950000", "time": "2025-07-13T11:36:07.466730Z", "fetched_at": "2025-07-13T11:37:51.323330+00:00", "symbol": "ADA-USD"}, {"trade_id": 143334538, "side": "sell", "size": "39.97161778", "price": "0.72960000", "time": "2025-07-13T11:36:06.154681Z", "fetched_at": "2025-07-13T11:37:51.323330+00:00", "symbol": "ADA-USD"}, {"trade_id": 143334537, "side": "sell", "size": "2.68449422", "price": "0.72960000", "time": "2025-07-13T11:36:06.154681Z", "fetched_at": "2025-07-13T11:37:51.323330+00:00", "symbol": "ADA-USD"}, {"trade_id": 143334536, "side": "sell", "size": "1.35635000", "price": "0.72960000", "time": "2025-07-13T11:36:02.899387Z", "fetched_at": "2025-07-13T11:37:51.323330+00:00", "symbol": "ADA-USD"}, {"trade_id": 143334535, "side": "sell", "size": "19.57779766", "price": "0.72960000", "time": "2025-07-13T11:36:02.106273Z", "fetched_at": "2025-07-13T11:37:51.323330+00:00", "symbol": "ADA-USD"}, {"trade_id": 143334534, "side": "sell", "size": "13.70703634", "price": "0.72960000", "time": "2025-07-13T11:36:02.106273Z", "fetched_at": "2025-07-13T11:37:51.323330+00:00", "symbol": "ADA-USD"}, {"trade_id": 143334533, "side": "buy", "size": "1.81650736", "price": "0.72960000", "time": "2025-07-13T11:35:57.734436Z", "fetched_at": "2025-07-13T11:37:51.323330+00:00", "symbol": "ADA-USD"}, {"trade_id": 143334532, "side": "buy", "size": "1.60000000", "price": "0.72960000", "time": "2025-07-13T11:35:57.734436Z", "fetched_at": "2025-07-13T11:37:51.323330+00:00", "symbol": "ADA-USD"}, {"trade_id": 143334531, "side": "buy", "size": "1.60000000", "price": "0.72970000", "time": "2025-07-13T11:35:57.726718Z", "fetched_at": "2025-07-13T11:37:51.323330+00:00", "symbol": "ADA-USD"}, {"trade_id": 143334530, "side": "buy", "size": "1.84313143", "price": "0.72980000", "time": "2025-07-13T11:35:54.098807Z", "fetched_at": "2025-07-13T11:37:51.323330+00:00", "symbol": "ADA-USD"}, {"trade_id": 143334529, "side": "buy", "size": "1.60000000", "price": "0.72980000", "time": "2025-07-13T11:35:54.098807Z", "fetched_at": "2025-07-13T11:37:51.323330+00:00", "symbol": "ADA-USD"}, {"trade_id": 143334528, "side": "buy", "size": "2.09564712", "price": "0.72990000", "time": "2025-07-13T11:35:51.127884Z", "fetched_at": "2025-07-13T11:37:51.323330+00:00", "symbol": "ADA-USD"}, {"trade_id": 143334527, "side": "buy", "size": "1.60000000", "price": "0.72990000", "time": "2025-07-13T11:35:51.127884Z", "fetched_at": "2025-07-13T11:37:51.323330+00:00", "symbol": "ADA-USD"}, {"trade_id": 143334526, "side": "buy", "size": "2.36606715", "price": "0.73000000", "time": "2025-07-13T11:35:50.669036Z", "fetched_at": "2025-07-13T11:37:51.323330+00:00", "symbol": "ADA-USD"}, {"trade_id": 143334525, "side": "buy", "size": "2.30776045", "price": "0.73010000", "time": "2025-07-13T11:35:49.849070Z", "fetched_at": "2025-07-13T11:37:51.323330+00:00", "symbol": "ADA-USD"}, {"trade_id": 143334524, "side": "sell", "size": "43.31750631", "price": "0.73010000", "time": "2025-07-13T11:35:43.812494Z", "fetched_at": "2025-07-13T11:37:51.323330+00:00", "symbol": "ADA-USD"}, {"trade_id": 143334523, "side": "buy", "size": "683.64509451", "price": "0.72990000", "time": "2025-07-13T11:35:34.808799Z", "fetched_at": "2025-07-13T11:37:51.323330+00:00", "symbol": "ADA-USD"}, {"trade_id": 143334522, "side": "buy", "size": "3.11149149", "price": "0.73000000", "time": "2025-07-13T11:35:34.808799Z", "fetched_at": "2025-07-13T11:37:51.323330+00:00", "symbol": "ADA-USD"}, {"trade_id": 143334521, "side": "sell", "size": "3.94123500", "price": "0.73010000", "time": "2025-07-13T11:35:32.839107Z", "fetched_at": "2025-07-13T11:37:51.323330+00:00", "symbol": "ADA-USD"}, {"trade_id": 143334520, "side": "buy", "size": "3.31459391", "price": "0.72990000", "time": "2025-07-13T11:35:27.796026Z", "fetched_at": "2025-07-13T11:37:51.323330+00:00", "symbol": "ADA-USD"}, {"trade_id": 143334519, "side": "buy", "size": "1.60000000", "price": "0.72990000", "time": "2025-07-13T11:35:27.796026Z", "fetched_at": "2025-07-13T11:37:51.323330+00:00", "symbol": "ADA-USD"}, {"trade_id": 143334518, "side": "buy", "size": "4.16078773", "price": "0.73000000", "time": "2025-07-13T11:35:27.290220Z", "fetched_at": "2025-07-13T11:37:51.323330+00:00", "symbol": "ADA-USD"}, {"trade_id": 143334517, "side": "buy", "size": "6.77207952", "price": "0.73010000", "time": "2025-07-13T11:35:23.976170Z", "fetched_at": "2025-07-13T11:37:51.323330+00:00", "symbol": "ADA-USD"}, {"trade_id": 143334516, "side": "buy", "size": "74.58098690", "price": "0.73000000", "time": "2025-07-13T11:35:18.675867Z", "fetched_at": "2025-07-13T11:37:51.323330+00:00", "symbol": "ADA-USD"}, {"trade_id": 143334515, "side": "buy", "size": "970.29583548", "price": "0.73000000", "time": "2025-07-13T11:35:18.675867Z", "fetched_at": "2025-07-13T11:37:51.323330+00:00", "symbol": "ADA-USD"}, {"trade_id": 143334514, "side": "buy", "size": "1179.50555614", "price": "0.73000000", "time": "2025-07-13T11:35:18.675867Z", "fetched_at": "2025-07-13T11:37:51.323330+00:00", "symbol": "ADA-USD"}, {"trade_id": 143334513, "side": "buy", "size": "1.60000000", "price": "0.73000000", "time": "2025-07-13T11:35:18.675867Z", "fetched_at": "2025-07-13T11:37:51.323330+00:00", "symbol": "ADA-USD"}, {"trade_id": 143334512, "side": "buy", "size": "761.64958774", "price": "0.73000000", "time": "2025-07-13T11:35:18.675867Z", "fetched_at": "2025-07-13T11:37:51.323330+00:00", "symbol": "ADA-USD"}, {"trade_id": 143334511, "side": "buy", "size": "51.00306000", "price": "0.73010000", "time": "2025-07-13T11:35:18.675867Z", "fetched_at": "2025-07-13T11:37:51.323330+00:00", "symbol": "ADA-USD"}, {"trade_id": 143334510, "side": "buy", "size": "50.00000000", "price": "0.73010000", "time": "2025-07-13T11:35:18.675867Z", "fetched_at": "2025-07-13T11:37:51.323330+00:00", "symbol": "ADA-USD"}, {"trade_id": 143334509, "side": "buy", "size": "310.50000000", "price": "0.73010000", "time": "2025-07-13T11:35:18.675867Z", "fetched_at": "2025-07-13T11:37:51.323330+00:00", "symbol": "ADA-USD"}, {"trade_id": 143334508, "side": "buy", "size": "6.58634774", "price": "0.73010000", "time": "2025-07-13T11:35:18.675867Z", "fetched_at": "2025-07-13T11:37:51.323330+00:00", "symbol": "ADA-USD"}, {"trade_id": 143334507, "side": "buy", "size": "1.60000000", "price": "0.73010000", "time": "2025-07-13T11:35:18.675867Z", "fetched_at": "2025-07-13T11:37:51.323330+00:00", "symbol": "ADA-USD"}, {"trade_id": 143334506, "side": "buy", "size": "13.69300288", "price": "0.73030000", "time": "2025-07-13T11:35:06.741908Z", "fetched_at": "2025-07-13T11:37:51.323330+00:00", "symbol": "ADA-USD"}, {"trade_id": 143334505, "side": "sell", "size": "0.00000096", "price": "0.73040000", "time": "2025-07-13T11:35:04.514153Z", "fetched_at": "2025-07-13T11:37:51.323330+00:00", "symbol": "ADA-USD"}, {"trade_id": 143334504, "side": "sell", "size": "13.69390000", "price": "0.73040000", "time": "2025-07-13T11:35:04.513959Z", "fetched_at": "2025-07-13T11:37:51.323330+00:00", "symbol": "ADA-USD"}, {"trade_id": 143334503, "side": "sell", "size": "1.60000000", "price": "0.73040000", "time": "2025-07-13T11:35:04.513959Z", "fetched_at": "2025-07-13T11:37:51.323330+00:00", "symbol": "ADA-USD"}, {"trade_id": 143334502, "side": "sell", "size": "4892.00000000", "price": "0.73040000", "time": "2025-07-13T11:35:04.513959Z", "fetched_at": "2025-07-13T11:37:51.323330+00:00", "symbol": "ADA-USD"}, {"trade_id": 143334501, "side": "sell", "size": "0.00004925", "price": "0.73030000", "time": "2025-07-13T11:35:00.486194Z", "fetched_at": "2025-07-13T11:37:51.323330+00:00", "symbol": "ADA-USD"}, {"trade_id": 143334500, "side": "sell", "size": "13.69380000", "price": "0.73030000", "time": "2025-07-13T11:35:00.484576Z", "fetched_at": "2025-07-13T11:37:51.323330+00:00", "symbol": "ADA-USD"}, {"trade_id": 143334499, "side": "sell", "size": "67.77108400", "price": "0.73020000", "time": "2025-07-13T11:34:57.359491Z", "fetched_at": "2025-07-13T11:37:51.323330+00:00", "symbol": "ADA-USD"}, {"trade_id": 143334498, "side": "buy", "size": "6.56139651", "price": "0.73020000", "time": "2025-07-13T11:34:56.637060Z", "fetched_at": "2025-07-13T11:37:51.323330+00:00", "symbol": "ADA-USD"}, {"trade_id": 143334497, "side": "buy", "size": "1.60000000", "price": "0.73020000", "time": "2025-07-13T11:34:56.637060Z", "fetched_at": "2025-07-13T11:37:51.323330+00:00", "symbol": "ADA-USD"}, {"trade_id": 143334496, "side": "buy", "size": "13.69300288", "price": "0.73030000", "time": "2025-07-13T11:34:37.818021Z", "fetched_at": "2025-07-13T11:37:51.323330+00:00", "symbol": "ADA-USD"}, {"trade_id": 143334495, "side": "buy", "size": "324.01131956", "price": "0.73020000", "time": "2025-07-13T11:34:27.746919Z", "fetched_at": "2025-07-13T11:37:51.323330+00:00", "symbol": "ADA-USD"}, {"trade_id": 143334494, "side": "buy", "size": "75.57665824", "price": "0.73020000", "time": "2025-07-13T11:34:27.746919Z", "fetched_at": "2025-07-13T11:37:51.323330+00:00", "symbol": "ADA-USD"}, {"trade_id": 143334493, "side": "buy", "size": "13.69300288", "price": "0.73030000", "time": "2025-07-13T11:34:27.746919Z", "fetched_at": "2025-07-13T11:37:51.323330+00:00", "symbol": "ADA-USD"}, {"trade_id": 143334492, "side": "sell", "size": "5.83488566", "price": "0.73040000", "time": "2025-07-13T11:34:15.316686Z", "fetched_at": "2025-07-13T11:37:51.323330+00:00", "symbol": "ADA-USD"}, {"trade_id": 143334491, "side": "sell", "size": "1.60000000", "price": "0.73040000", "time": "2025-07-13T11:34:15.316686Z", "fetched_at": "2025-07-13T11:37:51.323330+00:00", "symbol": "ADA-USD"}, {"trade_id": 143334490, "side": "sell", "size": "13.55792900", "price": "0.73040000", "time": "2025-07-13T11:34:10.559644Z", "fetched_at": "2025-07-13T11:37:51.323330+00:00", "symbol": "ADA-USD"}, {"trade_id": 143334489, "side": "sell", "size": "13.69958284", "price": "0.73020000", "time": "2025-07-13T11:34:08.279281Z", "fetched_at": "2025-07-13T11:37:51.323330+00:00", "symbol": "ADA-USD"}, {"trade_id": 143334488, "side": "sell", "size": "1.60000000", "price": "0.73020000", "time": "2025-07-13T11:34:08.279281Z", "fetched_at": "2025-07-13T11:37:51.323330+00:00", "symbol": "ADA-USD"}, {"trade_id": 143334487, "side": "sell", "size": "4562.75546532", "price": "0.73010000", "time": "2025-07-13T11:34:07.774066Z", "fetched_at": "2025-07-13T11:37:51.323330+00:00", "symbol": "ADA-USD"}, {"trade_id": 143334486, "side": "sell", "size": "915.66726995", "price": "0.73010000", "time": "2025-07-13T11:34:07.774066Z", "fetched_at": "2025-07-13T11:37:51.323330+00:00", "symbol": "ADA-USD"}, {"trade_id": 143334485, "side": "sell", "size": "761.64958774", "price": "0.73010000", "time": "2025-07-13T11:34:07.774066Z", "fetched_at": "2025-07-13T11:37:51.323330+00:00", "symbol": "ADA-USD"}, {"trade_id": 143334484, "side": "buy", "size": "70.86167000", "price": "0.72980000", "time": "2025-07-13T11:34:03.808581Z", "fetched_at": "2025-07-13T11:37:51.323330+00:00", "symbol": "ADA-USD"}, {"trade_id": 143334483, "side": "sell", "size": "699.76110196", "price": "0.72990000", "time": "2025-07-13T11:34:03.808251Z", "fetched_at": "2025-07-13T11:37:51.323330+00:00", "symbol": "ADA-USD"}, {"trade_id": 143334482, "side": "sell", "size": "761.64958774", "price": "0.72990000", "time": "2025-07-13T11:34:03.808251Z", "fetched_at": "2025-07-13T11:37:51.323330+00:00", "symbol": "ADA-USD"}, {"trade_id": 143334481, "side": "sell", "size": "13.69583214", "price": "0.72990000", "time": "2025-07-13T11:34:03.808251Z", "fetched_at": "2025-07-13T11:37:51.323330+00:00", "symbol": "ADA-USD"}, {"trade_id": 143334480, "side": "sell", "size": "120.25657000", "price": "0.72990000", "time": "2025-07-13T11:34:03.808251Z", "fetched_at": "2025-07-13T11:37:51.323330+00:00", "symbol": "ADA-USD"}, {"trade_id": 143334479, "side": "sell", "size": "51.00306000", "price": "0.72980000", "time": "2025-07-13T11:34:03.803176Z", "fetched_at": "2025-07-13T11:37:51.323330+00:00", "symbol": "ADA-USD"}, {"trade_id": 143334478, "side": "sell", "size": "50.00000000", "price": "0.72980000", "time": "2025-07-13T11:34:03.803176Z", "fetched_at": "2025-07-13T11:37:51.323330+00:00", "symbol": "ADA-USD"}, {"trade_id": 143334477, "side": "sell", "size": "24.90223080", "price": "0.72980000", "time": "2025-07-13T11:34:03.803176Z", "fetched_at": "2025-07-13T11:37:51.323330+00:00", "symbol": "ADA-USD"}, {"trade_id": 143334476, "side": "buy", "size": "3764.31155082", "price": "0.72970000", "time": "2025-07-13T11:34:03.395829Z", "fetched_at": "2025-07-13T11:37:51.323330+00:00", "symbol": "ADA-USD"}, {"trade_id": 143334475, "side": "buy", "size": "1085.51362726", "price": "0.72970000", "time": "2025-07-13T11:34:03.395829Z", "fetched_at": "2025-07-13T11:37:51.323330+00:00", "symbol": "ADA-USD"}, {"trade_id": 143334474, "side": "buy", "size": "761.64958774", "price": "0.72970000", "time": "2025-07-13T11:34:03.395829Z", "fetched_at": "2025-07-13T11:37:51.323330+00:00", "symbol": "ADA-USD"}, {"trade_id": 143334473, "side": "buy", "size": "3.92523418", "price": "0.72980000", "time": "2025-07-13T11:34:03.395829Z", "fetched_at": "2025-07-13T11:37:51.323330+00:00", "symbol": "ADA-USD"}, {"trade_id": 143334472, "side": "buy", "size": "1.60000000", "price": "0.72980000", "time": "2025-07-13T11:34:03.395829Z", "fetched_at": "2025-07-13T11:37:51.323330+00:00", "symbol": "ADA-USD"}, {"trade_id": 143334471, "side": "buy", "size": "14.72329488", "price": "0.72980000", "time": "2025-07-13T11:34:02.506431Z", "fetched_at": "2025-07-13T11:37:51.323330+00:00", "symbol": "ADA-USD"}, {"trade_id": 143334470, "side": "buy", "size": "6.75909904", "price": "0.72990000", "time": "2025-07-13T11:34:02.506431Z", "fetched_at": "2025-07-13T11:37:51.323330+00:00", "symbol": "ADA-USD"}, {"trade_id": 143334469, "side": "buy", "size": "0.00000008", "price": "0.72990000", "time": "2025-07-13T11:34:02.506431Z", "fetched_at": "2025-07-13T11:37:51.323330+00:00", "symbol": "ADA-USD"}, {"trade_id": 143334468, "side": "buy", "size": "13.69675387", "price": "0.73010000", "time": "2025-07-13T11:34:01.993996Z", "fetched_at": "2025-07-13T11:37:51.323330+00:00", "symbol": "ADA-USD"}, {"trade_id": 143334467, "side": "sell", "size": "12.99027500", "price": "0.73030000", "time": "2025-07-13T11:34:00.440606Z", "fetched_at": "2025-07-13T11:37:51.323330+00:00", "symbol": "ADA-USD"}, {"trade_id": 143334466, "side": "sell", "size": "2.80558315", "price": "0.73030000", "time": "2025-07-13T11:34:00.372103Z", "fetched_at": "2025-07-13T11:37:51.323330+00:00", "symbol": "ADA-USD"}, {"trade_id": 143334465, "side": "sell", "size": "8.44070985", "price": "0.73030000", "time": "2025-07-13T11:34:00.372103Z", "fetched_at": "2025-07-13T11:37:51.323330+00:00", "symbol": "ADA-USD"}, {"trade_id": 143334464, "side": "sell", "size": "1.60000000", "price": "0.73030000", "time": "2025-07-13T11:34:00.372103Z", "fetched_at": "2025-07-13T11:37:51.323330+00:00", "symbol": "ADA-USD"}, {"trade_id": 143334463, "side": "sell", "size": "120.25657000", "price": "0.73020000", "time": "2025-07-13T11:34:00.372103Z", "fetched_at": "2025-07-13T11:37:51.323330+00:00", "symbol": "ADA-USD"}, {"trade_id": 143334462, "side": "buy", "size": "50.00000000", "price": "0.73020000", "time": "2025-07-13T11:33:59.277971Z", "fetched_at": "2025-07-13T11:37:51.323330+00:00", "symbol": "ADA-USD"}, {"trade_id": 143334461, "side": "buy", "size": "13.69487812", "price": "0.73020000", "time": "2025-07-13T11:33:59.277971Z", "fetched_at": "2025-07-13T11:37:51.323330+00:00", "symbol": "ADA-USD"}, {"trade_id": 143334460, "side": "sell", "size": "6.44089900", "price": "0.73020000", "time": "2025-07-13T11:33:58.865916Z", "fetched_at": "2025-07-13T11:37:51.323330+00:00", "symbol": "ADA-USD"}, {"trade_id": 143334459, "side": "sell", "size": "13.51211587", "price": "0.73020000", "time": "2025-07-13T11:33:58.759581Z", "fetched_at": "2025-07-13T11:37:51.323330+00:00", "symbol": "ADA-USD"}, {"trade_id": 143334458, "side": "sell", "size": "57.34955413", "price": "0.73020000", "time": "2025-07-13T11:33:58.759581Z", "fetched_at": "2025-07-13T11:37:51.323330+00:00", "symbol": "ADA-USD"}, {"trade_id": 143334457, "side": "sell", "size": "2741.44869516", "price": "0.73010000", "time": "2025-07-13T11:33:58.758722Z", "fetched_at": "2025-07-13T11:37:51.323330+00:00", "symbol": "ADA-USD"}, {"trade_id": 143334456, "side": "sell", "size": "761.64958774", "price": "0.73010000", "time": "2025-07-13T11:33:58.758722Z", "fetched_at": "2025-07-13T11:37:51.323330+00:00", "symbol": "ADA-USD"}, {"trade_id": 143334455, "side": "sell", "size": "43.01216560", "price": "0.73010000", "time": "2025-07-13T11:33:58.758722Z", "fetched_at": "2025-07-13T11:37:51.323330+00:00", "symbol": "ADA-USD"}, {"trade_id": 143334454, "side": "buy", "size": "800.00000000", "price": "0.73000000", "time": "2025-07-13T11:33:58.725326Z", "fetched_at": "2025-07-13T11:37:51.323330+00:00", "symbol": "ADA-USD"}, {"trade_id": 143334453, "side": "buy", "size": "1.60000000", "price": "0.73000000", "time": "2025-07-13T11:33:58.725326Z", "fetched_at": "2025-07-13T11:37:51.323330+00:00", "symbol": "ADA-USD"}, {"trade_id": 143334452, "side": "buy", "size": "275.00859402", "price": "0.73000000", "time": "2025-07-13T11:33:58.725326Z", "fetched_at": "2025-07-13T11:37:51.323330+00:00", "symbol": "ADA-USD"}, {"trade_id": 143334451, "side": "buy", "size": "3955.10471381", "price": "0.73010000", "time": "2025-07-13T11:33:58.723666Z", "fetched_at": "2025-07-13T11:37:51.323330+00:00", "symbol": "ADA-USD"}, {"trade_id": 143334450, "side": "buy", "size": "2439.19711230", "price": "0.73010000", "time": "2025-07-13T11:33:58.720598Z", "fetched_at": "2025-07-13T11:37:51.323330+00:00", "symbol": "ADA-USD"}, {"trade_id": 143334449, "side": "buy", "size": "3393.09817389", "price": "0.73010000", "time": "2025-07-13T11:33:58.720197Z", "fetched_at": "2025-07-13T11:37:51.323330+00:00", "symbol": "ADA-USD"}, {"trade_id": 143334448, "side": "buy", "size": "559.17947866", "price": "0.73010000", "time": "2025-07-13T11:33:58.720197Z", "fetched_at": "2025-07-13T11:37:51.323330+00:00", "symbol": "ADA-USD"}, {"trade_id": 143334447, "side": "buy", "size": "13.69487812", "price": "0.73020000", "time": "2025-07-13T11:33:58.720197Z", "fetched_at": "2025-07-13T11:37:51.323330+00:00", "symbol": "ADA-USD"}, {"trade_id": 143334446, "side": "sell", "size": "4.89513800", "price": "0.73030000", "time": "2025-07-13T11:33:57.643556Z", "fetched_at": "2025-07-13T11:37:51.323330+00:00", "symbol": "ADA-USD"}, {"trade_id": 143334445, "side": "sell", "size": "1.60000000", "price": "0.73030000", "time": "2025-07-13T11:33:57.643556Z", "fetched_at": "2025-07-13T11:37:51.323330+00:00", "symbol": "ADA-USD"}, {"trade_id": 143334444, "side": "buy", "size": "76.08546700", "price": "0.73020000", "time": "2025-07-13T11:33:52.202114Z", "fetched_at": "2025-07-13T11:37:51.323330+00:00", "symbol": "ADA-USD"}, {"trade_id": 143334443, "side": "buy", "size": "43.00000000", "price": "0.73030000", "time": "2025-07-13T11:33:45.086096Z", "fetched_at": "2025-07-13T11:37:51.323330+00:00", "symbol": "ADA-USD"}, {"trade_id": 143334442, "side": "sell", "size": "1214.96188232", "price": "0.73040000", "time": "2025-07-13T11:33:44.860438Z", "fetched_at": "2025-07-13T11:37:51.323330+00:00", "symbol": "ADA-USD"}, {"trade_id": 143334441, "side": "sell", "size": "781.83811768", "price": "0.73040000", "time": "2025-07-13T11:33:44.860438Z", "fetched_at": "2025-07-13T11:37:51.323330+00:00", "symbol": "ADA-USD"}, {"trade_id": 143334440, "side": "sell", "size": "1.60000000", "price": "0.73040000", "time": "2025-07-13T11:33:44.860438Z", "fetched_at": "2025-07-13T11:37:51.323330+00:00", "symbol": "ADA-USD"}, {"trade_id": 143334439, "side": "sell", "size": "1.60000000", "price": "0.73030000", "time": "2025-07-13T11:33:44.860438Z", "fetched_at": "2025-07-13T11:37:51.323330+00:00", "symbol": "ADA-USD"}, {"trade_id": 143334438, "side": "sell", "size": "1.78963156", "price": "0.73020000", "time": "2025-07-13T11:33:44.271616Z", "fetched_at": "2025-07-13T11:37:51.323330+00:00", "symbol": "ADA-USD"}, {"trade_id": 143334437, "side": "sell", "size": "1.60000000", "price": "0.73020000", "time": "2025-07-13T11:33:44.271616Z", "fetched_at": "2025-07-13T11:37:51.323330+00:00", "symbol": "ADA-USD"}, {"trade_id": 143334436, "side": "sell", "size": "1458.27543626", "price": "0.73010000", "time": "2025-07-13T11:33:44.044567Z", "fetched_at": "2025-07-13T11:37:51.323330+00:00", "symbol": "ADA-USD"}, {"trade_id": 143334435, "side": "sell", "size": "761.64958774", "price": "0.73010000", "time": "2025-07-13T11:33:44.044567Z", "fetched_at": "2025-07-13T11:37:51.323330+00:00", "symbol": "ADA-USD"}, {"trade_id": 143334434, "side": "sell", "size": "50.00000000", "price": "0.73010000", "time": "2025-07-13T11:33:44.044567Z", "fetched_at": "2025-07-13T11:37:51.323330+00:00", "symbol": "ADA-USD"}, {"trade_id": 143334433, "side": "sell", "size": "1.60000000", "price": "0.73010000", "time": "2025-07-13T11:33:44.044567Z", "fetched_at": "2025-07-13T11:37:51.323330+00:00", "symbol": "ADA-USD"}, {"trade_id": 143334432, "side": "sell", "size": "2.93458711", "price": "0.73000000", "time": "2025-07-13T11:33:44.044567Z", "fetched_at": "2025-07-13T11:37:51.323330+00:00", "symbol": "ADA-USD"}, {"trade_id": 143334431, "side": "sell", "size": "1.60000000", "price": "0.73000000", "time": "2025-07-13T11:33:44.044567Z", "fetched_at": "2025-07-13T11:37:51.323330+00:00", "symbol": "ADA-USD"}, {"trade_id": 143334430, "side": "sell", "size": "4.90564433", "price": "0.72990000", "time": "2025-07-13T11:33:39.669054Z", "fetched_at": "2025-07-13T11:37:51.323330+00:00", "symbol": "ADA-USD"}, {"trade_id": 143334429, "side": "sell", "size": "1.60000000", "price": "0.72990000", "time": "2025-07-13T11:33:39.669054Z", "fetched_at": "2025-07-13T11:37:51.323330+00:00", "symbol": "ADA-USD"}, {"trade_id": 143334428, "side": "sell", "size": "12.16504825", "price": "0.72980000", "time": "2025-07-13T11:33:37.254139Z", "fetched_at": "2025-07-13T11:37:51.323330+00:00", "symbol": "ADA-USD"}, {"trade_id": 143334427, "side": "buy", "size": "2380.94399200", "price": "0.72980000", "time": "2025-07-13T11:33:32.723888Z", "fetched_at": "2025-07-13T11:37:51.323330+00:00", "symbol": "ADA-USD"}, {"trade_id": 143334426, "side": "sell", "size": "6.44442900", "price": "0.72990000", "time": "2025-07-13T11:33:32.215995Z", "fetched_at": "2025-07-13T11:37:51.323330+00:00", "symbol": "ADA-USD"}, {"trade_id": 143334425, "side": "buy", "size": "15.76206100", "price": "0.72980000", "time": "2025-07-13T11:33:30.011459Z", "fetched_at": "2025-07-13T11:37:51.323330+00:00", "symbol": "ADA-USD"}, {"trade_id": 143334424, "side": "buy", "size": "1.37042600", "price": "0.72990000", "time": "2025-07-13T11:33:25.900037Z", "fetched_at": "2025-07-13T11:37:51.323330+00:00", "symbol": "ADA-USD"}, {"trade_id": 143334423, "side": "sell", "size": "1.60000000", "price": "0.72990000", "time": "2025-07-13T11:33:25.685906Z", "fetched_at": "2025-07-13T11:37:51.323330+00:00", "symbol": "ADA-USD"}, {"trade_id": 143334422, "side": "sell", "size": "4899.60000000", "price": "0.72990000", "time": "2025-07-13T11:33:25.685906Z", "fetched_at": "2025-07-13T11:37:51.323330+00:00", "symbol": "ADA-USD"}, {"trade_id": 143334421, "side": "sell", "size": "13.70329437", "price": "0.72980000", "time": "2025-07-13T11:33:25.685906Z", "fetched_at": "2025-07-13T11:37:51.323330+00:00", "symbol": "ADA-USD"}, {"trade_id": 143334420, "side": "buy", "size": "5.57575171", "price": "0.72970000", "time": "2025-07-13T11:33:12.197762Z", "fetched_at": "2025-07-13T11:37:51.323330+00:00", "symbol": "ADA-USD"}, {"trade_id": 143334419, "side": "buy", "size": "50.00000000", "price": "0.72980000", "time": "2025-07-13T11:33:12.197762Z", "fetched_at": "2025-07-13T11:37:51.323330+00:00", "symbol": "ADA-USD"}, {"trade_id": 143334418, "side": "buy", "size": "70.86167000", "price": "0.72980000", "time": "2025-07-13T11:33:12.197080Z", "fetched_at": "2025-07-13T11:37:51.323330+00:00", "symbol": "ADA-USD"}, {"trade_id": 143334417, "side": "sell", "size": "50.90697725", "price": "0.73000000", "time": "2025-07-13T11:33:11.852283Z", "fetched_at": "2025-07-13T11:37:51.323330+00:00", "symbol": "ADA-USD"}, {"trade_id": 143334416, "side": "sell", "size": "1.60000000", "price": "0.73000000", "time": "2025-07-13T11:33:11.852283Z", "fetched_at": "2025-07-13T11:37:51.323330+00:00", "symbol": "ADA-USD"}, {"trade_id": 143334415, "side": "sell", "size": "13.70331675", "price": "0.72990000", "time": "2025-07-13T11:33:11.852283Z", "fetched_at": "2025-07-13T11:37:51.323330+00:00", "symbol": "ADA-USD"}, {"trade_id": 143334414, "side": "sell", "size": "1.60000000", "price": "0.72990000", "time": "2025-07-13T11:33:11.852283Z", "fetched_at": "2025-07-13T11:37:51.323330+00:00", "symbol": "ADA-USD"}, {"trade_id": 143334413, "side": "sell", "size": "1.60000000", "price": "0.72980000", "time": "2025-07-13T11:33:09.927938Z", "fetched_at": "2025-07-13T11:37:51.323330+00:00", "symbol": "ADA-USD"}, {"trade_id": 143334412, "side": "buy", "size": "3.66245716", "price": "0.72960000", "time": "2025-07-13T11:33:06.681389Z", "fetched_at": "2025-07-13T11:37:51.323330+00:00", "symbol": "ADA-USD"}, {"trade_id": 143334411, "side": "buy", "size": "3.48462255", "price": "0.72970000", "time": "2025-07-13T11:33:04.484033Z", "fetched_at": "2025-07-13T11:37:51.323330+00:00", "symbol": "ADA-USD"}, {"trade_id": 143334410, "side": "buy", "size": "5.06666410", "price": "0.72980000", "time": "2025-07-13T11:33:04.152479Z", "fetched_at": "2025-07-13T11:37:51.323330+00:00", "symbol": "ADA-USD"}, {"trade_id": 143334409, "side": "buy", "size": "13.70238422", "price": "0.72980000", "time": "2025-07-13T11:32:59.958226Z", "fetched_at": "2025-07-13T11:37:51.323330+00:00", "symbol": "ADA-USD"}, {"trade_id": 143334408, "side": "sell", "size": "12.13585114", "price": "0.72990000", "time": "2025-07-13T11:32:58.522953Z", "fetched_at": "2025-07-13T11:37:51.323330+00:00", "symbol": "ADA-USD"}, {"trade_id": 143334407, "side": "sell", "size": "13.18541886", "price": "0.72990000", "time": "2025-07-13T11:32:58.522953Z", "fetched_at": "2025-07-13T11:37:51.323330+00:00", "symbol": "ADA-USD"}, {"trade_id": 143334406, "side": "sell", "size": "1.60000000", "price": "0.72990000", "time": "2025-07-13T11:32:58.522953Z", "fetched_at": "2025-07-13T11:37:51.323330+00:00", "symbol": "ADA-USD"}, {"trade_id": 143334405, "side": "sell", "size": "1.60000000", "price": "0.72980000", "time": "2025-07-13T11:32:58.377339Z", "fetched_at": "2025-07-13T11:37:51.323330+00:00", "symbol": "ADA-USD"}, {"trade_id": 143334404, "side": "sell", "size": "1.60000000", "price": "0.72970000", "time": "2025-07-13T11:32:58.373312Z", "fetched_at": "2025-07-13T11:37:51.323330+00:00", "symbol": "ADA-USD"}, {"trade_id": 143334403, "side": "sell", "size": "13.71075038", "price": "0.72960000", "time": "2025-07-13T11:32:56.054899Z", "fetched_at": "2025-07-13T11:37:51.323330+00:00", "symbol": "ADA-USD"}, {"trade_id": 143334402, "side": "sell", "size": "1.60000000", "price": "0.72960000", "time": "2025-07-13T11:32:56.054899Z", "fetched_at": "2025-07-13T11:37:51.323330+00:00", "symbol": "ADA-USD"}, {"trade_id": 143334401, "side": "sell", "size": "1.60000000", "price": "0.72950000", "time": "2025-07-13T11:32:48.676894Z", "fetched_at": "2025-07-13T11:37:51.323330+00:00", "symbol": "ADA-USD"}, {"trade_id": 143334400, "side": "sell", "size": "6.83225109", "price": "0.72950000", "time": "2025-07-13T11:32:46.988246Z", "fetched_at": "2025-07-13T11:37:51.323330+00:00", "symbol": "ADA-USD"}, {"trade_id": 143334399, "side": "sell", "size": "33.87126691", "price": "0.72940000", "time": "2025-07-13T11:32:46.988246Z", "fetched_at": "2025-07-13T11:37:51.323330+00:00", "symbol": "ADA-USD"}, {"trade_id": 143334398, "side": "buy", "size": "1329.80544273", "price": "0.72920000", "time": "2025-07-13T11:32:42.405053Z", "fetched_at": "2025-07-13T11:37:51.323330+00:00", "symbol": "ADA-USD"}, {"trade_id": 143334397, "side": "buy", "size": "1.60000000", "price": "0.72920000", "time": "2025-07-13T11:32:42.405053Z", "fetched_at": "2025-07-13T11:37:51.323330+00:00", "symbol": "ADA-USD"}, {"trade_id": 143334396, "side": "buy", "size": "2.55018040", "price": "0.72930000", "time": "2025-07-13T11:32:42.405053Z", "fetched_at": "2025-07-13T11:37:51.323330+00:00", "symbol": "ADA-USD"}, {"trade_id": 143334395, "side": "buy", "size": "1.60000000", "price": "0.72930000", "time": "2025-07-13T11:32:42.405053Z", "fetched_at": "2025-07-13T11:37:51.323330+00:00", "symbol": "ADA-USD"}, {"trade_id": 143334394, "side": "buy", "size": "2.39970969", "price": "0.72940000", "time": "2025-07-13T11:32:41.048593Z", "fetched_at": "2025-07-13T11:37:51.323330+00:00", "symbol": "ADA-USD"}, {"trade_id": 143334393, "side": "buy", "size": "1.60000000", "price": "0.72940000", "time": "2025-07-13T11:32:41.048593Z", "fetched_at": "2025-07-13T11:37:51.323330+00:00", "symbol": "ADA-USD"}, {"trade_id": 143334392, "side": "sell", "size": "10.00000000", "price": "0.72950000", "time": "2025-07-13T11:32:40.798585Z", "fetched_at": "2025-07-13T11:37:51.323330+00:00", "symbol": "ADA-USD"}, {"trade_id": 143334391, "side": "buy", "size": "3.06892205", "price": "0.72950000", "time": "2025-07-13T11:32:37.281596Z", "fetched_at": "2025-07-13T11:37:51.323330+00:00", "symbol": "ADA-USD"}, {"trade_id": 143334390, "side": "buy", "size": "1.60000000", "price": "0.72950000", "time": "2025-07-13T11:32:37.281596Z", "fetched_at": "2025-07-13T11:37:51.323330+00:00", "symbol": "ADA-USD"}, {"trade_id": 143334389, "side": "buy", "size": "2.70578750", "price": "0.72960000", "time": "2025-07-13T11:32:25.003279Z", "fetched_at": "2025-07-13T11:37:51.323330+00:00", "symbol": "ADA-USD"}, {"trade_id": 143334388, "side": "buy", "size": "1.60000000", "price": "0.72960000", "time": "2025-07-13T11:32:25.003279Z", "fetched_at": "2025-07-13T11:37:51.323330+00:00", "symbol": "ADA-USD"}, {"trade_id": 143334387, "side": "buy", "size": "4.21388920", "price": "0.72970000", "time": "2025-07-13T11:32:21.002131Z", "fetched_at": "2025-07-13T11:37:51.323330+00:00", "symbol": "ADA-USD"}, {"trade_id": 143334386, "side": "buy", "size": "1.60000000", "price": "0.72970000", "time": "2025-07-13T11:32:21.002131Z", "fetched_at": "2025-07-13T11:37:51.323330+00:00", "symbol": "ADA-USD"}, {"trade_id": 143334385, "side": "buy", "size": "7.74186541", "price": "0.72980000", "time": "2025-07-13T11:32:19.060207Z", "fetched_at": "2025-07-13T11:37:51.323330+00:00", "symbol": "ADA-USD"}, {"trade_id": 143334384, "side": "buy", "size": "1.60000000", "price": "0.72980000", "time": "2025-07-13T11:32:19.060207Z", "fetched_at": "2025-07-13T11:37:51.323330+00:00", "symbol": "ADA-USD"}, {"trade_id": 143334383, "side": "buy", "size": "1.60000000", "price": "0.73000000", "time": "2025-07-13T11:32:05.182262Z", "fetched_at": "2025-07-13T11:37:51.323330+00:00", "symbol": "ADA-USD"}, {"trade_id": 143334382, "side": "buy", "size": "13.69675387", "price": "0.73010000", "time": "2025-07-13T11:32:04.994646Z", "fetched_at": "2025-07-13T11:37:51.323330+00:00", "symbol": "ADA-USD"}, {"trade_id": 143334381, "side": "buy", "size": "1.60000000", "price": "0.73010000", "time": "2025-07-13T11:32:04.994646Z", "fetched_at": "2025-07-13T11:37:51.323330+00:00", "symbol": "ADA-USD"}, {"trade_id": 143334380, "side": "buy", "size": "13.69487812", "price": "0.73020000", "time": "2025-07-13T11:32:04.409056Z", "fetched_at": "2025-07-13T11:37:51.323330+00:00", "symbol": "ADA-USD"}, {"trade_id": 143334379, "side": "buy", "size": "1.60000000", "price": "0.73020000", "time": "2025-07-13T11:32:04.409056Z", "fetched_at": "2025-07-13T11:37:51.323330+00:00", "symbol": "ADA-USD"}, {"trade_id": 143334378, "side": "sell", "size": "70.86167000", "price": "0.73030000", "time": "2025-07-13T11:32:03.978596Z", "fetched_at": "2025-07-13T11:37:51.323330+00:00", "symbol": "ADA-USD"}, {"trade_id": 143334377, "side": "sell", "size": "551.46955500", "price": "0.73060000", "time": "2025-07-13T11:32:03.669100Z", "fetched_at": "2025-07-13T11:37:51.323330+00:00", "symbol": "ADA-USD"}, {"trade_id": 143334376, "side": "sell", "size": "1.60000000", "price": "0.73060000", "time": "2025-07-13T11:32:03.669100Z", "fetched_at": "2025-07-13T11:37:51.323330+00:00", "symbol": "ADA-USD"}, {"trade_id": 143334375, "side": "sell", "size": "51.00306000", "price": "0.73050000", "time": "2025-07-13T11:32:03.669100Z", "fetched_at": "2025-07-13T11:37:51.323330+00:00", "symbol": "ADA-USD"}, {"trade_id": 143334374, "side": "sell", "size": "1.60000000", "price": "0.73050000", "time": "2025-07-13T11:32:03.669100Z", "fetched_at": "2025-07-13T11:37:51.323330+00:00", "symbol": "ADA-USD"}, {"trade_id": 143334373, "side": "sell", "size": "1.88420029", "price": "0.73040000", "time": "2025-07-13T11:32:01.717567Z", "fetched_at": "2025-07-13T11:37:51.323330+00:00", "symbol": "ADA-USD"}, {"trade_id": 143334372, "side": "sell", "size": "1.50401600", "price": "0.73040000", "time": "2025-07-13T11:32:01.717567Z", "fetched_at": "2025-07-13T11:37:51.323330+00:00", "symbol": "ADA-USD"}, {"trade_id": 143334371, "side": "sell", "size": "2.81048397", "price": "0.73030000", "time": "2025-07-13T11:32:00.786646Z", "fetched_at": "2025-07-13T11:37:51.323330+00:00", "symbol": "ADA-USD"}, {"trade_id": 143334370, "side": "buy", "size": "332.05314405", "price": "0.73020000", "time": "2025-07-13T11:32:00.572543Z", "fetched_at": "2025-07-13T11:37:51.323330+00:00", "symbol": "ADA-USD"}, {"trade_id": 143334369, "side": "buy", "size": "775.90477395", "price": "0.73020000", "time": "2025-07-13T11:32:00.572543Z", "fetched_at": "2025-07-13T11:37:51.323330+00:00", "symbol": "ADA-USD"}, {"trade_id": 143334368, "side": "sell", "size": "70.86167000", "price": "0.73030000", "time": "2025-07-13T11:31:59.799850Z", "fetched_at": "2025-07-13T11:37:51.323330+00:00", "symbol": "ADA-USD"}, {"trade_id": 143334367, "side": "buy", "size": "70.86167000", "price": "0.73030000", "time": "2025-07-13T11:31:59.206389Z", "fetched_at": "2025-07-13T11:37:51.323330+00:00", "symbol": "ADA-USD"}, {"trade_id": 143334366, "side": "sell", "size": "0.09598400", "price": "0.73040000", "time": "2025-07-13T11:31:56.967226Z", "fetched_at": "2025-07-13T11:37:51.323330+00:00", "symbol": "ADA-USD"}, {"trade_id": 143334365, "side": "sell", "size": "197.16973605", "price": "0.73030000", "time": "2025-07-13T11:31:53.431504Z", "fetched_at": "2025-07-13T11:37:51.323330+00:00", "symbol": "ADA-USD"}, {"trade_id": 143334364, "side": "sell", "size": "1848.10120000", "price": "0.73030000", "time": "2025-07-13T11:31:53.404666Z", "fetched_at": "2025-07-13T11:37:51.323330+00:00", "symbol": "ADA-USD"}, {"trade_id": 143334363, "side": "sell", "size": "50.00000000", "price": "0.73030000", "time": "2025-07-13T11:31:53.404666Z", "fetched_at": "2025-07-13T11:37:51.323330+00:00", "symbol": "ADA-USD"}, {"trade_id": 143334362, "side": "sell", "size": "4.61497366", "price": "0.73020000", "time": "2025-07-13T11:31:53.404666Z", "fetched_at": "2025-07-13T11:37:51.323330+00:00", "symbol": "ADA-USD"}, {"trade_id": 143334361, "side": "sell", "size": "1.60000000", "price": "0.73020000", "time": "2025-07-13T11:31:53.404666Z", "fetched_at": "2025-07-13T11:37:51.323330+00:00", "symbol": "ADA-USD"}, {"trade_id": 143334360, "side": "sell", "size": "9.84337719", "price": "0.73000000", "time": "2025-07-13T11:31:51.598086Z", "fetched_at": "2025-07-13T11:37:51.323330+00:00", "symbol": "ADA-USD"}, {"trade_id": 143334359, "side": "sell", "size": "0.01807743", "price": "0.72990000", "time": "2025-07-13T11:31:50.098400Z", "fetched_at": "2025-07-13T11:37:51.323330+00:00", "symbol": "ADA-USD"}, {"trade_id": 143334358, "side": "sell", "size": "26.17199694", "price": "0.73000000", "time": "2025-07-13T11:31:50.082717Z", "fetched_at": "2025-07-13T11:37:51.323330+00:00", "symbol": "ADA-USD"}, {"trade_id": 143334357, "side": "buy", "size": "51.00306000", "price": "0.73000000", "time": "2025-07-13T11:31:46.684101Z", "fetched_at": "2025-07-13T11:37:51.323330+00:00", "symbol": "ADA-USD"}, {"trade_id": 143334356, "side": "buy", "size": "13.69863014", "price": "0.73000000", "time": "2025-07-13T11:31:46.684101Z", "fetched_at": "2025-07-13T11:37:51.323330+00:00", "symbol": "ADA-USD"}, {"trade_id": 143334355, "side": "buy", "size": "33.24670447", "price": "0.73000000", "time": "2025-07-13T11:31:46.684101Z", "fetched_at": "2025-07-13T11:37:51.323330+00:00", "symbol": "ADA-USD"}, {"trade_id": 143334354, "side": "buy", "size": "2.73972600", "price": "0.73010000", "time": "2025-07-13T11:31:41.001964Z", "fetched_at": "2025-07-13T11:37:51.323330+00:00", "symbol": "ADA-USD"}, {"trade_id": 143334353, "side": "sell", "size": "5.22249068", "price": "0.73000000", "time": "2025-07-13T11:31:39.776153Z", "fetched_at": "2025-07-13T11:37:51.323330+00:00", "symbol": "ADA-USD"}, {"trade_id": 143334352, "side": "sell", "size": "13.69761785", "price": "0.73010000", "time": "2025-07-13T11:31:26.694502Z", "fetched_at": "2025-07-13T11:37:51.323330+00:00", "symbol": "ADA-USD"}, {"trade_id": 143334351, "side": "sell", "size": "1078.87079190", "price": "0.73010000", "time": "2025-07-13T11:31:26.694502Z", "fetched_at": "2025-07-13T11:37:51.323330+00:00", "symbol": "ADA-USD"}, {"trade_id": 143334350, "side": "sell", "size": "13.69767146", "price": "0.72990000", "time": "2025-07-13T11:31:21.769970Z", "fetched_at": "2025-07-13T11:37:51.323330+00:00", "symbol": "ADA-USD"}, {"trade_id": 143334349, "side": "buy", "size": "23.68346297", "price": "0.72970000", "time": "2025-07-13T11:31:21.336431Z", "fetched_at": "2025-07-13T11:37:51.323330+00:00", "symbol": "ADA-USD"}, {"trade_id": 143334348, "side": "buy", "size": "13.70238422", "price": "0.72980000", "time": "2025-07-13T11:31:21.336431Z", "fetched_at": "2025-07-13T11:37:51.323330+00:00", "symbol": "ADA-USD"}, {"trade_id": 143334347, "side": "buy", "size": "1.60000000", "price": "0.72980000", "time": "2025-07-13T11:31:21.336431Z", "fetched_at": "2025-07-13T11:37:51.323330+00:00", "symbol": "ADA-USD"}, {"trade_id": 143334346, "side": "buy", "size": "21.21222281", "price": "0.72980000", "time": "2025-07-13T11:31:21.336431Z", "fetched_at": "2025-07-13T11:37:51.323330+00:00", "symbol": "ADA-USD"}, {"trade_id": 143334345, "side": "buy", "size": "13.69863014", "price": "0.73000000", "time": "2025-07-13T11:31:18.740922Z", "fetched_at": "2025-07-13T11:37:51.323330+00:00", "symbol": "ADA-USD"}, {"trade_id": 143334344, "side": "sell", "size": "0.01944161", "price": "0.73010000", "time": "2025-07-13T11:31:12.044251Z", "fetched_at": "2025-07-13T11:37:51.323330+00:00", "symbol": "ADA-USD"}, {"trade_id": 143334343, "side": "sell", "size": "48.78215812", "price": "0.73010000", "time": "2025-07-13T11:31:12.028235Z", "fetched_at": "2025-07-13T11:37:51.323330+00:00", "symbol": "ADA-USD"}, {"trade_id": 143334342, "side": "buy", "size": "44.32893930", "price": "0.73000000", "time": "2025-07-13T11:31:09.920254Z", "fetched_at": "2025-07-13T11:37:51.323330+00:00", "symbol": "ADA-USD"}, {"trade_id": 143334341, "side": "sell", "size": "4893.80000000", "price": "0.73000000", "time": "2025-07-13T11:31:09.913507Z", "fetched_at": "2025-07-13T11:37:51.323330+00:00", "symbol": "ADA-USD"}, {"trade_id": 143334340, "side": "sell", "size": "1.60000000", "price": "0.73000000", "time": "2025-07-13T11:31:09.913507Z", "fetched_at": "2025-07-13T11:37:51.323330+00:00", "symbol": "ADA-USD"}, {"trade_id": 143334339, "side": "sell", "size": "428.62942935", "price": "0.73000000", "time": "2025-07-13T11:31:09.913507Z", "fetched_at": "2025-07-13T11:37:51.323330+00:00", "symbol": "ADA-USD"}, {"trade_id": 143334338, "side": "sell", "size": "6.03530627", "price": "0.72990000", "time": "2025-07-13T11:31:09.908631Z", "fetched_at": "2025-07-13T11:37:51.323330+00:00", "symbol": "ADA-USD"}, {"trade_id": 143334337, "side": "sell", "size": "1.60000000", "price": "0.72990000", "time": "2025-07-13T11:31:09.908631Z", "fetched_at": "2025-07-13T11:37:51.323330+00:00", "symbol": "ADA-USD"}, {"trade_id": 143334336, "side": "buy", "size": "566.91112318", "price": "0.72980000", "time": "2025-07-13T11:31:09.304980Z", "fetched_at": "2025-07-13T11:37:51.323330+00:00", "symbol": "ADA-USD"}, {"trade_id": 143334335, "side": "buy", "size": "310.50000000", "price": "0.72980000", "time": "2025-07-13T11:31:09.304980Z", "fetched_at": "2025-07-13T11:37:51.323330+00:00", "symbol": "ADA-USD"}, {"trade_id": 143334334, "side": "buy", "size": "124.83840000", "price": "0.72980000", "time": "2025-07-13T11:31:09.304980Z", "fetched_at": "2025-07-13T11:37:51.323330+00:00", "symbol": "ADA-USD"}, {"trade_id": 143334333, "side": "buy", "size": "59.10525240", "price": "0.72980000", "time": "2025-07-13T11:31:09.304980Z", "fetched_at": "2025-07-13T11:37:51.323330+00:00", "symbol": "ADA-USD"}, {"trade_id": 143334332, "side": "buy", "size": "119.07332000", "price": "0.72980000", "time": "2025-07-13T11:31:09.304980Z", "fetched_at": "2025-07-13T11:37:51.323330+00:00", "symbol": "ADA-USD"}, {"trade_id": 143334331, "side": "buy", "size": "51.00306000", "price": "0.72980000", "time": "2025-07-13T11:31:09.304980Z", "fetched_at": "2025-07-13T11:37:51.323330+00:00", "symbol": "ADA-USD"}, {"trade_id": 143334330, "side": "sell", "size": "70.86167000", "price": "0.72960000", "time": "2025-07-13T11:31:07.557064Z", "fetched_at": "2025-07-13T11:37:51.323330+00:00", "symbol": "ADA-USD"}, {"trade_id": 143334329, "side": "sell", "size": "162.02979000", "price": "0.72960000", "time": "2025-07-13T11:31:07.047297Z", "fetched_at": "2025-07-13T11:37:51.323330+00:00", "symbol": "ADA-USD"}, {"trade_id": 143334328, "side": "buy", "size": "1.60000000", "price": "0.72960000", "time": "2025-07-13T11:31:07.038986Z", "fetched_at": "2025-07-13T11:37:51.323330+00:00", "symbol": "ADA-USD"}, {"trade_id": 143334327, "side": "buy", "size": "804.70133125", "price": "0.72970000", "time": "2025-07-13T11:31:07.038038Z", "fetched_at": "2025-07-13T11:37:51.323330+00:00", "symbol": "ADA-USD"}, {"trade_id": 143334326, "side": "buy", "size": "10.85927825", "price": "0.72970000", "time": "2025-07-13T11:31:07.038038Z", "fetched_at": "2025-07-13T11:37:51.323330+00:00", "symbol": "ADA-USD"}, {"trade_id": 143334325, "side": "buy", "size": "694.17826516", "price": "0.72970000", "time": "2025-07-13T11:31:07.038038Z", "fetched_at": "2025-07-13T11:37:51.323330+00:00", "symbol": "ADA-USD"}, {"trade_id": 143334324, "side": "buy", "size": "1151.06892484", "price": "0.72970000", "time": "2025-07-13T11:31:07.037846Z", "fetched_at": "2025-07-13T11:37:51.323330+00:00", "symbol": "ADA-USD"}, {"trade_id": 143334323, "side": "buy", "size": "761.64958774", "price": "0.72970000", "time": "2025-07-13T11:31:07.037846Z", "fetched_at": "2025-07-13T11:37:51.323330+00:00", "symbol": "ADA-USD"}, {"trade_id": 143334322, "side": "buy", "size": "310.50000000", "price": "0.72970000", "time": "2025-07-13T11:31:07.037846Z", "fetched_at": "2025-07-13T11:37:51.323330+00:00", "symbol": "ADA-USD"}, {"trade_id": 143334321, "side": "buy", "size": "78.80700320", "price": "0.72980000", "time": "2025-07-13T11:31:07.037846Z", "fetched_at": "2025-07-13T11:37:51.323330+00:00", "symbol": "ADA-USD"}, {"trade_id": 143334320, "side": "buy", "size": "51.00306000", "price": "0.72980000", "time": "2025-07-13T11:31:07.037846Z", "fetched_at": "2025-07-13T11:37:51.323330+00:00", "symbol": "ADA-USD"}, {"trade_id": 143334319, "side": "sell", "size": "4.15551840", "price": "0.72980000", "time": "2025-07-13T11:31:06.877221Z", "fetched_at": "2025-07-13T11:37:51.323330+00:00", "symbol": "ADA-USD"}, {"trade_id": 143334318, "side": "sell", "size": "2.13619906", "price": "0.72980000", "time": "2025-07-13T11:31:04.561709Z", "fetched_at": "2025-07-13T11:37:51.323330+00:00", "symbol": "ADA-USD"}, {"trade_id": 143334317, "side": "sell", "size": "11.42172994", "price": "0.72980000", "time": "2025-07-13T11:31:04.561709Z", "fetched_at": "2025-07-13T11:37:51.323330+00:00", "symbol": "ADA-USD"}, {"trade_id": 143334316, "side": "sell", "size": "1802.69493257", "price": "0.72980000", "time": "2025-07-13T11:31:01.039664Z", "fetched_at": "2025-07-13T11:37:51.323330+00:00", "symbol": "ADA-USD"}, {"trade_id": 143334315, "side": "sell", "size": "13.70506743", "price": "0.72980000", "time": "2025-07-13T11:31:01.039664Z", "fetched_at": "2025-07-13T11:37:51.323330+00:00", "symbol": "ADA-USD"}, {"trade_id": 143334314, "side": "sell", "size": "1.60000000", "price": "0.72980000", "time": "2025-07-13T11:31:01.039664Z", "fetched_at": "2025-07-13T11:37:51.323330+00:00", "symbol": "ADA-USD"}, {"trade_id": 143334313, "side": "sell", "size": "2524.85063222", "price": "0.72970000", "time": "2025-07-13T11:31:00.826015Z", "fetched_at": "2025-07-13T11:37:51.323330+00:00", "symbol": "ADA-USD"}, {"trade_id": 143334312, "side": "sell", "size": "2353.02857578", "price": "0.72970000", "time": "2025-07-13T11:31:00.825174Z", "fetched_at": "2025-07-13T11:37:51.323330+00:00", "symbol": "ADA-USD"}, {"trade_id": 143334311, "side": "sell", "size": "13.22079200", "price": "0.72970000", "time": "2025-07-13T11:30:58.515831Z", "fetched_at": "2025-07-13T11:37:51.323330+00:00", "symbol": "ADA-USD"}, {"trade_id": 143334310, "side": "sell", "size": "1.62136400", "price": "0.72960000", "time": "2025-07-13T11:30:55.827044Z", "fetched_at": "2025-07-13T11:37:51.323330+00:00", "symbol": "ADA-USD"}, {"trade_id": 143334309, "side": "sell", "size": "12.90711843", "price": "0.72970000", "time": "2025-07-13T11:30:54.741841Z", "fetched_at": "2025-07-13T11:37:51.323330+00:00", "symbol": "ADA-USD"}, {"trade_id": 143334308, "side": "sell", "size": "13.70709657", "price": "0.72960000", "time": "2025-07-13T11:30:54.741841Z", "fetched_at": "2025-07-13T11:37:51.323330+00:00", "symbol": "ADA-USD"}, {"trade_id": 143334307, "side": "sell", "size": "0.04904835", "price": "0.72960000", "time": "2025-07-13T11:30:51.968177Z", "fetched_at": "2025-07-13T11:37:51.323330+00:00", "symbol": "ADA-USD"}, {"trade_id": 143334306, "side": "sell", "size": "122.55884377", "price": "0.72960000", "time": "2025-07-13T11:30:51.951988Z", "fetched_at": "2025-07-13T11:37:51.323330+00:00", "symbol": "ADA-USD"}, {"trade_id": 143334305, "side": "buy", "size": "2.48265937", "price": "0.72960000", "time": "2025-07-13T11:30:49.673368Z", "fetched_at": "2025-07-13T11:37:51.323330+00:00", "symbol": "ADA-USD"}, {"trade_id": 143334304, "side": "buy", "size": "51.00306000", "price": "0.72960000", "time": "2025-07-13T11:30:49.672672Z", "fetched_at": "2025-07-13T11:37:51.323330+00:00", "symbol": "ADA-USD"}, {"trade_id": 143334303, "side": "buy", "size": "187.20186000", "price": "0.72960000", "time": "2025-07-13T11:30:49.672577Z", "fetched_at": "2025-07-13T11:37:51.323330+00:00", "symbol": "ADA-USD"}, {"trade_id": 143334302, "side": "buy", "size": "671.15247900", "price": "0.72960000", "time": "2025-07-13T11:30:49.665558Z", "fetched_at": "2025-07-13T11:37:51.323330+00:00", "symbol": "ADA-USD"}, {"trade_id": 143334301, "side": "buy", "size": "9.58922100", "price": "0.72960000", "time": "2025-07-13T11:30:49.665558Z", "fetched_at": "2025-07-13T11:37:51.323330+00:00", "symbol": "ADA-USD"}, {"trade_id": 143334300, "side": "buy", "size": "275.00859402", "price": "0.72970000", "time": "2025-07-13T11:30:49.664899Z", "fetched_at": "2025-07-13T11:37:51.323330+00:00", "symbol": "ADA-USD"}, {"trade_id": 143334299, "side": "buy", "size": "539.01839633", "price": "0.72960000", "time": "2025-07-13T11:30:49.661311Z", "fetched_at": "2025-07-13T11:37:51.323330+00:00", "symbol": "ADA-USD"}, {"trade_id": 143334298, "side": "buy", "size": "70.86167000", "price": "0.72960000", "time": "2025-07-13T11:30:49.661206Z", "fetched_at": "2025-07-13T11:37:51.323330+00:00", "symbol": "ADA-USD"}, {"trade_id": 143334297, "side": "buy", "size": "70.86167000", "price": "0.72960000", "time": "2025-07-13T11:30:49.660886Z", "fetched_at": "2025-07-13T11:37:51.323330+00:00", "symbol": "ADA-USD"}, {"trade_id": 143334296, "side": "buy", "size": "20.56565026", "price": "0.72960000", "time": "2025-07-13T11:30:49.660745Z", "fetched_at": "2025-07-13T11:37:51.323330+00:00", "symbol": "ADA-USD"}, {"trade_id": 143334295, "side": "buy", "size": "1.60000000", "price": "0.72960000", "time": "2025-07-13T11:30:49.660745Z", "fetched_at": "2025-07-13T11:37:51.323330+00:00", "symbol": "ADA-USD"}, {"trade_id": 143334294, "side": "buy", "size": "48.69601974", "price": "0.72970000", "time": "2025-07-13T11:30:49.660745Z", "fetched_at": "2025-07-13T11:37:51.323330+00:00", "symbol": "ADA-USD"}, {"trade_id": 143334293, "side": "buy", "size": "754.86538148", "price": "0.72970000", "time": "2025-07-13T11:30:49.660676Z", "fetched_at": "2025-07-13T11:37:51.323330+00:00", "symbol": "ADA-USD"}, {"trade_id": 143334292, "side": "buy", "size": "5515.98413055", "price": "0.72970000", "time": "2025-07-13T11:30:49.660676Z", "fetched_at": "2025-07-13T11:37:51.323330+00:00", "symbol": "ADA-USD"}, {"trade_id": 143334291, "side": "buy", "size": "70.86167000", "price": "0.72970000", "time": "2025-07-13T11:30:49.660319Z", "fetched_at": "2025-07-13T11:37:51.323330+00:00", "symbol": "ADA-USD"}, {"trade_id": 143334290, "side": "buy", "size": "1257.73043808", "price": "0.72970000", "time": "2025-07-13T11:30:49.660144Z", "fetched_at": "2025-07-13T11:37:51.323330+00:00", "symbol": "ADA-USD"}, {"trade_id": 143334289, "side": "buy", "size": "2936.62376137", "price": "0.72970000", "time": "2025-07-13T11:30:49.660144Z", "fetched_at": "2025-07-13T11:37:51.323330+00:00", "symbol": "ADA-USD"}, {"trade_id": 143334288, "side": "buy", "size": "1127.67239164", "price": "0.72970000", "time": "2025-07-13T11:30:49.660144Z", "fetched_at": "2025-07-13T11:37:51.323330+00:00", "symbol": "ADA-USD"}, {"trade_id": 143334287, "side": "buy", "size": "275.00859402", "price": "0.72970000", "time": "2025-07-13T11:30:49.660144Z", "fetched_at": "2025-07-13T11:37:51.323330+00:00", "symbol": "ADA-USD"}, {"trade_id": 143334286, "side": "buy", "size": "310.50000000", "price": "0.72970000", "time": "2025-07-13T11:30:49.660144Z", "fetched_at": "2025-07-13T11:37:51.323330+00:00", "symbol": "ADA-USD"}, {"trade_id": 143334285, "side": "buy", "size": "1.60000000", "price": "0.72970000", "time": "2025-07-13T11:30:49.660144Z", "fetched_at": "2025-07-13T11:37:51.323330+00:00", "symbol": "ADA-USD"}, {"trade_id": 143334284, "side": "buy", "size": "1.60000000", "price": "0.72980000", "time": "2025-07-13T11:30:49.660144Z", "fetched_at": "2025-07-13T11:37:51.323330+00:00", "symbol": "ADA-USD"}, {"trade_id": 143334283, "side": "buy", "size": "2.55118985", "price": "0.72990000", "time": "2025-07-13T11:30:49.660144Z", "fetched_at": "2025-07-13T11:37:51.323330+00:00", "symbol": "ADA-USD"}, {"trade_id": 143334282, "side": "buy", "size": "1.60000000", "price": "0.72990000", "time": "2025-07-13T11:30:49.660144Z", "fetched_at": "2025-07-13T11:37:51.323330+00:00", "symbol": "ADA-USD"}, {"trade_id": 143334281, "side": "buy", "size": "1.60000000", "price": "0.73000000", "time": "2025-07-13T11:30:49.516902Z", "fetched_at": "2025-07-13T11:37:51.323330+00:00", "symbol": "ADA-USD"}, {"trade_id": 143334280, "side": "buy", "size": "2.96501346", "price": "0.73010000", "time": "2025-07-13T11:30:47.664164Z", "fetched_at": "2025-07-13T11:37:51.323330+00:00", "symbol": "ADA-USD"}, {"trade_id": 143334279, "side": "buy", "size": "3.57342260", "price": "0.73010000", "time": "2025-07-13T11:30:44.333403Z", "fetched_at": "2025-07-13T11:37:51.323330+00:00", "symbol": "ADA-USD"}, {"trade_id": 143334278, "side": "buy", "size": "4926.14524031", "price": "0.73010000", "time": "2025-07-13T11:30:44.328368Z", "fetched_at": "2025-07-13T11:37:51.323330+00:00", "symbol": "ADA-USD"}, {"trade_id": 143334277, "side": "buy", "size": "1.60000000", "price": "0.73010000", "time": "2025-07-13T11:30:44.328368Z", "fetched_at": "2025-07-13T11:37:51.323330+00:00", "symbol": "ADA-USD"}, {"trade_id": 143334276, "side": "buy", "size": "5.87417825", "price": "0.73020000", "time": "2025-07-13T11:30:41.506099Z", "fetched_at": "2025-07-13T11:37:51.323330+00:00", "symbol": "ADA-USD"}, {"trade_id": 143334275, "side": "buy", "size": "1.60000000", "price": "0.73020000", "time": "2025-07-13T11:30:41.506099Z", "fetched_at": "2025-07-13T11:37:51.323330+00:00", "symbol": "ADA-USD"}, {"trade_id": 143334274, "side": "buy", "size": "49.99999919", "price": "0.73030000", "time": "2025-07-13T11:30:35.954720Z", "fetched_at": "2025-07-13T11:37:51.323330+00:00", "symbol": "ADA-USD"}, {"trade_id": 143334273, "side": "buy", "size": "1.64116081", "price": "0.73030000", "time": "2025-07-13T11:30:35.954720Z", "fetched_at": "2025-07-13T11:37:51.323330+00:00", "symbol": "ADA-USD"}, {"trade_id": 143334272, "side": "buy", "size": "1.85490118", "price": "0.73030000", "time": "2025-07-13T11:30:33.833114Z", "fetched_at": "2025-07-13T11:37:51.323330+00:00", "symbol": "ADA-USD"}, {"trade_id": 143334271, "side": "buy", "size": "115.27563247", "price": "0.73030000", "time": "2025-07-13T11:30:33.833114Z", "fetched_at": "2025-07-13T11:37:51.323330+00:00", "symbol": "ADA-USD"}, {"trade_id": 143334270, "side": "buy", "size": "70.86167000", "price": "0.73030000", "time": "2025-07-13T11:30:33.832939Z", "fetched_at": "2025-07-13T11:37:51.323330+00:00", "symbol": "ADA-USD"}, {"trade_id": 143334269, "side": "buy", "size": "2.13487015", "price": "0.73030000", "time": "2025-07-13T11:30:27.363095Z", "fetched_at": "2025-07-13T11:37:51.323330+00:00", "symbol": "ADA-USD"}, {"trade_id": 143334268, "side": "sell", "size": "13.69193007", "price": "0.73050000", "time": "2025-07-13T11:30:25.100401Z", "fetched_at": "2025-07-13T11:37:51.323330+00:00", "symbol": "ADA-USD"}, {"trade_id": 143334267, "side": "sell", "size": "795.76150335", "price": "0.73050000", "time": "2025-07-13T11:30:25.100401Z", "fetched_at": "2025-07-13T11:37:51.323330+00:00", "symbol": "ADA-USD"}, {"trade_id": 143334266, "side": "sell", "size": "4891.20000000", "price": "0.73050000", "time": "2025-07-13T11:30:25.100401Z", "fetched_at": "2025-07-13T11:37:51.323330+00:00", "symbol": "ADA-USD"}, {"trade_id": 143334265, "side": "sell", "size": "201.12627877", "price": "0.73050000", "time": "2025-07-13T11:30:25.100401Z", "fetched_at": "2025-07-13T11:37:51.323330+00:00", "symbol": "ADA-USD"}, {"trade_id": 143334264, "side": "sell", "size": "32.55970186", "price": "0.73040000", "time": "2025-07-13T11:30:25.100401Z", "fetched_at": "2025-07-13T11:37:51.323330+00:00", "symbol": "ADA-USD"}, {"trade_id": 143334263, "side": "sell", "size": "14.10648300", "price": "0.73040000", "time": "2025-07-13T11:30:20.812478Z", "fetched_at": "2025-07-13T11:37:51.323330+00:00", "symbol": "ADA-USD"}, {"trade_id": 143334262, "side": "sell", "size": "120.25657000", "price": "0.73030000", "time": "2025-07-13T11:30:20.812478Z", "fetched_at": "2025-07-13T11:37:51.323330+00:00", "symbol": "ADA-USD"}, {"trade_id": 143334261, "side": "sell", "size": "1.35560700", "price": "0.73040000", "time": "2025-07-13T11:30:19.947107Z", "fetched_at": "2025-07-13T11:37:51.323330+00:00", "symbol": "ADA-USD"}, {"trade_id": 143334260, "side": "sell", "size": "4878.72545530", "price": "0.73030000", "time": "2025-07-13T11:30:19.896025Z", "fetched_at": "2025-07-13T11:37:51.323330+00:00", "symbol": "ADA-USD"}, {"trade_id": 143334259, "side": "sell", "size": "12.27454470", "price": "0.73030000", "time": "2025-07-13T11:30:18.670640Z", "fetched_at": "2025-07-13T11:37:51.323330+00:00", "symbol": "ADA-USD"}, {"trade_id": 143334258, "side": "buy", "size": "299.07124951", "price": "0.73000000", "time": "2025-07-13T11:30:15.085064Z", "fetched_at": "2025-07-13T11:37:51.323330+00:00", "symbol": "ADA-USD"}, {"trade_id": 143334257, "side": "buy", "size": "310.50000000", "price": "0.73000000", "time": "2025-07-13T11:30:15.085064Z", "fetched_at": "2025-07-13T11:37:51.323330+00:00", "symbol": "ADA-USD"}, {"trade_id": 143334256, "side": "buy", "size": "1.60000000", "price": "0.73000000", "time": "2025-07-13T11:30:15.085064Z", "fetched_at": "2025-07-13T11:37:51.323330+00:00", "symbol": "ADA-USD"}, {"trade_id": 143334255, "side": "buy", "size": "50.00000000", "price": "0.73010000", "time": "2025-07-13T11:30:15.085064Z", "fetched_at": "2025-07-13T11:37:51.323330+00:00", "symbol": "ADA-USD"}, {"trade_id": 143334254, "side": "buy", "size": "1.60000000", "price": "0.73010000", "time": "2025-07-13T11:30:15.085064Z", "fetched_at": "2025-07-13T11:37:51.323330+00:00", "symbol": "ADA-USD"}, {"trade_id": 143334253, "side": "buy", "size": "2.65115049", "price": "0.73020000", "time": "2025-07-13T11:30:15.085064Z", "fetched_at": "2025-07-13T11:37:51.323330+00:00", "symbol": "ADA-USD"}, {"trade_id": 143334252, "side": "buy", "size": "1.60000000", "price": "0.73020000", "time": "2025-07-13T11:30:15.085064Z", "fetched_at": "2025-07-13T11:37:51.323330+00:00", "symbol": "ADA-USD"}, {"trade_id": 143334251, "side": "buy", "size": "0.00001696", "price": "0.73030000", "time": "2025-07-13T11:30:14.836203Z", "fetched_at": "2025-07-13T11:37:51.323330+00:00", "symbol": "ADA-USD"}, {"trade_id": 143334250, "side": "buy", "size": "3.40981715", "price": "0.73030000", "time": "2025-07-13T11:30:14.836112Z", "fetched_at": "2025-07-13T11:37:51.323330+00:00", "symbol": "ADA-USD"}, {"trade_id": 143334249, "side": "buy", "size": "1.60000000", "price": "0.73030000", "time": "2025-07-13T11:30:14.836112Z", "fetched_at": "2025-07-13T11:37:51.323330+00:00", "symbol": "ADA-USD"}, {"trade_id": 143334248, "side": "buy", "size": "20.24595421", "price": "0.73030000", "time": "2025-07-13T11:30:14.836112Z", "fetched_at": "2025-07-13T11:37:51.323330+00:00", "symbol": "ADA-USD"}, {"trade_id": 143334247, "side": "buy", "size": "136.38230864", "price": "0.73030000", "time": "2025-07-13T11:30:14.836112Z", "fetched_at": "2025-07-13T11:37:51.323330+00:00", "symbol": "ADA-USD"}, {"trade_id": 143334246, "side": "sell", "size": "20.69786300", "price": "0.73040000", "time": "2025-07-13T11:30:11.752735Z", "fetched_at": "2025-07-13T11:37:51.323330+00:00", "symbol": "ADA-USD"}, {"trade_id": 143334245, "side": "sell", "size": "120.25657000", "price": "0.73040000", "time": "2025-07-13T11:30:11.752735Z", "fetched_at": "2025-07-13T11:37:51.323330+00:00", "symbol": "ADA-USD"}, {"trade_id": 143334244, "side": "buy", "size": "3.83021280", "price": "0.73040000", "time": "2025-07-13T11:30:10.021197Z", "fetched_at": "2025-07-13T11:37:51.323330+00:00", "symbol": "ADA-USD"}, {"trade_id": 143334243, "side": "buy", "size": "1.60000000", "price": "0.73040000", "time": "2025-07-13T11:30:10.021197Z", "fetched_at": "2025-07-13T11:37:51.323330+00:00", "symbol": "ADA-USD"}, {"trade_id": 143334242, "side": "buy", "size": "8.80001114", "price": "0.73050000", "time": "2025-07-13T11:30:07.073358Z", "fetched_at": "2025-07-13T11:37:51.323330+00:00", "symbol": "ADA-USD"}, {"trade_id": 143334241, "side": "buy", "size": "1000.00000000", "price": "0.73050000", "time": "2025-07-13T11:30:07.073358Z", "fetched_at": "2025-07-13T11:37:51.323330+00:00", "symbol": "ADA-USD"}, {"trade_id": 143334240, "side": "buy", "size": "1.60000000", "price": "0.73050000", "time": "2025-07-13T11:30:07.073358Z", "fetched_at": "2025-07-13T11:37:51.323330+00:00", "symbol": "ADA-USD"}, {"trade_id": 143334239, "side": "buy", "size": "1.60000000", "price": "0.73060000", "time": "2025-07-13T11:30:05.872859Z", "fetched_at": "2025-07-13T11:37:51.323330+00:00", "symbol": "ADA-USD"}, {"trade_id": 143334238, "side": "buy", "size": "51.00306000", "price": "0.73070000", "time": "2025-07-13T11:30:05.550997Z", "fetched_at": "2025-07-13T11:37:51.323330+00:00", "symbol": "ADA-USD"}, {"trade_id": 143334237, "side": "buy", "size": "13.68550705", "price": "0.73070000", "time": "2025-07-13T11:30:05.550997Z", "fetched_at": "2025-07-13T11:37:51.323330+00:00", "symbol": "ADA-USD"}, {"trade_id": 143334236, "side": "buy", "size": "9780.60000000", "price": "0.73070000", "time": "2025-07-13T11:30:05.550997Z", "fetched_at": "2025-07-13T11:37:51.323330+00:00", "symbol": "ADA-USD"}, {"trade_id": 143334235, "side": "buy", "size": "51.00306000", "price": "0.73070000", "time": "2025-07-13T11:29:59.489662Z", "fetched_at": "2025-07-13T11:37:51.323330+00:00", "symbol": "ADA-USD"}, {"trade_id": 143334234, "side": "buy", "size": "13.68550705", "price": "0.73070000", "time": "2025-07-13T11:29:59.487881Z", "fetched_at": "2025-07-13T11:37:51.323330+00:00", "symbol": "ADA-USD"}, {"trade_id": 143334233, "side": "sell", "size": "1.35486500", "price": "0.73080000", "time": "2025-07-13T11:29:55.043857Z", "fetched_at": "2025-07-13T11:37:51.323330+00:00", "symbol": "ADA-USD"}, {"trade_id": 143334232, "side": "sell", "size": "27.09386100", "price": "0.73080000", "time": "2025-07-13T11:29:53.623255Z", "fetched_at": "2025-07-13T11:37:51.323330+00:00", "symbol": "ADA-USD"}, {"trade_id": 143334231, "side": "sell", "size": "70.86167000", "price": "0.73080000", "time": "2025-07-13T11:29:48.732053Z", "fetched_at": "2025-07-13T11:37:51.323330+00:00", "symbol": "ADA-USD"}, {"trade_id": 143334230, "side": "buy", "size": "70.86167000", "price": "0.73090000", "time": "2025-07-13T11:29:47.189064Z", "fetched_at": "2025-07-13T11:37:51.323330+00:00", "symbol": "ADA-USD"}, {"trade_id": 143334229, "side": "buy", "size": "70.86167000", "price": "0.73090000", "time": "2025-07-13T11:29:45.765313Z", "fetched_at": "2025-07-13T11:37:51.323330+00:00", "symbol": "ADA-USD"}, {"trade_id": 143334228, "side": "sell", "size": "43.86455748", "price": "0.73080000", "time": "2025-07-13T11:29:45.734068Z", "fetched_at": "2025-07-13T11:37:51.323330+00:00", "symbol": "ADA-USD"}, {"trade_id": 143334227, "side": "sell", "size": "685.24045043", "price": "0.73090000", "time": "2025-07-13T11:29:45.723300Z", "fetched_at": "2025-07-13T11:37:51.323330+00:00", "symbol": "ADA-USD"}, {"trade_id": 143334226, "side": "sell", "size": "114.52447587", "price": "0.73090000", "time": "2025-07-13T11:29:45.723300Z", "fetched_at": "2025-07-13T11:37:51.323330+00:00", "symbol": "ADA-USD"}, {"trade_id": 143334225, "side": "sell", "size": "3677.21677062", "price": "0.73090000", "time": "2025-07-13T11:29:45.723188Z", "fetched_at": "2025-07-13T11:37:51.323330+00:00", "symbol": "ADA-USD"}, {"trade_id": 143334224, "side": "sell", "size": "761.64958774", "price": "0.73090000", "time": "2025-07-13T11:29:45.723188Z", "fetched_at": "2025-07-13T11:37:51.323330+00:00", "symbol": "ADA-USD"}, {"trade_id": 143334223, "side": "sell", "size": "1.60000000", "price": "0.73090000", "time": "2025-07-13T11:29:45.723188Z", "fetched_at": "2025-07-13T11:37:51.323330+00:00", "symbol": "ADA-USD"}, {"trade_id": 143334222, "side": "sell", "size": "16.99561922", "price": "0.73090000", "time": "2025-07-13T11:29:45.723188Z", "fetched_at": "2025-07-13T11:37:51.323330+00:00", "symbol": "ADA-USD"}, {"trade_id": 143334221, "side": "sell", "size": "50.00000000", "price": "0.73080000", "time": "2025-07-13T11:29:45.723188Z", "fetched_at": "2025-07-13T11:37:51.323330+00:00", "symbol": "ADA-USD"}, {"trade_id": 143334220, "side": "sell", "size": "1850.29687000", "price": "0.73080000", "time": "2025-07-13T11:29:45.715426Z", "fetched_at": "2025-07-13T11:37:51.323330+00:00", "symbol": "ADA-USD"}, {"trade_id": 143334219, "side": "sell", "size": "824.66159915", "price": "0.73080000", "time": "2025-07-13T11:29:45.715426Z", "fetched_at": "2025-07-13T11:37:51.323330+00:00", "symbol": "ADA-USD"}, {"trade_id": 143334218, "side": "sell", "size": "849.46596784", "price": "0.73080000", "time": "2025-07-13T11:29:45.715426Z", "fetched_at": "2025-07-13T11:37:51.323330+00:00", "symbol": "ADA-USD"}, {"trade_id": 143334217, "side": "sell", "size": "451.80209532", "price": "0.73080000", "time": "2025-07-13T11:29:45.715426Z", "fetched_at": "2025-07-13T11:37:51.323330+00:00", "symbol": "ADA-USD"}, {"trade_id": 143334216, "side": "sell", "size": "761.64958774", "price": "0.73080000", "time": "2025-07-13T11:29:45.715426Z", "fetched_at": "2025-07-13T11:37:51.323330+00:00", "symbol": "ADA-USD"}, {"trade_id": 143334215, "side": "sell", "size": "1855.99739000", "price": "0.73080000", "time": "2025-07-13T11:29:45.715426Z", "fetched_at": "2025-07-13T11:37:51.323330+00:00", "symbol": "ADA-USD"}, {"trade_id": 143334214, "side": "sell", "size": "1.60000000", "price": "0.73080000", "time": "2025-07-13T11:29:45.715426Z", "fetched_at": "2025-07-13T11:37:51.323330+00:00", "symbol": "ADA-USD"}, {"trade_id": 143334213, "side": "sell", "size": "45.75412779", "price": "0.73080000", "time": "2025-07-13T11:29:45.715426Z", "fetched_at": "2025-07-13T11:37:51.323330+00:00", "symbol": "ADA-USD"}, {"trade_id": 143334212, "side": "sell", "size": "51.00306000", "price": "0.73070000", "time": "2025-07-13T11:29:45.715426Z", "fetched_at": "2025-07-13T11:37:51.323330+00:00", "symbol": "ADA-USD"}, {"trade_id": 143334211, "side": "sell", "size": "1.95931700", "price": "0.73070000", "time": "2025-07-13T11:29:45.715426Z", "fetched_at": "2025-07-13T11:37:51.323330+00:00", "symbol": "ADA-USD"}, {"trade_id": 143334210, "side": "sell", "size": "0.01942564", "price": "0.73070000", "time": "2025-07-13T11:29:38.921098Z", "fetched_at": "2025-07-13T11:37:51.323330+00:00", "symbol": "ADA-USD"}, {"trade_id": 143334209, "side": "sell", "size": "46.05761066", "price": "0.73070000", "time": "2025-07-13T11:29:38.905320Z", "fetched_at": "2025-07-13T11:37:51.323330+00:00", "symbol": "ADA-USD"}, {"trade_id": 143334208, "side": "sell", "size": "2.58886751", "price": "0.73070000", "time": "2025-07-13T11:29:38.905320Z", "fetched_at": "2025-07-13T11:37:51.323330+00:00", "symbol": "ADA-USD"}, {"trade_id": 143334207, "side": "sell", "size": "48.15136997", "price": "0.73070000", "time": "2025-07-13T11:29:38.368394Z", "fetched_at": "2025-07-13T11:37:51.323330+00:00", "symbol": "ADA-USD"}, {"trade_id": 143334206, "side": "sell", "size": "1.60000000", "price": "0.73070000", "time": "2025-07-13T11:29:38.368394Z", "fetched_at": "2025-07-13T11:37:51.323330+00:00", "symbol": "ADA-USD"}, {"trade_id": 143334205, "side": "sell", "size": "21.11030003", "price": "0.73070000", "time": "2025-07-13T11:29:38.368394Z", "fetched_at": "2025-07-13T11:37:51.323330+00:00", "symbol": "ADA-USD"}, {"trade_id": 143334204, "side": "sell", "size": "13.10684926", "price": "0.73060000", "time": "2025-07-13T11:29:37.026402Z", "fetched_at": "2025-07-13T11:37:51.323330+00:00", "symbol": "ADA-USD"}, {"trade_id": 143334203, "side": "sell", "size": "490.31722900", "price": "0.73050000", "time": "2025-07-13T11:29:31.637965Z", "fetched_at": "2025-07-13T11:37:51.323330+00:00", "symbol": "ADA-USD"}, {"trade_id": 143334202, "side": "sell", "size": "120.25657000", "price": "0.73050000", "time": "2025-07-13T11:29:31.637965Z", "fetched_at": "2025-07-13T11:37:51.323330+00:00", "symbol": "ADA-USD"}, {"trade_id": 143334201, "side": "buy", "size": "13.68738024", "price": "0.73060000", "time": "2025-07-13T11:29:30.505096Z", "fetched_at": "2025-07-13T11:37:51.323330+00:00", "symbol": "ADA-USD"}, {"trade_id": 143334200, "side": "buy", "size": "25.50725933", "price": "0.73040000", "time": "2025-07-13T11:29:20.060503Z", "fetched_at": "2025-07-13T11:37:51.323330+00:00", "symbol": "ADA-USD"}, {"trade_id": 143334199, "side": "sell", "size": "167.63140200", "price": "0.73060000", "time": "2025-07-13T11:29:19.738292Z", "fetched_at": "2025-07-13T11:37:51.323330+00:00", "symbol": "ADA-USD"}, {"trade_id": 143334198, "side": "sell", "size": "1.60000000", "price": "0.73060000", "time": "2025-07-13T11:29:19.738292Z", "fetched_at": "2025-07-13T11:37:51.323330+00:00", "symbol": "ADA-USD"}, {"trade_id": 143334197, "side": "sell", "size": "25.18372345", "price": "0.73060000", "time": "2025-07-13T11:29:19.738292Z", "fetched_at": "2025-07-13T11:37:51.323330+00:00", "symbol": "ADA-USD"}, {"trade_id": 143334196, "side": "sell", "size": "50.00000000", "price": "0.73050000", "time": "2025-07-13T11:29:19.738292Z", "fetched_at": "2025-07-13T11:37:51.323330+00:00", "symbol": "ADA-USD"}, {"trade_id": 143334195, "side": "sell", "size": "8.72302957", "price": "0.73050000", "time": "2025-07-13T11:29:19.738292Z", "fetched_at": "2025-07-13T11:37:51.323330+00:00", "symbol": "ADA-USD"}, {"trade_id": 143334194, "side": "sell", "size": "1.60000000", "price": "0.73050000", "time": "2025-07-13T11:29:19.738292Z", "fetched_at": "2025-07-13T11:37:51.323330+00:00", "symbol": "ADA-USD"}, {"trade_id": 143334193, "side": "sell", "size": "56.66532003", "price": "0.73050000", "time": "2025-07-13T11:29:19.738292Z", "fetched_at": "2025-07-13T11:37:51.323330+00:00", "symbol": "ADA-USD"}, {"trade_id": 143334192, "side": "sell", "size": "1.60000000", "price": "0.73040000", "time": "2025-07-13T11:29:19.738292Z", "fetched_at": "2025-07-13T11:37:51.323330+00:00", "symbol": "ADA-USD"}, {"trade_id": 143334191, "side": "sell", "size": "110.94448300", "price": "0.73040000", "time": "2025-07-13T11:29:19.738292Z", "fetched_at": "2025-07-13T11:37:51.323330+00:00", "symbol": "ADA-USD"}, {"trade_id": 143334190, "side": "sell", "size": "17.23174195", "price": "0.73040000", "time": "2025-07-13T11:29:19.738292Z", "fetched_at": "2025-07-13T11:37:51.323330+00:00", "symbol": "ADA-USD"}, {"trade_id": 143334189, "side": "sell", "size": "0.00766396", "price": "0.73040000", "time": "2025-07-13T11:29:19.372584Z", "fetched_at": "2025-07-13T11:37:51.323330+00:00", "symbol": "ADA-USD"}, {"trade_id": 143334188, "side": "sell", "size": "19.01005753", "price": "0.73040000", "time": "2025-07-13T11:29:19.334811Z", "fetched_at": "2025-07-13T11:37:51.323330+00:00", "symbol": "ADA-USD"}, {"trade_id": 143334187, "side": "sell", "size": "151.10087074", "price": "0.73030000", "time": "2025-07-13T11:29:14.004330Z", "fetched_at": "2025-07-13T11:37:51.323330+00:00", "symbol": "ADA-USD"}, {"trade_id": 143334186, "side": "sell", "size": "70.86167000", "price": "0.73030000", "time": "2025-07-13T11:29:11.488005Z", "fetched_at": "2025-07-13T11:37:51.323330+00:00", "symbol": "ADA-USD"}, {"trade_id": 143334185, "side": "sell", "size": "133.07205400", "price": "0.73030000", "time": "2025-07-13T11:29:08.088024Z", "fetched_at": "2025-07-13T11:37:51.323330+00:00", "symbol": "ADA-USD"}, {"trade_id": 143334184, "side": "buy", "size": "526.28859888", "price": "0.73020000", "time": "2025-07-13T11:29:06.788141Z", "fetched_at": "2025-07-13T11:37:51.323330+00:00", "symbol": "ADA-USD"}, {"trade_id": 143334183, "side": "buy", "size": "13.69487812", "price": "0.73020000", "time": "2025-07-13T11:29:06.788141Z", "fetched_at": "2025-07-13T11:37:51.323330+00:00", "symbol": "ADA-USD"}, {"trade_id": 143334182, "side": "buy", "size": "119.07332000", "price": "0.73020000", "time": "2025-07-13T11:29:06.788141Z", "fetched_at": "2025-07-13T11:37:51.323330+00:00", "symbol": "ADA-USD"}, {"trade_id": 143334181, "side": "buy", "size": "124.83840000", "price": "0.73020000", "time": "2025-07-13T11:29:06.788141Z", "fetched_at": "2025-07-13T11:37:51.323330+00:00", "symbol": "ADA-USD"}, {"trade_id": 143334180, "side": "buy", "size": "51.00306000", "price": "0.73020000", "time": "2025-07-13T11:29:06.788141Z", "fetched_at": "2025-07-13T11:37:51.323330+00:00", "symbol": "ADA-USD"}, {"trade_id": 143334179, "side": "sell", "size": "3.23157316", "price": "0.73020000", "time": "2025-07-13T11:29:03.612495Z", "fetched_at": "2025-07-13T11:37:51.323330+00:00", "symbol": "ADA-USD"}, {"trade_id": 143334178, "side": "sell", "size": "4.91418969", "price": "0.73030000", "time": "2025-07-13T11:28:59.424676Z", "fetched_at": "2025-07-13T11:37:51.323330+00:00", "symbol": "ADA-USD"}, {"trade_id": 143334177, "side": "sell", "size": "1.99922931", "price": "0.73020000", "time": "2025-07-13T11:28:59.424676Z", "fetched_at": "2025-07-13T11:37:51.323330+00:00", "symbol": "ADA-USD"}, {"trade_id": 143334176, "side": "buy", "size": "15.22126300", "price": "0.73010000", "time": "2025-07-13T11:28:59.147994Z", "fetched_at": "2025-07-13T11:37:51.323330+00:00", "symbol": "ADA-USD"}, {"trade_id": 143334175, "side": "sell", "size": "55.14416189", "price": "0.73030000", "time": "2025-07-13T11:28:57.141453Z", "fetched_at": "2025-07-13T11:37:51.323330+00:00", "symbol": "ADA-USD"}, {"trade_id": 143334174, "side": "sell", "size": "1.60000000", "price": "0.73030000", "time": "2025-07-13T11:28:57.141453Z", "fetched_at": "2025-07-13T11:37:51.323330+00:00", "symbol": "ADA-USD"}, {"trade_id": 143334173, "side": "sell", "size": "32.07355763", "price": "0.73030000", "time": "2025-07-13T11:28:57.141453Z", "fetched_at": "2025-07-13T11:37:51.323330+00:00", "symbol": "ADA-USD"}, {"trade_id": 143334172, "side": "sell", "size": "2.47467135", "price": "0.73020000", "time": "2025-07-13T11:28:57.141453Z", "fetched_at": "2025-07-13T11:37:51.323330+00:00", "symbol": "ADA-USD"}, {"trade_id": 143334171, "side": "sell", "size": "37.55387913", "price": "0.73020000", "time": "2025-07-13T11:28:57.141453Z", "fetched_at": "2025-07-13T11:37:51.323330+00:00", "symbol": "ADA-USD"}, {"trade_id": 143334170, "side": "sell", "size": "1.60000000", "price": "0.73020000", "time": "2025-07-13T11:28:57.141453Z", "fetched_at": "2025-07-13T11:37:51.323330+00:00", "symbol": "ADA-USD"}, {"trade_id": 143334169, "side": "sell", "size": "8.48647360", "price": "0.73010000", "time": "2025-07-13T11:28:54.211364Z", "fetched_at": "2025-07-13T11:37:51.323330+00:00", "symbol": "ADA-USD"}, {"trade_id": 143334168, "side": "sell", "size": "1.60000000", "price": "0.73010000", "time": "2025-07-13T11:28:54.211364Z", "fetched_at": "2025-07-13T11:37:51.323330+00:00", "symbol": "ADA-USD"}, {"trade_id": 143334167, "side": "buy", "size": "31.69360848", "price": "0.73000000", "time": "2025-07-13T11:28:54.134639Z", "fetched_at": "2025-07-13T11:37:51.323330+00:00", "symbol": "ADA-USD"}, {"trade_id": 143334166, "side": "sell", "size": "3.23424167", "price": "0.72990000", "time": "2025-07-13T11:28:47.590323Z", "fetched_at": "2025-07-13T11:37:51.323330+00:00", "symbol": "ADA-USD"}, {"trade_id": 143334165, "side": "sell", "size": "156.68104680", "price": "0.72990000", "time": "2025-07-13T11:28:43.907446Z", "fetched_at": "2025-07-13T11:37:51.323330+00:00", "symbol": "ADA-USD"}, {"trade_id": 143334164, "side": "sell", "size": "120.25657000", "price": "0.72990000", "time": "2025-07-13T11:28:43.907446Z", "fetched_at": "2025-07-13T11:37:51.323330+00:00", "symbol": "ADA-USD"}, {"trade_id": 143334163, "side": "sell", "size": "51.00306000", "price": "0.72990000", "time": "2025-07-13T11:28:43.907446Z", "fetched_at": "2025-07-13T11:37:51.323330+00:00", "symbol": "ADA-USD"}, {"trade_id": 143334162, "side": "buy", "size": "13.69863014", "price": "0.73000000", "time": "2025-07-13T11:28:42.448904Z", "fetched_at": "2025-07-13T11:37:51.323330+00:00", "symbol": "ADA-USD"}, {"trade_id": 143334161, "side": "sell", "size": "347.85756362", "price": "0.73010000", "time": "2025-07-13T11:28:41.738227Z", "fetched_at": "2025-07-13T11:37:51.323330+00:00", "symbol": "ADA-USD"}, {"trade_id": 143334160, "side": "sell", "size": "188.37231928", "price": "0.73010000", "time": "2025-07-13T11:28:41.738227Z", "fetched_at": "2025-07-13T11:37:51.323330+00:00", "symbol": "ADA-USD"}, {"trade_id": 143334159, "side": "sell", "size": "667.21173109", "price": "0.73010000", "time": "2025-07-13T11:28:41.738227Z", "fetched_at": "2025-07-13T11:37:51.323330+00:00", "symbol": "ADA-USD"}, {"trade_id": 143334158, "side": "sell", "size": "1.60000000", "price": "0.73010000", "time": "2025-07-13T11:28:41.738227Z", "fetched_at": "2025-07-13T11:37:51.323330+00:00", "symbol": "ADA-USD"}, {"trade_id": 143334157, "side": "sell", "size": "52.68882409", "price": "0.73010000", "time": "2025-07-13T11:28:41.738227Z", "fetched_at": "2025-07-13T11:37:51.323330+00:00", "symbol": "ADA-USD"}, {"trade_id": 143334156, "side": "sell", "size": "1.60000000", "price": "0.73000000", "time": "2025-07-13T11:28:39.047301Z", "fetched_at": "2025-07-13T11:37:51.323330+00:00", "symbol": "ADA-USD"}, {"trade_id": 143334155, "side": "sell", "size": "55.43610537", "price": "0.73000000", "time": "2025-07-13T11:28:39.047301Z", "fetched_at": "2025-07-13T11:37:51.323330+00:00", "symbol": "ADA-USD"}, {"trade_id": 143334154, "side": "sell", "size": "1.46027052", "price": "0.72990000", "time": "2025-07-13T11:28:35.323411Z", "fetched_at": "2025-07-13T11:37:51.323330+00:00", "symbol": "ADA-USD"}, {"trade_id": 143334153, "side": "sell", "size": "1.60000000", "price": "0.72990000", "time": "2025-07-13T11:28:35.323411Z", "fetched_at": "2025-07-13T11:37:51.323330+00:00", "symbol": "ADA-USD"}, {"trade_id": 143334152, "side": "sell", "size": "41.67479533", "price": "0.72990000", "time": "2025-07-13T11:28:35.323411Z", "fetched_at": "2025-07-13T11:37:51.323330+00:00", "symbol": "ADA-USD"}, {"trade_id": 143334151, "side": "sell", "size": "1.60000000", "price": "0.72980000", "time": "2025-07-13T11:28:31.450303Z", "fetched_at": "2025-07-13T11:37:51.323330+00:00", "symbol": "ADA-USD"}, {"trade_id": 143334150, "side": "sell", "size": "110.48729100", "price": "0.72980000", "time": "2025-07-13T11:28:31.450303Z", "fetched_at": "2025-07-13T11:37:51.323330+00:00", "symbol": "ADA-USD"}, {"trade_id": 143334149, "side": "sell", "size": "0.00001136", "price": "0.72970000", "time": "2025-07-13T11:28:31.450004Z", "fetched_at": "2025-07-13T11:37:51.323330+00:00", "symbol": "ADA-USD"}, {"trade_id": 143334148, "side": "sell", "size": "2.03926327", "price": "0.72970000", "time": "2025-07-13T11:28:31.449954Z", "fetched_at": "2025-07-13T11:37:51.323330+00:00", "symbol": "ADA-USD"}, {"trade_id": 143334147, "side": "sell", "size": "168.62419673", "price": "0.72970000", "time": "2025-07-13T11:28:31.449954Z", "fetched_at": "2025-07-13T11:37:51.323330+00:00", "symbol": "ADA-USD"}, {"trade_id": 143334146, "side": "sell", "size": "1.60000000", "price": "0.72970000", "time": "2025-07-13T11:28:31.449954Z", "fetched_at": "2025-07-13T11:37:51.323330+00:00", "symbol": "ADA-USD"}, {"trade_id": 143334145, "side": "buy", "size": "4.93827160", "price": "0.72960000", "time": "2025-07-13T11:28:23.703759Z", "fetched_at": "2025-07-13T11:37:51.323330+00:00", "symbol": "ADA-USD"}, {"trade_id": 143334144, "side": "sell", "size": "481.13351441", "price": "0.72960000", "time": "2025-07-13T11:28:13.114610Z", "fetched_at": "2025-07-13T11:37:51.323330+00:00", "symbol": "ADA-USD"}, {"trade_id": 143334143, "side": "sell", "size": "4907.70000000", "price": "0.72960000", "time": "2025-07-13T11:28:13.114610Z", "fetched_at": "2025-07-13T11:37:51.323330+00:00", "symbol": "ADA-USD"}, {"trade_id": 143334142, "side": "sell", "size": "1.60000000", "price": "0.72960000", "time": "2025-07-13T11:28:13.114610Z", "fetched_at": "2025-07-13T11:37:51.323330+00:00", "symbol": "ADA-USD"}, {"trade_id": 143334141, "side": "sell", "size": "12.99330921", "price": "0.72960000", "time": "2025-07-13T11:28:13.114610Z", "fetched_at": "2025-07-13T11:37:51.323330+00:00", "symbol": "ADA-USD"}, {"trade_id": 143334140, "side": "sell", "size": "2.28129444", "price": "0.72950000", "time": "2025-07-13T11:28:13.114459Z", "fetched_at": "2025-07-13T11:37:51.323330+00:00", "symbol": "ADA-USD"}, {"trade_id": 143334139, "side": "sell", "size": "1.60000000", "price": "0.72950000", "time": "2025-07-13T11:28:13.114459Z", "fetched_at": "2025-07-13T11:37:51.323330+00:00", "symbol": "ADA-USD"}, {"trade_id": 143334138, "side": "sell", "size": "12.60750874", "price": "0.72940000", "time": "2025-07-13T11:28:06.970598Z", "fetched_at": "2025-07-13T11:37:51.323330+00:00", "symbol": "ADA-USD"}, {"trade_id": 143334137, "side": "sell", "size": "1.60000000", "price": "0.72940000", "time": "2025-07-13T11:28:06.970598Z", "fetched_at": "2025-07-13T11:37:51.323330+00:00", "symbol": "ADA-USD"}, {"trade_id": 143334136, "side": "buy", "size": "13.71177842", "price": "0.72930000", "time": "2025-07-13T11:27:53.489250Z", "fetched_at": "2025-07-13T11:37:51.323330+00:00", "symbol": "ADA-USD"}, {"trade_id": 143334135, "side": "sell", "size": "6.66266600", "price": "0.72950000", "time": "2025-07-13T11:27:49.421970Z", "fetched_at": "2025-07-13T11:37:51.323330+00:00", "symbol": "ADA-USD"}, {"trade_id": 143334134, "side": "buy", "size": "3.21782178", "price": "0.72940000", "time": "2025-07-13T11:27:35.698024Z", "fetched_at": "2025-07-13T11:37:51.323330+00:00", "symbol": "ADA-USD"}, {"trade_id": 143334133, "side": "sell", "size": "27.46779821", "price": "0.72950000", "time": "2025-07-13T11:27:35.640506Z", "fetched_at": "2025-07-13T11:37:51.323330+00:00", "symbol": "ADA-USD"}, {"trade_id": 143334132, "side": "sell", "size": "1.60000000", "price": "0.72950000", "time": "2025-07-13T11:27:35.640506Z", "fetched_at": "2025-07-13T11:37:51.323330+00:00", "symbol": "ADA-USD"}, {"trade_id": 143334131, "side": "sell", "size": "41.79387179", "price": "0.72950000", "time": "2025-07-13T11:27:35.640506Z", "fetched_at": "2025-07-13T11:37:51.323330+00:00", "symbol": "ADA-USD"}