[{"trade_id": 143373020, "side": "sell", "size": "123.33496057", "price": "0.73800000", "time": "2025-07-13T15:39:28.672522Z", "fetched_at": "2025-07-13T15:39:37.007832+00:00", "symbol": "ADA-USD"}, {"trade_id": 143373019, "side": "sell", "size": "5.20269598", "price": "0.73800000", "time": "2025-07-13T15:39:28.672522Z", "fetched_at": "2025-07-13T15:39:37.007832+00:00", "symbol": "ADA-USD"}, {"trade_id": 143373018, "side": "sell", "size": "1.50000000", "price": "0.73800000", "time": "2025-07-13T15:39:28.672522Z", "fetched_at": "2025-07-13T15:39:37.007832+00:00", "symbol": "ADA-USD"}, {"trade_id": 143373017, "side": "sell", "size": "68.45710200", "price": "0.73790000", "time": "2025-07-13T15:39:28.562620Z", "fetched_at": "2025-07-13T15:39:37.007832+00:00", "symbol": "ADA-USD"}, {"trade_id": 143373016, "side": "buy", "size": "218.99114381", "price": "0.73770000", "time": "2025-07-13T15:39:27.636089Z", "fetched_at": "2025-07-13T15:39:37.007832+00:00", "symbol": "ADA-USD"}, {"trade_id": 143373015, "side": "buy", "size": "7.45549801", "price": "0.73770000", "time": "2025-07-13T15:39:27.636089Z", "fetched_at": "2025-07-13T15:39:37.007832+00:00", "symbol": "ADA-USD"}, {"trade_id": 143373014, "side": "buy", "size": "738.50985818", "price": "0.73770000", "time": "2025-07-13T15:39:27.636089Z", "fetched_at": "2025-07-13T15:39:37.007832+00:00", "symbol": "ADA-USD"}, {"trade_id": 143373013, "side": "buy", "size": "312.95863084", "price": "0.73770000", "time": "2025-07-13T15:39:27.289152Z", "fetched_at": "2025-07-13T15:39:37.007832+00:00", "symbol": "ADA-USD"}, {"trade_id": 143373012, "side": "buy", "size": "25.90954943", "price": "0.73770000", "time": "2025-07-13T15:39:27.289152Z", "fetched_at": "2025-07-13T15:39:37.007832+00:00", "symbol": "ADA-USD"}, {"trade_id": 143373011, "side": "sell", "size": "3.49720120", "price": "0.73780000", "time": "2025-07-13T15:39:26.649920Z", "fetched_at": "2025-07-13T15:39:37.007832+00:00", "symbol": "ADA-USD"}, {"trade_id": 143373010, "side": "sell", "size": "4.94165753", "price": "0.73770000", "time": "2025-07-13T15:39:25.708410Z", "fetched_at": "2025-07-13T15:39:37.007832+00:00", "symbol": "ADA-USD"}, {"trade_id": 143373009, "side": "sell", "size": "70.86167000", "price": "0.73770000", "time": "2025-07-13T15:39:25.526136Z", "fetched_at": "2025-07-13T15:39:37.007832+00:00", "symbol": "ADA-USD"}, {"trade_id": 143373008, "side": "buy", "size": "1.51311826", "price": "0.73770000", "time": "2025-07-13T15:39:25.514335Z", "fetched_at": "2025-07-13T15:39:37.007832+00:00", "symbol": "ADA-USD"}, {"trade_id": 143373007, "side": "buy", "size": "23.91650717", "price": "0.73780000", "time": "2025-07-13T15:39:25.079176Z", "fetched_at": "2025-07-13T15:39:37.007832+00:00", "symbol": "ADA-USD"}, {"trade_id": 143373006, "side": "sell", "size": "11.73266963", "price": "0.73780000", "time": "2025-07-13T15:39:24.866534Z", "fetched_at": "2025-07-13T15:39:37.007832+00:00", "symbol": "ADA-USD"}, {"trade_id": 143373005, "side": "sell", "size": "12.70460610", "price": "0.73760000", "time": "2025-07-13T15:39:23.052646Z", "fetched_at": "2025-07-13T15:39:37.007832+00:00", "symbol": "ADA-USD"}, {"trade_id": 143373004, "side": "buy", "size": "216.79579325", "price": "0.73760000", "time": "2025-07-13T15:39:22.606240Z", "fetched_at": "2025-07-13T15:39:37.007832+00:00", "symbol": "ADA-USD"}, {"trade_id": 143373003, "side": "buy", "size": "113.82941000", "price": "0.73760000", "time": "2025-07-13T15:39:22.606240Z", "fetched_at": "2025-07-13T15:39:37.007832+00:00", "symbol": "ADA-USD"}, {"trade_id": 143373002, "side": "buy", "size": "1.50000000", "price": "0.73760000", "time": "2025-07-13T15:39:22.606240Z", "fetched_at": "2025-07-13T15:39:37.007832+00:00", "symbol": "ADA-USD"}, {"trade_id": 143373001, "side": "buy", "size": "2.71149675", "price": "0.73760000", "time": "2025-07-13T15:39:22.606240Z", "fetched_at": "2025-07-13T15:39:37.007832+00:00", "symbol": "ADA-USD"}, {"trade_id": 143373000, "side": "buy", "size": "113.82941000", "price": "0.73770000", "time": "2025-07-13T15:39:22.237017Z", "fetched_at": "2025-07-13T15:39:37.007832+00:00", "symbol": "ADA-USD"}, {"trade_id": 143372999, "side": "buy", "size": "113.82941000", "price": "0.73770000", "time": "2025-07-13T15:39:22.223316Z", "fetched_at": "2025-07-13T15:39:37.007832+00:00", "symbol": "ADA-USD"}, {"trade_id": 143372998, "side": "sell", "size": "12.70308786", "price": "0.73780000", "time": "2025-07-13T15:39:21.689979Z", "fetched_at": "2025-07-13T15:39:37.007832+00:00", "symbol": "ADA-USD"}, {"trade_id": 143372997, "side": "buy", "size": "658.92864695", "price": "0.73780000", "time": "2025-07-13T15:39:21.675024Z", "fetched_at": "2025-07-13T15:39:37.007832+00:00", "symbol": "ADA-USD"}, {"trade_id": 143372996, "side": "buy", "size": "42.51823497", "price": "0.73780000", "time": "2025-07-13T15:39:21.675024Z", "fetched_at": "2025-07-13T15:39:37.007832+00:00", "symbol": "ADA-USD"}, {"trade_id": 143372995, "side": "buy", "size": "113.82941000", "price": "0.73800000", "time": "2025-07-13T15:39:20.447361Z", "fetched_at": "2025-07-13T15:39:37.007832+00:00", "symbol": "ADA-USD"}, {"trade_id": 143372994, "side": "buy", "size": "51.00306000", "price": "0.73800000", "time": "2025-07-13T15:39:20.402434Z", "fetched_at": "2025-07-13T15:39:37.007832+00:00", "symbol": "ADA-USD"}, {"trade_id": 143372993, "side": "buy", "size": "113.82941000", "price": "0.73800000", "time": "2025-07-13T15:39:20.388134Z", "fetched_at": "2025-07-13T15:39:37.007832+00:00", "symbol": "ADA-USD"}, {"trade_id": 143372992, "side": "buy", "size": "1158.57372604", "price": "0.73780000", "time": "2025-07-13T15:39:19.361260Z", "fetched_at": "2025-07-13T15:39:37.007832+00:00", "symbol": "ADA-USD"}, {"trade_id": 143372991, "side": "buy", "size": "749.52859692", "price": "0.73780000", "time": "2025-07-13T15:39:19.361260Z", "fetched_at": "2025-07-13T15:39:37.007832+00:00", "symbol": "ADA-USD"}, {"trade_id": 143372990, "side": "buy", "size": "421.45363247", "price": "0.73800000", "time": "2025-07-13T15:39:19.353060Z", "fetched_at": "2025-07-13T15:39:37.007832+00:00", "symbol": "ADA-USD"}, {"trade_id": 143372989, "side": "buy", "size": "749.52859692", "price": "0.73800000", "time": "2025-07-13T15:39:19.353060Z", "fetched_at": "2025-07-13T15:39:37.007832+00:00", "symbol": "ADA-USD"}, {"trade_id": 143372988, "side": "buy", "size": "5262.10000000", "price": "0.73800000", "time": "2025-07-13T15:39:19.353060Z", "fetched_at": "2025-07-13T15:39:37.007832+00:00", "symbol": "ADA-USD"}, {"trade_id": 143372987, "side": "buy", "size": "113.82941000", "price": "0.73800000", "time": "2025-07-13T15:39:19.353060Z", "fetched_at": "2025-07-13T15:39:37.007832+00:00", "symbol": "ADA-USD"}, {"trade_id": 143372986, "side": "sell", "size": "53.06009079", "price": "0.73800000", "time": "2025-07-13T15:39:18.816168Z", "fetched_at": "2025-07-13T15:39:37.007832+00:00", "symbol": "ADA-USD"}, {"trade_id": 143372985, "side": "buy", "size": "65.07315022", "price": "0.73810000", "time": "2025-07-13T15:39:18.767269Z", "fetched_at": "2025-07-13T15:39:37.007832+00:00", "symbol": "ADA-USD"}, {"trade_id": 143372984, "side": "buy", "size": "749.52859692", "price": "0.73810000", "time": "2025-07-13T15:39:18.767269Z", "fetched_at": "2025-07-13T15:39:37.007832+00:00", "symbol": "ADA-USD"}, {"trade_id": 143372983, "side": "buy", "size": "113.82941000", "price": "0.73810000", "time": "2025-07-13T15:39:18.767269Z", "fetched_at": "2025-07-13T15:39:37.007832+00:00", "symbol": "ADA-USD"}, {"trade_id": 143372982, "side": "sell", "size": "1.50000000", "price": "0.73820000", "time": "2025-07-13T15:39:18.702222Z", "fetched_at": "2025-07-13T15:39:37.007832+00:00", "symbol": "ADA-USD"}, {"trade_id": 143372981, "side": "sell", "size": "0.00000030", "price": "0.73810000", "time": "2025-07-13T15:39:18.618365Z", "fetched_at": "2025-07-13T15:39:37.007832+00:00", "symbol": "ADA-USD"}, {"trade_id": 143372980, "side": "sell", "size": "94.32905000", "price": "0.73810000", "time": "2025-07-13T15:39:18.618109Z", "fetched_at": "2025-07-13T15:39:37.007832+00:00", "symbol": "ADA-USD"}, {"trade_id": 143372979, "side": "buy", "size": "170.74412000", "price": "0.73810000", "time": "2025-07-13T15:39:18.332183Z", "fetched_at": "2025-07-13T15:39:37.007832+00:00", "symbol": "ADA-USD"}, {"trade_id": 143372978, "side": "sell", "size": "17.43836600", "price": "0.73810000", "time": "2025-07-13T15:39:18.134112Z", "fetched_at": "2025-07-13T15:39:37.007832+00:00", "symbol": "ADA-USD"}, {"trade_id": 143372977, "side": "buy", "size": "1.58873013", "price": "0.73800000", "time": "2025-07-13T15:39:17.914526Z", "fetched_at": "2025-07-13T15:39:37.007832+00:00", "symbol": "ADA-USD"}, {"trade_id": 143372976, "side": "buy", "size": "1.58873013", "price": "0.73800000", "time": "2025-07-13T15:39:17.889185Z", "fetched_at": "2025-07-13T15:39:37.007832+00:00", "symbol": "ADA-USD"}, {"trade_id": 143372975, "side": "buy", "size": "1.60544627", "price": "0.73800000", "time": "2025-07-13T15:39:17.790193Z", "fetched_at": "2025-07-13T15:39:37.007832+00:00", "symbol": "ADA-USD"}, {"trade_id": 143372974, "side": "buy", "size": "1.60544627", "price": "0.73800000", "time": "2025-07-13T15:39:17.777702Z", "fetched_at": "2025-07-13T15:39:37.007832+00:00", "symbol": "ADA-USD"}, {"trade_id": 143372973, "side": "buy", "size": "2.36739287", "price": "0.73810000", "time": "2025-07-13T15:39:17.538137Z", "fetched_at": "2025-07-13T15:39:37.007832+00:00", "symbol": "ADA-USD"}, {"trade_id": 143372972, "side": "buy", "size": "113.82941000", "price": "0.73810000", "time": "2025-07-13T15:39:17.512309Z", "fetched_at": "2025-07-13T15:39:37.007832+00:00", "symbol": "ADA-USD"}, {"trade_id": 143372971, "side": "buy", "size": "2.36739287", "price": "0.73810000", "time": "2025-07-13T15:39:17.512309Z", "fetched_at": "2025-07-13T15:39:37.007832+00:00", "symbol": "ADA-USD"}, {"trade_id": 143372970, "side": "sell", "size": "1.50000000", "price": "0.73810000", "time": "2025-07-13T15:39:17.344941Z", "fetched_at": "2025-07-13T15:39:37.007832+00:00", "symbol": "ADA-USD"}, {"trade_id": 143372969, "side": "sell", "size": "310.50000000", "price": "0.73800000", "time": "2025-07-13T15:39:17.252275Z", "fetched_at": "2025-07-13T15:39:37.007832+00:00", "symbol": "ADA-USD"}, {"trade_id": 143372968, "side": "sell", "size": "1.50000000", "price": "0.73800000", "time": "2025-07-13T15:39:17.252275Z", "fetched_at": "2025-07-13T15:39:37.007832+00:00", "symbol": "ADA-USD"}, {"trade_id": 143372967, "side": "sell", "size": "5598.95198915", "price": "0.73790000", "time": "2025-07-13T15:39:17.249198Z", "fetched_at": "2025-07-13T15:39:37.007832+00:00", "symbol": "ADA-USD"}, {"trade_id": 143372966, "side": "sell", "size": "174.82514000", "price": "0.73790000", "time": "2025-07-13T15:39:17.249043Z", "fetched_at": "2025-07-13T15:39:37.007832+00:00", "symbol": "ADA-USD"}, {"trade_id": 143372965, "side": "sell", "size": "265.67894000", "price": "0.73790000", "time": "2025-07-13T15:39:17.245001Z", "fetched_at": "2025-07-13T15:39:37.007832+00:00", "symbol": "ADA-USD"}, {"trade_id": 143372964, "side": "buy", "size": "608.83695851", "price": "0.73790000", "time": "2025-07-13T15:39:17.244978Z", "fetched_at": "2025-07-13T15:39:37.007832+00:00", "symbol": "ADA-USD"}, {"trade_id": 143372963, "side": "buy", "size": "51.00306000", "price": "0.73790000", "time": "2025-07-13T15:39:17.244978Z", "fetched_at": "2025-07-13T15:39:37.007832+00:00", "symbol": "ADA-USD"}, {"trade_id": 143372962, "side": "buy", "size": "4.12440070", "price": "0.73790000", "time": "2025-07-13T15:39:17.244978Z", "fetched_at": "2025-07-13T15:39:37.007832+00:00", "symbol": "ADA-USD"}, {"trade_id": 143372961, "side": "buy", "size": "113.82941000", "price": "0.73790000", "time": "2025-07-13T15:39:17.244978Z", "fetched_at": "2025-07-13T15:39:37.007832+00:00", "symbol": "ADA-USD"}, {"trade_id": 143372960, "side": "sell", "size": "1.50000000", "price": "0.73780000", "time": "2025-07-13T15:39:16.734696Z", "fetched_at": "2025-07-13T15:39:37.007832+00:00", "symbol": "ADA-USD"}, {"trade_id": 143372959, "side": "buy", "size": "10.22460321", "price": "0.73770000", "time": "2025-07-13T15:39:16.208210Z", "fetched_at": "2025-07-13T15:39:37.007832+00:00", "symbol": "ADA-USD"}, {"trade_id": 143372958, "side": "sell", "size": "31.94589177", "price": "0.73760000", "time": "2025-07-13T15:39:15.799323Z", "fetched_at": "2025-07-13T15:39:37.007832+00:00", "symbol": "ADA-USD"}, {"trade_id": 143372957, "side": "sell", "size": "131.71786600", "price": "0.73760000", "time": "2025-07-13T15:39:15.024011Z", "fetched_at": "2025-07-13T15:39:37.007832+00:00", "symbol": "ADA-USD"}, {"trade_id": 143372956, "side": "buy", "size": "12.70899227", "price": "0.73750000", "time": "2025-07-13T15:39:14.820487Z", "fetched_at": "2025-07-13T15:39:37.007832+00:00", "symbol": "ADA-USD"}, {"trade_id": 143372955, "side": "sell", "size": "7.29024326", "price": "0.73750000", "time": "2025-07-13T15:39:14.412296Z", "fetched_at": "2025-07-13T15:39:37.007832+00:00", "symbol": "ADA-USD"}, {"trade_id": 143372954, "side": "buy", "size": "124.82508564", "price": "0.73750000", "time": "2025-07-13T15:39:14.145423Z", "fetched_at": "2025-07-13T15:39:37.007832+00:00", "symbol": "ADA-USD"}, {"trade_id": 143372953, "side": "buy", "size": "440.79955550", "price": "0.73750000", "time": "2025-07-13T15:39:14.115704Z", "fetched_at": "2025-07-13T15:39:37.007832+00:00", "symbol": "ADA-USD"}, {"trade_id": 143372952, "side": "buy", "size": "825.70163194", "price": "0.73750000", "time": "2025-07-13T15:39:14.089243Z", "fetched_at": "2025-07-13T15:39:37.007832+00:00", "symbol": "ADA-USD"}, {"trade_id": 143372951, "side": "buy", "size": "113.82941000", "price": "0.73760000", "time": "2025-07-13T15:39:13.814136Z", "fetched_at": "2025-07-13T15:39:37.007832+00:00", "symbol": "ADA-USD"}, {"trade_id": 143372950, "side": "buy", "size": "170.74412000", "price": "0.73760000", "time": "2025-07-13T15:39:13.089168Z", "fetched_at": "2025-07-13T15:39:37.007832+00:00", "symbol": "ADA-USD"}, {"trade_id": 143372949, "side": "sell", "size": "12.70915854", "price": "0.73750000", "time": "2025-07-13T15:39:13.076952Z", "fetched_at": "2025-07-13T15:39:37.007832+00:00", "symbol": "ADA-USD"}, {"trade_id": 143372948, "side": "sell", "size": "12.70915854", "price": "0.73730000", "time": "2025-07-13T15:39:13.000584Z", "fetched_at": "2025-07-13T15:39:37.007832+00:00", "symbol": "ADA-USD"}, {"trade_id": 143372947, "side": "sell", "size": "12.70915854", "price": "0.73720000", "time": "2025-07-13T15:39:12.715987Z", "fetched_at": "2025-07-13T15:39:37.007832+00:00", "symbol": "ADA-USD"}, {"trade_id": 143372946, "side": "buy", "size": "69.36167000", "price": "0.73720000", "time": "2025-07-13T15:39:12.567658Z", "fetched_at": "2025-07-13T15:39:37.007832+00:00", "symbol": "ADA-USD"}, {"trade_id": 143372945, "side": "buy", "size": "1.50000000", "price": "0.73720000", "time": "2025-07-13T15:39:12.567658Z", "fetched_at": "2025-07-13T15:39:37.007832+00:00", "symbol": "ADA-USD"}, {"trade_id": 143372944, "side": "buy", "size": "1.50000000", "price": "0.73730000", "time": "2025-07-13T15:39:12.567298Z", "fetched_at": "2025-07-13T15:39:37.007832+00:00", "symbol": "ADA-USD"}, {"trade_id": 143372943, "side": "buy", "size": "1.50000000", "price": "0.73740000", "time": "2025-07-13T15:39:11.607814Z", "fetched_at": "2025-07-13T15:39:37.007832+00:00", "symbol": "ADA-USD"}, {"trade_id": 143372942, "side": "buy", "size": "0.15748110", "price": "0.73740000", "time": "2025-07-13T15:39:11.607814Z", "fetched_at": "2025-07-13T15:39:37.007832+00:00", "symbol": "ADA-USD"}, {"trade_id": 143372941, "side": "buy", "size": "0.00001000", "price": "0.73750000", "time": "2025-07-13T15:39:11.527630Z", "fetched_at": "2025-07-13T15:39:37.007832+00:00", "symbol": "ADA-USD"}, {"trade_id": 143372940, "side": "buy", "size": "113.82940000", "price": "0.73750000", "time": "2025-07-13T15:39:11.524695Z", "fetched_at": "2025-07-13T15:39:37.007832+00:00", "symbol": "ADA-USD"}, {"trade_id": 143372939, "side": "sell", "size": "70.86167000", "price": "0.73770000", "time": "2025-07-13T15:39:11.154378Z", "fetched_at": "2025-07-13T15:39:37.007832+00:00", "symbol": "ADA-USD"}, {"trade_id": 143372938, "side": "buy", "size": "2.85880192", "price": "0.73800000", "time": "2025-07-13T15:39:10.113430Z", "fetched_at": "2025-07-13T15:39:37.007832+00:00", "symbol": "ADA-USD"}, {"trade_id": 143372937, "side": "buy", "size": "2.85033838", "price": "0.73780000", "time": "2025-07-13T15:39:09.823148Z", "fetched_at": "2025-07-13T15:39:37.007832+00:00", "symbol": "ADA-USD"}, {"trade_id": 143372936, "side": "buy", "size": "2.85033838", "price": "0.73780000", "time": "2025-07-13T15:39:09.811466Z", "fetched_at": "2025-07-13T15:39:37.007832+00:00", "symbol": "ADA-USD"}, {"trade_id": 143372935, "side": "buy", "size": "2.85033838", "price": "0.73780000", "time": "2025-07-13T15:39:09.800902Z", "fetched_at": "2025-07-13T15:39:37.007832+00:00", "symbol": "ADA-USD"}, {"trade_id": 143372934, "side": "buy", "size": "1709.69006000", "price": "0.73780000", "time": "2025-07-13T15:39:09.715639Z", "fetched_at": "2025-07-13T15:39:37.007832+00:00", "symbol": "ADA-USD"}, {"trade_id": 143372933, "side": "buy", "size": "3296.30430774", "price": "0.73780000", "time": "2025-07-13T15:39:09.715639Z", "fetched_at": "2025-07-13T15:39:37.007832+00:00", "symbol": "ADA-USD"}, {"trade_id": 143372932, "side": "buy", "size": "1303.86762708", "price": "0.73780000", "time": "2025-07-13T15:39:09.715639Z", "fetched_at": "2025-07-13T15:39:37.007832+00:00", "symbol": "ADA-USD"}, {"trade_id": 143372931, "side": "buy", "size": "749.52859692", "price": "0.73780000", "time": "2025-07-13T15:39:09.715639Z", "fetched_at": "2025-07-13T15:39:37.007832+00:00", "symbol": "ADA-USD"}, {"trade_id": 143372930, "side": "buy", "size": "2.70855905", "price": "0.73790000", "time": "2025-07-13T15:39:09.715639Z", "fetched_at": "2025-07-13T15:39:37.007832+00:00", "symbol": "ADA-USD"}, {"trade_id": 143372929, "side": "buy", "size": "2.91935599", "price": "0.73790000", "time": "2025-07-13T15:39:09.715639Z", "fetched_at": "2025-07-13T15:39:37.007832+00:00", "symbol": "ADA-USD"}, {"trade_id": 143372928, "side": "sell", "size": "5241.80000000", "price": "0.73790000", "time": "2025-07-13T15:39:09.606082Z", "fetched_at": "2025-07-13T15:39:37.007832+00:00", "symbol": "ADA-USD"}, {"trade_id": 143372927, "side": "sell", "size": "275.00859402", "price": "0.73790000", "time": "2025-07-13T15:39:09.606082Z", "fetched_at": "2025-07-13T15:39:37.007832+00:00", "symbol": "ADA-USD"}, {"trade_id": 143372926, "side": "sell", "size": "264.20118628", "price": "0.73780000", "time": "2025-07-13T15:39:09.475669Z", "fetched_at": "2025-07-13T15:39:37.007832+00:00", "symbol": "ADA-USD"}, {"trade_id": 143372925, "side": "sell", "size": "275.00859402", "price": "0.73770000", "time": "2025-07-13T15:39:09.322250Z", "fetched_at": "2025-07-13T15:39:37.007832+00:00", "symbol": "ADA-USD"}, {"trade_id": 143372924, "side": "sell", "size": "232.68366179", "price": "0.73770000", "time": "2025-07-13T15:39:09.322250Z", "fetched_at": "2025-07-13T15:39:37.007832+00:00", "symbol": "ADA-USD"}, {"trade_id": 143372923, "side": "sell", "size": "310.50000000", "price": "0.73760000", "time": "2025-07-13T15:39:09.051903Z", "fetched_at": "2025-07-13T15:39:37.007832+00:00", "symbol": "ADA-USD"}, {"trade_id": 143372922, "side": "sell", "size": "12.70977271", "price": "0.73760000", "time": "2025-07-13T15:39:09.051903Z", "fetched_at": "2025-07-13T15:39:37.007832+00:00", "symbol": "ADA-USD"}, {"trade_id": 143372921, "side": "sell", "size": "228.02018756", "price": "0.73760000", "time": "2025-07-13T15:39:08.440298Z", "fetched_at": "2025-07-13T15:39:37.007832+00:00", "symbol": "ADA-USD"}, {"trade_id": 143372920, "side": "sell", "size": "153.92821273", "price": "0.73750000", "time": "2025-07-13T15:39:08.440298Z", "fetched_at": "2025-07-13T15:39:37.007832+00:00", "symbol": "ADA-USD"}, {"trade_id": 143372919, "side": "sell", "size": "659.72727269", "price": "0.73750000", "time": "2025-07-13T15:39:08.440298Z", "fetched_at": "2025-07-13T15:39:37.007832+00:00", "symbol": "ADA-USD"}, {"trade_id": 143372918, "side": "sell", "size": "275.00859402", "price": "0.73750000", "time": "2025-07-13T15:39:08.440298Z", "fetched_at": "2025-07-13T15:39:37.007832+00:00", "symbol": "ADA-USD"}, {"trade_id": 143372917, "side": "buy", "size": "12.70899227", "price": "0.73750000", "time": "2025-07-13T15:39:08.079059Z", "fetched_at": "2025-07-13T15:39:37.007832+00:00", "symbol": "ADA-USD"}, {"trade_id": 143372916, "side": "buy", "size": "12.70726925", "price": "0.73760000", "time": "2025-07-13T15:39:08.030255Z", "fetched_at": "2025-07-13T15:39:37.007832+00:00", "symbol": "ADA-USD"}, {"trade_id": 143372915, "side": "buy", "size": "0.00000881", "price": "0.73760000", "time": "2025-07-13T15:39:08.030255Z", "fetched_at": "2025-07-13T15:39:37.007832+00:00", "symbol": "ADA-USD"}, {"trade_id": 143372914, "side": "buy", "size": "51.17390000", "price": "0.73760000", "time": "2025-07-13T15:39:08.023658Z", "fetched_at": "2025-07-13T15:39:37.007832+00:00", "symbol": "ADA-USD"}, {"trade_id": 143372913, "side": "buy", "size": "752.52609119", "price": "0.73760000", "time": "2025-07-13T15:39:08.019795Z", "fetched_at": "2025-07-13T15:39:37.007832+00:00", "symbol": "ADA-USD"}, {"trade_id": 143372912, "side": "buy", "size": "12.70726925", "price": "0.73760000", "time": "2025-07-13T15:39:08.019795Z", "fetched_at": "2025-07-13T15:39:37.007832+00:00", "symbol": "ADA-USD"}, {"trade_id": 143372911, "side": "buy", "size": "182.45937073", "price": "0.73750000", "time": "2025-07-13T15:39:07.745367Z", "fetched_at": "2025-07-13T15:39:37.007832+00:00", "symbol": "ADA-USD"}, {"trade_id": 143372910, "side": "buy", "size": "12.70899227", "price": "0.73750000", "time": "2025-07-13T15:39:07.745367Z", "fetched_at": "2025-07-13T15:39:37.007832+00:00", "symbol": "ADA-USD"}, {"trade_id": 143372909, "side": "buy", "size": "225.13066050", "price": "0.73740000", "time": "2025-07-13T15:39:07.289082Z", "fetched_at": "2025-07-13T15:39:37.007832+00:00", "symbol": "ADA-USD"}, {"trade_id": 143372908, "side": "buy", "size": "113.82941000", "price": "0.73750000", "time": "2025-07-13T15:39:07.289082Z", "fetched_at": "2025-07-13T15:39:37.007832+00:00", "symbol": "ADA-USD"}, {"trade_id": 143372907, "side": "sell", "size": "70.86167000", "price": "0.73750000", "time": "2025-07-13T15:39:07.111844Z", "fetched_at": "2025-07-13T15:39:37.007832+00:00", "symbol": "ADA-USD"}, {"trade_id": 143372906, "side": "buy", "size": "1.74847759", "price": "0.73750000", "time": "2025-07-13T15:39:07.048312Z", "fetched_at": "2025-07-13T15:39:37.007832+00:00", "symbol": "ADA-USD"}, {"trade_id": 143372905, "side": "sell", "size": "275.00859402", "price": "0.73730000", "time": "2025-07-13T15:39:06.570332Z", "fetched_at": "2025-07-13T15:39:37.007832+00:00", "symbol": "ADA-USD"}, {"trade_id": 143372904, "side": "sell", "size": "275.00859402", "price": "0.73730000", "time": "2025-07-13T15:39:06.567193Z", "fetched_at": "2025-07-13T15:39:37.007832+00:00", "symbol": "ADA-USD"}, {"trade_id": 143372903, "side": "sell", "size": "38.51712500", "price": "0.73730000", "time": "2025-07-13T15:39:06.326777Z", "fetched_at": "2025-07-13T15:39:37.007832+00:00", "symbol": "ADA-USD"}, {"trade_id": 143372902, "side": "buy", "size": "2.33130345", "price": "0.73720000", "time": "2025-07-13T15:39:06.274157Z", "fetched_at": "2025-07-13T15:39:37.007832+00:00", "symbol": "ADA-USD"}, {"trade_id": 143372901, "side": "buy", "size": "3.10840461", "price": "0.73720000", "time": "2025-07-13T15:39:06.264078Z", "fetched_at": "2025-07-13T15:39:37.007832+00:00", "symbol": "ADA-USD"}, {"trade_id": 143372900, "side": "sell", "size": "528.69140598", "price": "0.73730000", "time": "2025-07-13T15:39:06.065066Z", "fetched_at": "2025-07-13T15:39:37.007832+00:00", "symbol": "ADA-USD"}, {"trade_id": 143372899, "side": "sell", "size": "275.00859402", "price": "0.73730000", "time": "2025-07-13T15:39:06.065066Z", "fetched_at": "2025-07-13T15:39:37.007832+00:00", "symbol": "ADA-USD"}, {"trade_id": 143372898, "side": "buy", "size": "111.86180000", "price": "0.73740000", "time": "2025-07-13T15:39:05.396996Z", "fetched_at": "2025-07-13T15:39:37.007832+00:00", "symbol": "ADA-USD"}, {"trade_id": 143372897, "side": "buy", "size": "113.82941000", "price": "0.73750000", "time": "2025-07-13T15:39:05.371804Z", "fetched_at": "2025-07-13T15:39:37.007832+00:00", "symbol": "ADA-USD"}, {"trade_id": 143372896, "side": "buy", "size": "2.86929656", "price": "0.73750000", "time": "2025-07-13T15:39:05.371804Z", "fetched_at": "2025-07-13T15:39:37.007832+00:00", "symbol": "ADA-USD"}, {"trade_id": 143372895, "side": "buy", "size": "170.74412000", "price": "0.73750000", "time": "2025-07-13T15:39:05.161088Z", "fetched_at": "2025-07-13T15:39:37.007832+00:00", "symbol": "ADA-USD"}, {"trade_id": 143372894, "side": "sell", "size": "310.50000000", "price": "0.73750000", "time": "2025-07-13T15:39:05.153310Z", "fetched_at": "2025-07-13T15:39:37.007832+00:00", "symbol": "ADA-USD"}, {"trade_id": 143372893, "side": "sell", "size": "275.00859402", "price": "0.73750000", "time": "2025-07-13T15:39:05.153310Z", "fetched_at": "2025-07-13T15:39:37.007832+00:00", "symbol": "ADA-USD"}, {"trade_id": 143372892, "side": "buy", "size": "113.82941000", "price": "0.73740000", "time": "2025-07-13T15:39:05.074146Z", "fetched_at": "2025-07-13T15:39:37.007832+00:00", "symbol": "ADA-USD"}, {"trade_id": 143372891, "side": "sell", "size": "275.00859402", "price": "0.73730000", "time": "2025-07-13T15:39:04.607453Z", "fetched_at": "2025-07-13T15:39:37.007832+00:00", "symbol": "ADA-USD"}, {"trade_id": 143372890, "side": "sell", "size": "1.47852539", "price": "0.73730000", "time": "2025-07-13T15:39:04.607453Z", "fetched_at": "2025-07-13T15:39:37.007832+00:00", "symbol": "ADA-USD"}, {"trade_id": 143372889, "side": "buy", "size": "1711.37934000", "price": "0.73730000", "time": "2025-07-13T15:39:04.508832Z", "fetched_at": "2025-07-13T15:39:37.007832+00:00", "symbol": "ADA-USD"}, {"trade_id": 143372888, "side": "buy", "size": "1714.49679000", "price": "0.73730000", "time": "2025-07-13T15:39:04.508832Z", "fetched_at": "2025-07-13T15:39:37.007832+00:00", "symbol": "ADA-USD"}, {"trade_id": 143372887, "side": "buy", "size": "749.52859692", "price": "0.73730000", "time": "2025-07-13T15:39:04.508832Z", "fetched_at": "2025-07-13T15:39:37.007832+00:00", "symbol": "ADA-USD"}, {"trade_id": 143372886, "side": "buy", "size": "51.00306000", "price": "0.73740000", "time": "2025-07-13T15:39:04.508832Z", "fetched_at": "2025-07-13T15:39:37.007832+00:00", "symbol": "ADA-USD"}, {"trade_id": 143372885, "side": "buy", "size": "1.50000000", "price": "0.73740000", "time": "2025-07-13T15:39:04.508832Z", "fetched_at": "2025-07-13T15:39:37.007832+00:00", "symbol": "ADA-USD"}, {"trade_id": 143372884, "side": "buy", "size": "5.10097166", "price": "0.73750000", "time": "2025-07-13T15:39:04.474211Z", "fetched_at": "2025-07-13T15:39:37.007832+00:00", "symbol": "ADA-USD"}, {"trade_id": 143372883, "side": "buy", "size": "6.80129555", "price": "0.73750000", "time": "2025-07-13T15:39:04.387302Z", "fetched_at": "2025-07-13T15:39:37.007832+00:00", "symbol": "ADA-USD"}, {"trade_id": 143372882, "side": "buy", "size": "9.06839406", "price": "0.73750000", "time": "2025-07-13T15:39:04.376057Z", "fetched_at": "2025-07-13T15:39:37.007832+00:00", "symbol": "ADA-USD"}, {"trade_id": 143372881, "side": "buy", "size": "113.82941000", "price": "0.73750000", "time": "2025-07-13T15:39:04.364370Z", "fetched_at": "2025-07-13T15:39:37.007832+00:00", "symbol": "ADA-USD"}, {"trade_id": 143372880, "side": "buy", "size": "12.09119208", "price": "0.73750000", "time": "2025-07-13T15:39:04.364370Z", "fetched_at": "2025-07-13T15:39:37.007832+00:00", "symbol": "ADA-USD"}, {"trade_id": 143372879, "side": "sell", "size": "0.10000000", "price": "0.73760000", "time": "2025-07-13T15:39:04.337071Z", "fetched_at": "2025-07-13T15:39:37.007832+00:00", "symbol": "ADA-USD"}, {"trade_id": 143372878, "side": "sell", "size": "384.97059000", "price": "0.73760000", "time": "2025-07-13T15:39:04.284826Z", "fetched_at": "2025-07-13T15:39:37.007832+00:00", "symbol": "ADA-USD"}, {"trade_id": 143372877, "side": "sell", "size": "310.50000000", "price": "0.73760000", "time": "2025-07-13T15:39:04.284826Z", "fetched_at": "2025-07-13T15:39:37.007832+00:00", "symbol": "ADA-USD"}, {"trade_id": 143372876, "side": "sell", "size": "113.82941000", "price": "0.73760000", "time": "2025-07-13T15:39:04.284826Z", "fetched_at": "2025-07-13T15:39:37.007832+00:00", "symbol": "ADA-USD"}, {"trade_id": 143372875, "side": "buy", "size": "113.82941000", "price": "0.73760000", "time": "2025-07-13T15:39:04.186830Z", "fetched_at": "2025-07-13T15:39:37.007832+00:00", "symbol": "ADA-USD"}, {"trade_id": 143372874, "side": "sell", "size": "2.09238542", "price": "0.73750000", "time": "2025-07-13T15:39:04.101702Z", "fetched_at": "2025-07-13T15:39:37.007832+00:00", "symbol": "ADA-USD"}, {"trade_id": 143372873, "side": "buy", "size": "646.42746233", "price": "0.73750000", "time": "2025-07-13T15:39:04.095483Z", "fetched_at": "2025-07-13T15:39:37.007832+00:00", "symbol": "ADA-USD"}, {"trade_id": 143372872, "side": "buy", "size": "31.51963000", "price": "0.73750000", "time": "2025-07-13T15:39:04.095327Z", "fetched_at": "2025-07-13T15:39:37.007832+00:00", "symbol": "ADA-USD"}, {"trade_id": 143372871, "side": "buy", "size": "897.64554004", "price": "0.73760000", "time": "2025-07-13T15:39:04.094247Z", "fetched_at": "2025-07-13T15:39:37.007832+00:00", "symbol": "ADA-USD"}, {"trade_id": 143372870, "side": "buy", "size": "1714.49679000", "price": "0.73760000", "time": "2025-07-13T15:39:04.094247Z", "fetched_at": "2025-07-13T15:39:37.007832+00:00", "symbol": "ADA-USD"}, {"trade_id": 143372869, "side": "buy", "size": "749.52859692", "price": "0.73760000", "time": "2025-07-13T15:39:04.094247Z", "fetched_at": "2025-07-13T15:39:37.007832+00:00", "symbol": "ADA-USD"}, {"trade_id": 143372868, "side": "buy", "size": "11.16110039", "price": "0.73760000", "time": "2025-07-13T15:39:04.094247Z", "fetched_at": "2025-07-13T15:39:37.007832+00:00", "symbol": "ADA-USD"}, {"trade_id": 143372867, "side": "buy", "size": "50.00000000", "price": "0.73770000", "time": "2025-07-13T15:39:04.094247Z", "fetched_at": "2025-07-13T15:39:37.007832+00:00", "symbol": "ADA-USD"}, {"trade_id": 143372866, "side": "buy", "size": "113.82941000", "price": "0.73770000", "time": "2025-07-13T15:39:04.094247Z", "fetched_at": "2025-07-13T15:39:37.007832+00:00", "symbol": "ADA-USD"}, {"trade_id": 143372865, "side": "sell", "size": "275.00859402", "price": "0.73770000", "time": "2025-07-13T15:39:03.839086Z", "fetched_at": "2025-07-13T15:39:37.007832+00:00", "symbol": "ADA-USD"}, {"trade_id": 143372864, "side": "sell", "size": "275.00859402", "price": "0.73770000", "time": "2025-07-13T15:39:03.825681Z", "fetched_at": "2025-07-13T15:39:37.007832+00:00", "symbol": "ADA-USD"}, {"trade_id": 143372863, "side": "sell", "size": "3.05185545", "price": "0.73760000", "time": "2025-07-13T15:39:03.820216Z", "fetched_at": "2025-07-13T15:39:37.007832+00:00", "symbol": "ADA-USD"}, {"trade_id": 143372862, "side": "sell", "size": "4.12107134", "price": "0.73760000", "time": "2025-07-13T15:39:03.589754Z", "fetched_at": "2025-07-13T15:39:37.007832+00:00", "symbol": "ADA-USD"}, {"trade_id": 143372861, "side": "sell", "size": "600.00000000", "price": "0.73740000", "time": "2025-07-13T15:39:03.407422Z", "fetched_at": "2025-07-13T15:39:37.007832+00:00", "symbol": "ADA-USD"}, {"trade_id": 143372860, "side": "sell", "size": "1.50000000", "price": "0.73740000", "time": "2025-07-13T15:39:03.407422Z", "fetched_at": "2025-07-13T15:39:37.007832+00:00", "symbol": "ADA-USD"}, {"trade_id": 143372859, "side": "sell", "size": "275.00859402", "price": "0.73730000", "time": "2025-07-13T15:39:03.324549Z", "fetched_at": "2025-07-13T15:39:37.007832+00:00", "symbol": "ADA-USD"}, {"trade_id": 143372858, "side": "sell", "size": "12.70658390", "price": "0.73730000", "time": "2025-07-13T15:39:03.324549Z", "fetched_at": "2025-07-13T15:39:37.007832+00:00", "symbol": "ADA-USD"}, {"trade_id": 143372857, "side": "sell", "size": "275.00859402", "price": "0.73730000", "time": "2025-07-13T15:39:03.317379Z", "fetched_at": "2025-07-13T15:39:37.007832+00:00", "symbol": "ADA-USD"}, {"trade_id": 143372856, "side": "buy", "size": "19.84195624", "price": "0.73720000", "time": "2025-07-13T15:39:03.306191Z", "fetched_at": "2025-07-13T15:39:37.007832+00:00", "symbol": "ADA-USD"}, {"trade_id": 143372855, "side": "sell", "size": "678.15340351", "price": "0.73730000", "time": "2025-07-13T15:39:03.301343Z", "fetched_at": "2025-07-13T15:39:37.007832+00:00", "symbol": "ADA-USD"}, {"trade_id": 143372854, "side": "sell", "size": "5263.18404786", "price": "0.73730000", "time": "2025-07-13T15:39:03.301343Z", "fetched_at": "2025-07-13T15:39:37.007832+00:00", "symbol": "ADA-USD"}, {"trade_id": 143372853, "side": "sell", "size": "344.88748389", "price": "0.73730000", "time": "2025-07-13T15:39:03.300125Z", "fetched_at": "2025-07-13T15:39:37.007832+00:00", "symbol": "ADA-USD"}, {"trade_id": 143372852, "side": "sell", "size": "465.89914908", "price": "0.73730000", "time": "2025-07-13T15:39:03.300125Z", "fetched_at": "2025-07-13T15:39:37.007832+00:00", "symbol": "ADA-USD"}, {"trade_id": 143372851, "side": "sell", "size": "749.52859692", "price": "0.73730000", "time": "2025-07-13T15:39:03.300125Z", "fetched_at": "2025-07-13T15:39:37.007832+00:00", "symbol": "ADA-USD"}, {"trade_id": 143372850, "side": "sell", "size": "275.00859402", "price": "0.73730000", "time": "2025-07-13T15:39:03.300125Z", "fetched_at": "2025-07-13T15:39:37.007832+00:00", "symbol": "ADA-USD"}, {"trade_id": 143372849, "side": "sell", "size": "600.00000000", "price": "0.73720000", "time": "2025-07-13T15:39:03.296704Z", "fetched_at": "2025-07-13T15:39:37.007832+00:00", "symbol": "ADA-USD"}, {"trade_id": 143372848, "side": "sell", "size": "235.23124652", "price": "0.73720000", "time": "2025-07-13T15:39:03.296704Z", "fetched_at": "2025-07-13T15:39:37.007832+00:00", "symbol": "ADA-USD"}, {"trade_id": 143372847, "side": "sell", "size": "73.99204038", "price": "0.73720000", "time": "2025-07-13T15:39:03.296704Z", "fetched_at": "2025-07-13T15:39:37.007832+00:00", "symbol": "ADA-USD"}, {"trade_id": 143372846, "side": "sell", "size": "12.70657718", "price": "0.73700000", "time": "2025-07-13T15:39:03.287994Z", "fetched_at": "2025-07-13T15:39:37.007832+00:00", "symbol": "ADA-USD"}, {"trade_id": 143372845, "side": "sell", "size": "12.70649235", "price": "0.73680000", "time": "2025-07-13T15:39:02.814282Z", "fetched_at": "2025-07-13T15:39:37.007832+00:00", "symbol": "ADA-USD"}, {"trade_id": 143372844, "side": "buy", "size": "180.40471161", "price": "0.73670000", "time": "2025-07-13T15:39:02.550502Z", "fetched_at": "2025-07-13T15:39:37.007832+00:00", "symbol": "ADA-USD"}, {"trade_id": 143372843, "side": "buy", "size": "11.91250160", "price": "0.73670000", "time": "2025-07-13T15:39:02.550502Z", "fetched_at": "2025-07-13T15:39:37.007832+00:00", "symbol": "ADA-USD"}, {"trade_id": 143372842, "side": "buy", "size": "399.93062141", "price": "0.73670000", "time": "2025-07-13T15:39:02.550502Z", "fetched_at": "2025-07-13T15:39:37.007832+00:00", "symbol": "ADA-USD"}, {"trade_id": 143372841, "side": "buy", "size": "56.83220323", "price": "0.73670000", "time": "2025-07-13T15:39:02.550502Z", "fetched_at": "2025-07-13T15:39:37.007832+00:00", "symbol": "ADA-USD"}, {"trade_id": 143372840, "side": "buy", "size": "749.52859692", "price": "0.73680000", "time": "2025-07-13T15:39:02.550502Z", "fetched_at": "2025-07-13T15:39:37.007832+00:00", "symbol": "ADA-USD"}, {"trade_id": 143372839, "side": "buy", "size": "1.50000000", "price": "0.73680000", "time": "2025-07-13T15:39:02.550502Z", "fetched_at": "2025-07-13T15:39:37.007832+00:00", "symbol": "ADA-USD"}, {"trade_id": 143372838, "side": "buy", "size": "0.00464371", "price": "0.73680000", "time": "2025-07-13T15:39:02.550502Z", "fetched_at": "2025-07-13T15:39:37.007832+00:00", "symbol": "ADA-USD"}, {"trade_id": 143372837, "side": "buy", "size": "1732.36190000", "price": "0.73680000", "time": "2025-07-13T15:39:02.550502Z", "fetched_at": "2025-07-13T15:39:37.007832+00:00", "symbol": "ADA-USD"}, {"trade_id": 143372836, "side": "buy", "size": "86.05853276", "price": "0.73680000", "time": "2025-07-13T15:39:02.550502Z", "fetched_at": "2025-07-13T15:39:37.007832+00:00", "symbol": "ADA-USD"}, {"trade_id": 143372835, "side": "buy", "size": "0.00641649", "price": "0.73680000", "time": "2025-07-13T15:39:02.550502Z", "fetched_at": "2025-07-13T15:39:37.007832+00:00", "symbol": "ADA-USD"}, {"trade_id": 143372834, "side": "buy", "size": "1710.59369000", "price": "0.73690000", "time": "2025-07-13T15:39:02.550502Z", "fetched_at": "2025-07-13T15:39:37.007832+00:00", "symbol": "ADA-USD"}, {"trade_id": 143372833, "side": "buy", "size": "1712.81200000", "price": "0.73690000", "time": "2025-07-13T15:39:02.550502Z", "fetched_at": "2025-07-13T15:39:37.007832+00:00", "symbol": "ADA-USD"}, {"trade_id": 143372832, "side": "buy", "size": "4378.79982848", "price": "0.73690000", "time": "2025-07-13T15:39:02.550502Z", "fetched_at": "2025-07-13T15:39:37.007832+00:00", "symbol": "ADA-USD"}, {"trade_id": 143372831, "side": "buy", "size": "749.52859692", "price": "0.73690000", "time": "2025-07-13T15:39:02.550502Z", "fetched_at": "2025-07-13T15:39:37.007832+00:00", "symbol": "ADA-USD"}, {"trade_id": 143372830, "side": "buy", "size": "1732.27911000", "price": "0.73690000", "time": "2025-07-13T15:39:02.550502Z", "fetched_at": "2025-07-13T15:39:37.007832+00:00", "symbol": "ADA-USD"}, {"trade_id": 143372829, "side": "buy", "size": "0.00692068", "price": "0.73690000", "time": "2025-07-13T15:39:02.550502Z", "fetched_at": "2025-07-13T15:39:37.007832+00:00", "symbol": "ADA-USD"}, {"trade_id": 143372828, "side": "buy", "size": "34.27846780", "price": "0.73690000", "time": "2025-07-13T15:39:02.550502Z", "fetched_at": "2025-07-13T15:39:37.007832+00:00", "symbol": "ADA-USD"}, {"trade_id": 143372827, "side": "buy", "size": "16.28443480", "price": "0.73690000", "time": "2025-07-13T15:39:02.550502Z", "fetched_at": "2025-07-13T15:39:37.007832+00:00", "symbol": "ADA-USD"}, {"trade_id": 143372826, "side": "buy", "size": "2280.53310243", "price": "0.73700000", "time": "2025-07-13T15:39:02.550502Z", "fetched_at": "2025-07-13T15:39:37.007832+00:00", "symbol": "ADA-USD"}, {"trade_id": 143372825, "side": "buy", "size": "271.34372116", "price": "0.73700000", "time": "2025-07-13T15:39:02.550502Z", "fetched_at": "2025-07-13T15:39:37.007832+00:00", "symbol": "ADA-USD"}, {"trade_id": 143372824, "side": "buy", "size": "478.18487576", "price": "0.73700000", "time": "2025-07-13T15:39:02.550502Z", "fetched_at": "2025-07-13T15:39:37.007832+00:00", "symbol": "ADA-USD"}, {"trade_id": 143372823, "side": "buy", "size": "1.50000000", "price": "0.73700000", "time": "2025-07-13T15:39:02.550502Z", "fetched_at": "2025-07-13T15:39:37.007832+00:00", "symbol": "ADA-USD"}, {"trade_id": 143372822, "side": "buy", "size": "59.83717775", "price": "0.73700000", "time": "2025-07-13T15:39:02.550502Z", "fetched_at": "2025-07-13T15:39:37.007832+00:00", "symbol": "ADA-USD"}, {"trade_id": 143372821, "side": "buy", "size": "84.08140934", "price": "0.73700000", "time": "2025-07-13T15:39:02.550502Z", "fetched_at": "2025-07-13T15:39:37.007832+00:00", "symbol": "ADA-USD"}, {"trade_id": 143372820, "side": "buy", "size": "0.01304583", "price": "0.73710000", "time": "2025-07-13T15:39:02.550502Z", "fetched_at": "2025-07-13T15:39:37.007832+00:00", "symbol": "ADA-USD"}, {"trade_id": 143372819, "side": "buy", "size": "0.00290508", "price": "0.73710000", "time": "2025-07-13T15:39:02.550502Z", "fetched_at": "2025-07-13T15:39:37.007832+00:00", "symbol": "ADA-USD"}, {"trade_id": 143372818, "side": "buy", "size": "0.00460216", "price": "0.73710000", "time": "2025-07-13T15:39:02.550502Z", "fetched_at": "2025-07-13T15:39:37.007832+00:00", "symbol": "ADA-USD"}, {"trade_id": 143372817, "side": "sell", "size": "12.70649235", "price": "0.73730000", "time": "2025-07-13T15:39:02.464401Z", "fetched_at": "2025-07-13T15:39:37.007832+00:00", "symbol": "ADA-USD"}, {"trade_id": 143372816, "side": "buy", "size": "538.63933842", "price": "0.73720000", "time": "2025-07-13T15:39:02.416639Z", "fetched_at": "2025-07-13T15:39:37.007832+00:00", "symbol": "ADA-USD"}, {"trade_id": 143372815, "side": "buy", "size": "1.50000000", "price": "0.73720000", "time": "2025-07-13T15:39:02.416639Z", "fetched_at": "2025-07-13T15:39:37.007832+00:00", "symbol": "ADA-USD"}, {"trade_id": 143372814, "side": "buy", "size": "0.01277631", "price": "0.73720000", "time": "2025-07-13T15:39:02.416639Z", "fetched_at": "2025-07-13T15:39:37.007832+00:00", "symbol": "ADA-USD"}, {"trade_id": 143372813, "side": "buy", "size": "0.00258061", "price": "0.73720000", "time": "2025-07-13T15:39:02.416639Z", "fetched_at": "2025-07-13T15:39:37.007832+00:00", "symbol": "ADA-USD"}, {"trade_id": 143372812, "side": "buy", "size": "0.02979422", "price": "0.73720000", "time": "2025-07-13T15:39:02.416639Z", "fetched_at": "2025-07-13T15:39:37.007832+00:00", "symbol": "ADA-USD"}, {"trade_id": 143372811, "side": "buy", "size": "71.17162451", "price": "0.73720000", "time": "2025-07-13T15:39:02.416639Z", "fetched_at": "2025-07-13T15:39:37.007832+00:00", "symbol": "ADA-USD"}, {"trade_id": 143372810, "side": "buy", "size": "0.08827009", "price": "0.73720000", "time": "2025-07-13T15:39:02.416639Z", "fetched_at": "2025-07-13T15:39:37.007832+00:00", "symbol": "ADA-USD"}, {"trade_id": 143372809, "side": "buy", "size": "32.55561584", "price": "0.73720000", "time": "2025-07-13T15:39:02.416639Z", "fetched_at": "2025-07-13T15:39:37.007832+00:00", "symbol": "ADA-USD"}, {"trade_id": 143372808, "side": "buy", "size": "770.41549390", "price": "0.73730000", "time": "2025-07-13T15:39:02.409454Z", "fetched_at": "2025-07-13T15:39:37.007832+00:00", "symbol": "ADA-USD"}, {"trade_id": 143372807, "side": "buy", "size": "1.50000000", "price": "0.73730000", "time": "2025-07-13T15:39:02.409454Z", "fetched_at": "2025-07-13T15:39:37.007832+00:00", "symbol": "ADA-USD"}, {"trade_id": 143372806, "side": "buy", "size": "0.02112135", "price": "0.73730000", "time": "2025-07-13T15:39:02.409454Z", "fetched_at": "2025-07-13T15:39:37.007832+00:00", "symbol": "ADA-USD"}, {"trade_id": 143372805, "side": "buy", "size": "0.01371980", "price": "0.73730000", "time": "2025-07-13T15:39:02.409454Z", "fetched_at": "2025-07-13T15:39:37.007832+00:00", "symbol": "ADA-USD"}, {"trade_id": 143372804, "side": "buy", "size": "53.39875511", "price": "0.73730000", "time": "2025-07-13T15:39:02.409454Z", "fetched_at": "2025-07-13T15:39:37.007832+00:00", "symbol": "ADA-USD"}, {"trade_id": 143372803, "side": "buy", "size": "0.63322810", "price": "0.73730000", "time": "2025-07-13T15:39:02.409454Z", "fetched_at": "2025-07-13T15:39:37.007832+00:00", "symbol": "ADA-USD"}, {"trade_id": 143372802, "side": "buy", "size": "643.05432707", "price": "0.73740000", "time": "2025-07-13T15:39:02.279600Z", "fetched_at": "2025-07-13T15:39:37.007832+00:00", "symbol": "ADA-USD"}, {"trade_id": 143372801, "side": "buy", "size": "1.50000000", "price": "0.73740000", "time": "2025-07-13T15:39:02.279600Z", "fetched_at": "2025-07-13T15:39:37.007832+00:00", "symbol": "ADA-USD"}, {"trade_id": 143372800, "side": "buy", "size": "0.05468101", "price": "0.73740000", "time": "2025-07-13T15:39:02.279600Z", "fetched_at": "2025-07-13T15:39:37.007832+00:00", "symbol": "ADA-USD"}, {"trade_id": 143372799, "side": "buy", "size": "0.02556348", "price": "0.73740000", "time": "2025-07-13T15:39:02.279600Z", "fetched_at": "2025-07-13T15:39:37.007832+00:00", "symbol": "ADA-USD"}, {"trade_id": 143372798, "side": "buy", "size": "0.00677564", "price": "0.73740000", "time": "2025-07-13T15:39:02.279600Z", "fetched_at": "2025-07-13T15:39:37.007832+00:00", "symbol": "ADA-USD"}, {"trade_id": 143372797, "side": "buy", "size": "672.06443247", "price": "0.73750000", "time": "2025-07-13T15:39:02.072293Z", "fetched_at": "2025-07-13T15:39:37.007832+00:00", "symbol": "ADA-USD"}, {"trade_id": 143372796, "side": "buy", "size": "0.01170735", "price": "0.73750000", "time": "2025-07-13T15:39:02.072293Z", "fetched_at": "2025-07-13T15:39:37.007832+00:00", "symbol": "ADA-USD"}, {"trade_id": 143372795, "side": "buy", "size": "0.04367543", "price": "0.73750000", "time": "2025-07-13T15:39:02.072293Z", "fetched_at": "2025-07-13T15:39:37.007832+00:00", "symbol": "ADA-USD"}, {"trade_id": 143372794, "side": "buy", "size": "0.02432064", "price": "0.73750000", "time": "2025-07-13T15:39:02.072293Z", "fetched_at": "2025-07-13T15:39:37.007832+00:00", "symbol": "ADA-USD"}, {"trade_id": 143372793, "side": "buy", "size": "22.00000000", "price": "0.73750000", "time": "2025-07-13T15:39:02.072293Z", "fetched_at": "2025-07-13T15:39:37.007832+00:00", "symbol": "ADA-USD"}, {"trade_id": 143372792, "side": "buy", "size": "0.02470793", "price": "0.73750000", "time": "2025-07-13T15:39:02.072293Z", "fetched_at": "2025-07-13T15:39:37.007832+00:00", "symbol": "ADA-USD"}, {"trade_id": 143372791, "side": "buy", "size": "0.63528257", "price": "0.73750000", "time": "2025-07-13T15:39:02.072293Z", "fetched_at": "2025-07-13T15:39:37.007832+00:00", "symbol": "ADA-USD"}, {"trade_id": 143372790, "side": "buy", "size": "729.91181175", "price": "0.73770000", "time": "2025-07-13T15:39:01.747867Z", "fetched_at": "2025-07-13T15:39:37.007832+00:00", "symbol": "ADA-USD"}, {"trade_id": 143372789, "side": "sell", "size": "12.69702990", "price": "0.73770000", "time": "2025-07-13T15:39:01.615513Z", "fetched_at": "2025-07-13T15:39:37.007832+00:00", "symbol": "ADA-USD"}, {"trade_id": 143372788, "side": "sell", "size": "600.00000000", "price": "0.73770000", "time": "2025-07-13T15:39:01.615513Z", "fetched_at": "2025-07-13T15:39:37.007832+00:00", "symbol": "ADA-USD"}, {"trade_id": 143372787, "side": "sell", "size": "6363.15864326", "price": "0.73760000", "time": "2025-07-13T15:39:00.943825Z", "fetched_at": "2025-07-13T15:39:37.007832+00:00", "symbol": "ADA-USD"}, {"trade_id": 143372786, "side": "buy", "size": "50.00000000", "price": "0.73760000", "time": "2025-07-13T15:39:00.935520Z", "fetched_at": "2025-07-13T15:39:37.007832+00:00", "symbol": "ADA-USD"}, {"trade_id": 143372785, "side": "buy", "size": "792.69063899", "price": "0.73760000", "time": "2025-07-13T15:39:00.935520Z", "fetched_at": "2025-07-13T15:39:37.007832+00:00", "symbol": "ADA-USD"}, {"trade_id": 143372784, "side": "buy", "size": "3.03493104", "price": "0.73760000", "time": "2025-07-13T15:39:00.935520Z", "fetched_at": "2025-07-13T15:39:37.007832+00:00", "symbol": "ADA-USD"}, {"trade_id": 143372783, "side": "buy", "size": "630.61578671", "price": "0.73760000", "time": "2025-07-13T15:39:00.935520Z", "fetched_at": "2025-07-13T15:39:37.007832+00:00", "symbol": "ADA-USD"}, {"trade_id": 143372782, "side": "buy", "size": "1.50000000", "price": "0.73760000", "time": "2025-07-13T15:39:00.935520Z", "fetched_at": "2025-07-13T15:39:37.007832+00:00", "symbol": "ADA-USD"}, {"trade_id": 143372781, "side": "buy", "size": "12.70554670", "price": "0.73770000", "time": "2025-07-13T15:39:00.697035Z", "fetched_at": "2025-07-13T15:39:37.007832+00:00", "symbol": "ADA-USD"}, {"trade_id": 143372780, "side": "buy", "size": "749.52859692", "price": "0.73770000", "time": "2025-07-13T15:39:00.674542Z", "fetched_at": "2025-07-13T15:39:37.007832+00:00", "symbol": "ADA-USD"}, {"trade_id": 143372779, "side": "buy", "size": "1.50000000", "price": "0.73770000", "time": "2025-07-13T15:39:00.674542Z", "fetched_at": "2025-07-13T15:39:37.007832+00:00", "symbol": "ADA-USD"}, {"trade_id": 143372778, "side": "buy", "size": "12.70382461", "price": "0.73780000", "time": "2025-07-13T15:39:00.669364Z", "fetched_at": "2025-07-13T15:39:37.007832+00:00", "symbol": "ADA-USD"}, {"trade_id": 143372777, "side": "buy", "size": "12.70382461", "price": "0.73780000", "time": "2025-07-13T15:39:00.653632Z", "fetched_at": "2025-07-13T15:39:37.007832+00:00", "symbol": "ADA-USD"}, {"trade_id": 143372776, "side": "buy", "size": "183.80567802", "price": "0.73780000", "time": "2025-07-13T15:39:00.635119Z", "fetched_at": "2025-07-13T15:39:37.007832+00:00", "symbol": "ADA-USD"}, {"trade_id": 143372775, "side": "buy", "size": "1.50000000", "price": "0.73780000", "time": "2025-07-13T15:39:00.635119Z", "fetched_at": "2025-07-13T15:39:37.007832+00:00", "symbol": "ADA-USD"}, {"trade_id": 143372774, "side": "buy", "size": "704.74710708", "price": "0.73780000", "time": "2025-07-13T15:39:00.635119Z", "fetched_at": "2025-07-13T15:39:37.007832+00:00", "symbol": "ADA-USD"}, {"trade_id": 143372773, "side": "buy", "size": "749.52859692", "price": "0.73780000", "time": "2025-07-13T15:39:00.635119Z", "fetched_at": "2025-07-13T15:39:37.007832+00:00", "symbol": "ADA-USD"}, {"trade_id": 143372772, "side": "buy", "size": "12.70210299", "price": "0.73790000", "time": "2025-07-13T15:39:00.597639Z", "fetched_at": "2025-07-13T15:39:37.007832+00:00", "symbol": "ADA-USD"}, {"trade_id": 143372771, "side": "buy", "size": "12.70210299", "price": "0.73790000", "time": "2025-07-13T15:39:00.587413Z", "fetched_at": "2025-07-13T15:39:37.007832+00:00", "symbol": "ADA-USD"}, {"trade_id": 143372770, "side": "sell", "size": "26.30085300", "price": "0.73810000", "time": "2025-07-13T15:39:00.506823Z", "fetched_at": "2025-07-13T15:39:37.007832+00:00", "symbol": "ADA-USD"}, {"trade_id": 143372769, "side": "buy", "size": "78.14680551", "price": "0.73800000", "time": "2025-07-13T15:39:00.345739Z", "fetched_at": "2025-07-13T15:39:37.007832+00:00", "symbol": "ADA-USD"}, {"trade_id": 143372768, "side": "buy", "size": "725.05319449", "price": "0.73800000", "time": "2025-07-13T15:39:00.334371Z", "fetched_at": "2025-07-13T15:39:37.007832+00:00", "symbol": "ADA-USD"}, {"trade_id": 143372767, "side": "sell", "size": "70.86167000", "price": "0.73810000", "time": "2025-07-13T15:39:00.318120Z", "fetched_at": "2025-07-13T15:39:37.007832+00:00", "symbol": "ADA-USD"}, {"trade_id": 143372766, "side": "buy", "size": "1.79192820", "price": "0.73810000", "time": "2025-07-13T15:39:00.283186Z", "fetched_at": "2025-07-13T15:39:37.007832+00:00", "symbol": "ADA-USD"}, {"trade_id": 143372765, "side": "buy", "size": "2.38923759", "price": "0.73810000", "time": "2025-07-13T15:39:00.272004Z", "fetched_at": "2025-07-13T15:39:37.007832+00:00", "symbol": "ADA-USD"}, {"trade_id": 143372764, "side": "buy", "size": "113.82941000", "price": "0.73810000", "time": "2025-07-13T15:39:00.256785Z", "fetched_at": "2025-07-13T15:39:37.007832+00:00", "symbol": "ADA-USD"}, {"trade_id": 143372763, "side": "buy", "size": "2.94060012", "price": "0.73810000", "time": "2025-07-13T15:39:00.256785Z", "fetched_at": "2025-07-13T15:39:37.007832+00:00", "symbol": "ADA-USD"}, {"trade_id": 143372762, "side": "buy", "size": "159.46998000", "price": "0.73830000", "time": "2025-07-13T15:39:00.084906Z", "fetched_at": "2025-07-13T15:39:37.007832+00:00", "symbol": "ADA-USD"}, {"trade_id": 143372761, "side": "buy", "size": "170.74412000", "price": "0.73830000", "time": "2025-07-13T15:39:00.067994Z", "fetched_at": "2025-07-13T15:39:37.007832+00:00", "symbol": "ADA-USD"}, {"trade_id": 143372760, "side": "buy", "size": "3.18565012", "price": "0.73830000", "time": "2025-07-13T15:39:00.010366Z", "fetched_at": "2025-07-13T15:39:37.007832+00:00", "symbol": "ADA-USD"}, {"trade_id": 143372759, "side": "sell", "size": "7.91354685", "price": "0.73820000", "time": "2025-07-13T15:38:59.911754Z", "fetched_at": "2025-07-13T15:39:37.007832+00:00", "symbol": "ADA-USD"}, {"trade_id": 143372758, "side": "buy", "size": "753.86227752", "price": "0.73820000", "time": "2025-07-13T15:38:59.702738Z", "fetched_at": "2025-07-13T15:39:37.007832+00:00", "symbol": "ADA-USD"}, {"trade_id": 143372757, "side": "sell", "size": "12.70466485", "price": "0.73800000", "time": "2025-07-13T15:38:59.497338Z", "fetched_at": "2025-07-13T15:39:37.007832+00:00", "symbol": "ADA-USD"}, {"trade_id": 143372756, "side": "buy", "size": "5.22773354", "price": "0.73790000", "time": "2025-07-13T15:38:59.008396Z", "fetched_at": "2025-07-13T15:39:37.007832+00:00", "symbol": "ADA-USD"}, {"trade_id": 143372755, "side": "buy", "size": "6.97031139", "price": "0.73790000", "time": "2025-07-13T15:38:58.998463Z", "fetched_at": "2025-07-13T15:39:37.007832+00:00", "symbol": "ADA-USD"}, {"trade_id": 143372754, "side": "buy", "size": "9.29374851", "price": "0.73790000", "time": "2025-07-13T15:38:58.975161Z", "fetched_at": "2025-07-13T15:39:37.007832+00:00", "symbol": "ADA-USD"}, {"trade_id": 143372753, "side": "buy", "size": "12.39166468", "price": "0.73800000", "time": "2025-07-13T15:38:58.940642Z", "fetched_at": "2025-07-13T15:39:37.007832+00:00", "symbol": "ADA-USD"}, {"trade_id": 143372752, "side": "sell", "size": "12.70466485", "price": "0.73800000", "time": "2025-07-13T15:38:58.928936Z", "fetched_at": "2025-07-13T15:39:37.007832+00:00", "symbol": "ADA-USD"}, {"trade_id": 143372751, "side": "buy", "size": "15.25127961", "price": "0.73800000", "time": "2025-07-13T15:38:58.920927Z", "fetched_at": "2025-07-13T15:39:37.007832+00:00", "symbol": "ADA-USD"}, {"trade_id": 143372750, "side": "buy", "size": "5.08375987", "price": "0.73810000", "time": "2025-07-13T15:38:58.858852Z", "fetched_at": "2025-07-13T15:39:37.007832+00:00", "symbol": "ADA-USD"}, {"trade_id": 143372749, "side": "buy", "size": "11.43845971", "price": "0.73810000", "time": "2025-07-13T15:38:58.858852Z", "fetched_at": "2025-07-13T15:39:37.007832+00:00", "symbol": "ADA-USD"}, {"trade_id": 143372748, "side": "sell", "size": "12.70466394", "price": "0.73800000", "time": "2025-07-13T15:38:58.556133Z", "fetched_at": "2025-07-13T15:39:37.007832+00:00", "symbol": "ADA-USD"}, {"trade_id": 143372747, "side": "sell", "size": "0.00000402", "price": "0.73790000", "time": "2025-07-13T15:38:58.468219Z", "fetched_at": "2025-07-13T15:39:37.007832+00:00", "symbol": "ADA-USD"}, {"trade_id": 143372746, "side": "sell", "size": "204.14692000", "price": "0.73790000", "time": "2025-07-13T15:38:58.467819Z", "fetched_at": "2025-07-13T15:39:37.007832+00:00", "symbol": "ADA-USD"}, {"trade_id": 143372745, "side": "sell", "size": "1956.00000000", "price": "0.73780000", "time": "2025-07-13T15:38:58.461518Z", "fetched_at": "2025-07-13T15:39:37.007832+00:00", "symbol": "ADA-USD"}, {"trade_id": 143372744, "side": "sell", "size": "12.69444743", "price": "0.73780000", "time": "2025-07-13T15:38:58.461518Z", "fetched_at": "2025-07-13T15:39:37.007832+00:00", "symbol": "ADA-USD"}, {"trade_id": 143372743, "side": "buy", "size": "27.11338597", "price": "0.73780000", "time": "2025-07-13T15:38:57.830922Z", "fetched_at": "2025-07-13T15:39:37.007832+00:00", "symbol": "ADA-USD"}, {"trade_id": 143372742, "side": "buy", "size": "64.32644600", "price": "0.73780000", "time": "2025-07-13T15:38:57.785227Z", "fetched_at": "2025-07-13T15:39:37.007832+00:00", "symbol": "ADA-USD"}, {"trade_id": 143372741, "side": "buy", "size": "1.50000000", "price": "0.73780000", "time": "2025-07-13T15:38:57.785227Z", "fetched_at": "2025-07-13T15:39:37.007832+00:00", "symbol": "ADA-USD"}, {"trade_id": 143372740, "side": "buy", "size": "310.50000000", "price": "0.73780000", "time": "2025-07-13T15:38:57.785227Z", "fetched_at": "2025-07-13T15:39:37.007832+00:00", "symbol": "ADA-USD"}, {"trade_id": 143372739, "side": "sell", "size": "70.86167000", "price": "0.73790000", "time": "2025-07-13T15:38:57.596028Z", "fetched_at": "2025-07-13T15:39:37.007832+00:00", "symbol": "ADA-USD"}, {"trade_id": 143372738, "side": "buy", "size": "1.50000000", "price": "0.73790000", "time": "2025-07-13T15:38:57.589359Z", "fetched_at": "2025-07-13T15:39:37.007832+00:00", "symbol": "ADA-USD"}, {"trade_id": 143372737, "side": "buy", "size": "0.15886246", "price": "0.73800000", "time": "2025-07-13T15:38:57.563124Z", "fetched_at": "2025-07-13T15:39:37.007832+00:00", "symbol": "ADA-USD"}, {"trade_id": 143372736, "side": "buy", "size": "1.50000000", "price": "0.73800000", "time": "2025-07-13T15:38:57.563124Z", "fetched_at": "2025-07-13T15:39:37.007832+00:00", "symbol": "ADA-USD"}, {"trade_id": 143372735, "side": "sell", "size": "182.66682758", "price": "0.73810000", "time": "2025-07-13T15:38:57.242262Z", "fetched_at": "2025-07-13T15:39:37.007832+00:00", "symbol": "ADA-USD"}, {"trade_id": 143372734, "side": "sell", "size": "50.00000000", "price": "0.73810000", "time": "2025-07-13T15:38:57.242262Z", "fetched_at": "2025-07-13T15:39:37.007832+00:00", "symbol": "ADA-USD"}, {"trade_id": 143372733, "side": "sell", "size": "12.69095404", "price": "0.73810000", "time": "2025-07-13T15:38:57.242262Z", "fetched_at": "2025-07-13T15:39:37.007832+00:00", "symbol": "ADA-USD"}, {"trade_id": 143372732, "side": "sell", "size": "275.00859402", "price": "0.73810000", "time": "2025-07-13T15:38:57.242262Z", "fetched_at": "2025-07-13T15:39:37.007832+00:00", "symbol": "ADA-USD"}, {"trade_id": 143372731, "side": "buy", "size": "39.73469008", "price": "0.73810000", "time": "2025-07-13T15:38:57.090934Z", "fetched_at": "2025-07-13T15:39:37.007832+00:00", "symbol": "ADA-USD"}, {"trade_id": 143372730, "side": "buy", "size": "713.96224992", "price": "0.73810000", "time": "2025-07-13T15:38:57.079252Z", "fetched_at": "2025-07-13T15:39:37.007832+00:00", "symbol": "ADA-USD"}, {"trade_id": 143372729, "side": "buy", "size": "49.50306000", "price": "0.73810000", "time": "2025-07-13T15:38:56.822609Z", "fetched_at": "2025-07-13T15:39:37.007832+00:00", "symbol": "ADA-USD"}, {"trade_id": 143372728, "side": "buy", "size": "1.50000000", "price": "0.73810000", "time": "2025-07-13T15:38:56.822609Z", "fetched_at": "2025-07-13T15:39:37.007832+00:00", "symbol": "ADA-USD"}, {"trade_id": 143372727, "side": "buy", "size": "1.50000000", "price": "0.73820000", "time": "2025-07-13T15:38:56.818689Z", "fetched_at": "2025-07-13T15:39:37.007832+00:00", "symbol": "ADA-USD"}, {"trade_id": 143372726, "side": "buy", "size": "0.04304411", "price": "0.73830000", "time": "2025-07-13T15:38:56.701227Z", "fetched_at": "2025-07-13T15:39:37.007832+00:00", "symbol": "ADA-USD"}, {"trade_id": 143372725, "side": "buy", "size": "1.50000000", "price": "0.73830000", "time": "2025-07-13T15:38:56.701227Z", "fetched_at": "2025-07-13T15:39:37.007832+00:00", "symbol": "ADA-USD"}, {"trade_id": 143372724, "side": "buy", "size": "1.50000000", "price": "0.73840000", "time": "2025-07-13T15:38:56.140010Z", "fetched_at": "2025-07-13T15:39:37.007832+00:00", "symbol": "ADA-USD"}, {"trade_id": 143372723, "side": "sell", "size": "2.42906300", "price": "0.73870000", "time": "2025-07-13T15:38:55.494551Z", "fetched_at": "2025-07-13T15:39:37.007832+00:00", "symbol": "ADA-USD"}, {"trade_id": 143372722, "side": "sell", "size": "10.64293000", "price": "0.73860000", "time": "2025-07-13T15:38:55.081351Z", "fetched_at": "2025-07-13T15:39:37.007832+00:00", "symbol": "ADA-USD"}, {"trade_id": 143372721, "side": "buy", "size": "653.63034712", "price": "0.73860000", "time": "2025-07-13T15:38:54.723508Z", "fetched_at": "2025-07-13T15:39:37.007832+00:00", "symbol": "ADA-USD"}, {"trade_id": 143372720, "side": "buy", "size": "1.50000000", "price": "0.73860000", "time": "2025-07-13T15:38:53.832519Z", "fetched_at": "2025-07-13T15:39:37.007832+00:00", "symbol": "ADA-USD"}, {"trade_id": 143372719, "side": "buy", "size": "5185.10000000", "price": "0.73860000", "time": "2025-07-13T15:38:53.832519Z", "fetched_at": "2025-07-13T15:39:37.007832+00:00", "symbol": "ADA-USD"}, {"trade_id": 143372718, "side": "buy", "size": "749.52859692", "price": "0.73860000", "time": "2025-07-13T15:38:53.832519Z", "fetched_at": "2025-07-13T15:39:37.007832+00:00", "symbol": "ADA-USD"}, {"trade_id": 143372717, "side": "buy", "size": "106.31332000", "price": "0.73870000", "time": "2025-07-13T15:38:53.336556Z", "fetched_at": "2025-07-13T15:39:37.007832+00:00", "symbol": "ADA-USD"}, {"trade_id": 143372716, "side": "sell", "size": "50.00000000", "price": "0.73890000", "time": "2025-07-13T15:38:52.972649Z", "fetched_at": "2025-07-13T15:39:37.007832+00:00", "symbol": "ADA-USD"}, {"trade_id": 143372715, "side": "sell", "size": "1.50000000", "price": "0.73890000", "time": "2025-07-13T15:38:52.972649Z", "fetched_at": "2025-07-13T15:39:37.007832+00:00", "symbol": "ADA-USD"}, {"trade_id": 143372714, "side": "sell", "size": "275.00859402", "price": "0.73890000", "time": "2025-07-13T15:38:52.972649Z", "fetched_at": "2025-07-13T15:39:37.007832+00:00", "symbol": "ADA-USD"}, {"trade_id": 143372713, "side": "sell", "size": "12.68935084", "price": "0.73880000", "time": "2025-07-13T15:38:52.972649Z", "fetched_at": "2025-07-13T15:39:37.007832+00:00", "symbol": "ADA-USD"}, {"trade_id": 143372712, "side": "buy", "size": "113.82941000", "price": "0.73860000", "time": "2025-07-13T15:38:51.260265Z", "fetched_at": "2025-07-13T15:39:37.007832+00:00", "symbol": "ADA-USD"}, {"trade_id": 143372711, "side": "buy", "size": "106.31332000", "price": "0.73860000", "time": "2025-07-13T15:38:51.260265Z", "fetched_at": "2025-07-13T15:39:37.007832+00:00", "symbol": "ADA-USD"}, {"trade_id": 143372710, "side": "buy", "size": "0.15873341", "price": "0.73860000", "time": "2025-07-13T15:38:51.260265Z", "fetched_at": "2025-07-13T15:39:37.007832+00:00", "symbol": "ADA-USD"}, {"trade_id": 143372709, "side": "sell", "size": "275.00859402", "price": "0.73850000", "time": "2025-07-13T15:38:49.215053Z", "fetched_at": "2025-07-13T15:39:37.007832+00:00", "symbol": "ADA-USD"}, {"trade_id": 143372708, "side": "buy", "size": "12.69006471", "price": "0.73860000", "time": "2025-07-13T15:38:48.384633Z", "fetched_at": "2025-07-13T15:39:37.007832+00:00", "symbol": "ADA-USD"}, {"trade_id": 143372707, "side": "buy", "size": "12.69006471", "price": "0.73860000", "time": "2025-07-13T15:38:48.349003Z", "fetched_at": "2025-07-13T15:39:37.007832+00:00", "symbol": "ADA-USD"}, {"trade_id": 143372706, "side": "buy", "size": "12.69006471", "price": "0.73860000", "time": "2025-07-13T15:38:48.334755Z", "fetched_at": "2025-07-13T15:39:37.007832+00:00", "symbol": "ADA-USD"}, {"trade_id": 143372705, "side": "buy", "size": "12.69006471", "price": "0.73860000", "time": "2025-07-13T15:38:48.321247Z", "fetched_at": "2025-07-13T15:39:37.007832+00:00", "symbol": "ADA-USD"}, {"trade_id": 143372704, "side": "buy", "size": "12.69006471", "price": "0.73860000", "time": "2025-07-13T15:38:48.310431Z", "fetched_at": "2025-07-13T15:39:37.007832+00:00", "symbol": "ADA-USD"}, {"trade_id": 143372703, "side": "buy", "size": "12.69006471", "price": "0.73860000", "time": "2025-07-13T15:38:48.299109Z", "fetched_at": "2025-07-13T15:39:37.007832+00:00", "symbol": "ADA-USD"}, {"trade_id": 143372702, "side": "buy", "size": "12.69006471", "price": "0.73860000", "time": "2025-07-13T15:38:48.274346Z", "fetched_at": "2025-07-13T15:39:37.007832+00:00", "symbol": "ADA-USD"}, {"trade_id": 143372701, "side": "buy", "size": "12.68834682", "price": "0.73870000", "time": "2025-07-13T15:38:48.194021Z", "fetched_at": "2025-07-13T15:39:37.007832+00:00", "symbol": "ADA-USD"}, {"trade_id": 143372700, "side": "sell", "size": "1.50000000", "price": "0.73860000", "time": "2025-07-13T15:38:47.897945Z", "fetched_at": "2025-07-13T15:39:37.007832+00:00", "symbol": "ADA-USD"}, {"trade_id": 143372699, "side": "sell", "size": "1.50000000", "price": "0.73840000", "time": "2025-07-13T15:38:47.678254Z", "fetched_at": "2025-07-13T15:39:37.007832+00:00", "symbol": "ADA-USD"}, {"trade_id": 143372698, "side": "sell", "size": "275.00859402", "price": "0.73830000", "time": "2025-07-13T15:38:47.628767Z", "fetched_at": "2025-07-13T15:39:37.007832+00:00", "symbol": "ADA-USD"}, {"trade_id": 143372697, "side": "buy", "size": "3.11093163", "price": "0.73810000", "time": "2025-07-13T15:38:47.288455Z", "fetched_at": "2025-07-13T15:39:37.007832+00:00", "symbol": "ADA-USD"}, {"trade_id": 143372696, "side": "buy", "size": "25.02774090", "price": "0.73810000", "time": "2025-07-13T15:38:47.288455Z", "fetched_at": "2025-07-13T15:39:37.007832+00:00", "symbol": "ADA-USD"}, {"trade_id": 143372695, "side": "buy", "size": "310.50000000", "price": "0.73820000", "time": "2025-07-13T15:38:47.288455Z", "fetched_at": "2025-07-13T15:39:37.007832+00:00", "symbol": "ADA-USD"}, {"trade_id": 143372694, "side": "sell", "size": "1.50000000", "price": "0.73820000", "time": "2025-07-13T15:38:46.963659Z", "fetched_at": "2025-07-13T15:39:37.007832+00:00", "symbol": "ADA-USD"}, {"trade_id": 143372693, "side": "sell", "size": "308.00406582", "price": "0.73810000", "time": "2025-07-13T15:38:46.662986Z", "fetched_at": "2025-07-13T15:39:37.007832+00:00", "symbol": "ADA-USD"}, {"trade_id": 143372692, "side": "buy", "size": "310.50000000", "price": "0.73790000", "time": "2025-07-13T15:38:46.512789Z", "fetched_at": "2025-07-13T15:39:37.007832+00:00", "symbol": "ADA-USD"}, {"trade_id": 143372691, "side": "buy", "size": "310.50000000", "price": "0.73800000", "time": "2025-07-13T15:38:46.501663Z", "fetched_at": "2025-07-13T15:39:37.007832+00:00", "symbol": "ADA-USD"}, {"trade_id": 143372690, "side": "buy", "size": "106.31332000", "price": "0.73800000", "time": "2025-07-13T15:38:46.501663Z", "fetched_at": "2025-07-13T15:39:37.007832+00:00", "symbol": "ADA-USD"}, {"trade_id": 143372689, "side": "buy", "size": "50.00000000", "price": "0.73800000", "time": "2025-07-13T15:38:46.501663Z", "fetched_at": "2025-07-13T15:39:37.007832+00:00", "symbol": "ADA-USD"}, {"trade_id": 143372688, "side": "buy", "size": "51.00306000", "price": "0.73800000", "time": "2025-07-13T15:38:46.501663Z", "fetched_at": "2025-07-13T15:39:37.007832+00:00", "symbol": "ADA-USD"}, {"trade_id": 143372687, "side": "buy", "size": "51.00306000", "price": "0.73800000", "time": "2025-07-13T15:38:46.404023Z", "fetched_at": "2025-07-13T15:39:37.007832+00:00", "symbol": "ADA-USD"}, {"trade_id": 143372686, "side": "buy", "size": "106.31332000", "price": "0.73800000", "time": "2025-07-13T15:38:46.404023Z", "fetched_at": "2025-07-13T15:39:37.007832+00:00", "symbol": "ADA-USD"}, {"trade_id": 143372685, "side": "buy", "size": "113.82941000", "price": "0.73800000", "time": "2025-07-13T15:38:46.393807Z", "fetched_at": "2025-07-13T15:39:37.007832+00:00", "symbol": "ADA-USD"}, {"trade_id": 143372684, "side": "buy", "size": "685.57869138", "price": "0.73800000", "time": "2025-07-13T15:38:46.377720Z", "fetched_at": "2025-07-13T15:39:37.007832+00:00", "symbol": "ADA-USD"}, {"trade_id": 143372683, "side": "buy", "size": "113.82941000", "price": "0.73800000", "time": "2025-07-13T15:38:46.339372Z", "fetched_at": "2025-07-13T15:39:37.007832+00:00", "symbol": "ADA-USD"}, {"trade_id": 143372682, "side": "buy", "size": "159.46998000", "price": "0.73800000", "time": "2025-07-13T15:38:46.329572Z", "fetched_at": "2025-07-13T15:39:37.007832+00:00", "symbol": "ADA-USD"}, {"trade_id": 143372681, "side": "buy", "size": "44.49376160", "price": "0.73800000", "time": "2025-07-13T15:38:46.319192Z", "fetched_at": "2025-07-13T15:39:37.007832+00:00", "symbol": "ADA-USD"}, {"trade_id": 143372680, "side": "sell", "size": "4191.65330989", "price": "0.73800000", "time": "2025-07-13T15:38:46.305203Z", "fetched_at": "2025-07-13T15:39:37.007832+00:00", "symbol": "ADA-USD"}, {"trade_id": 143372679, "side": "sell", "size": "800.00000000", "price": "0.73800000", "time": "2025-07-13T15:38:46.305203Z", "fetched_at": "2025-07-13T15:39:37.007832+00:00", "symbol": "ADA-USD"}, {"trade_id": 143372678, "side": "sell", "size": "0.00012649", "price": "0.73790000", "time": "2025-07-13T15:38:46.243125Z", "fetched_at": "2025-07-13T15:39:37.007832+00:00", "symbol": "ADA-USD"}, {"trade_id": 143372677, "side": "sell", "size": "806.61990598", "price": "0.73790000", "time": "2025-07-13T15:38:46.241830Z", "fetched_at": "2025-07-13T15:39:37.007832+00:00", "symbol": "ADA-USD"}, {"trade_id": 143372676, "side": "sell", "size": "5155.80000000", "price": "0.73790000", "time": "2025-07-13T15:38:46.241830Z", "fetched_at": "2025-07-13T15:39:37.007832+00:00", "symbol": "ADA-USD"}, {"trade_id": 143372675, "side": "sell", "size": "275.00859402", "price": "0.73790000", "time": "2025-07-13T15:38:46.241830Z", "fetched_at": "2025-07-13T15:39:37.007832+00:00", "symbol": "ADA-USD"}, {"trade_id": 143372674, "side": "buy", "size": "1.50000000", "price": "0.73760000", "time": "2025-07-13T15:38:45.822311Z", "fetched_at": "2025-07-13T15:39:37.007832+00:00", "symbol": "ADA-USD"}, {"trade_id": 143372673, "side": "buy", "size": "3.30501423", "price": "0.73760000", "time": "2025-07-13T15:38:45.822311Z", "fetched_at": "2025-07-13T15:39:37.007832+00:00", "symbol": "ADA-USD"}, {"trade_id": 143372672, "side": "buy", "size": "0.00294106", "price": "0.73760000", "time": "2025-07-13T15:38:45.822311Z", "fetched_at": "2025-07-13T15:39:37.007832+00:00", "symbol": "ADA-USD"}, {"trade_id": 143372671, "side": "buy", "size": "0.01478615", "price": "0.73760000", "time": "2025-07-13T15:38:45.822311Z", "fetched_at": "2025-07-13T15:39:37.007832+00:00", "symbol": "ADA-USD"}, {"trade_id": 143372670, "side": "buy", "size": "0.00884463", "price": "0.73760000", "time": "2025-07-13T15:38:45.822311Z", "fetched_at": "2025-07-13T15:39:37.007832+00:00", "symbol": "ADA-USD"}, {"trade_id": 143372669, "side": "buy", "size": "0.01806082", "price": "0.73760000", "time": "2025-07-13T15:38:45.822311Z", "fetched_at": "2025-07-13T15:39:37.007832+00:00", "symbol": "ADA-USD"}, {"trade_id": 143372668, "side": "buy", "size": "1.80936744", "price": "0.73770000", "time": "2025-07-13T15:38:45.372822Z", "fetched_at": "2025-07-13T15:39:37.007832+00:00", "symbol": "ADA-USD"}, {"trade_id": 143372667, "side": "buy", "size": "133.77823012", "price": "0.73770000", "time": "2025-07-13T15:38:45.360668Z", "fetched_at": "2025-07-13T15:39:37.007832+00:00", "symbol": "ADA-USD"}, {"trade_id": 143372666, "side": "buy", "size": "0.00418727", "price": "0.73770000", "time": "2025-07-13T15:38:45.360668Z", "fetched_at": "2025-07-13T15:39:37.007832+00:00", "symbol": "ADA-USD"}, {"trade_id": 143372665, "side": "buy", "size": "0.00325857", "price": "0.73770000", "time": "2025-07-13T15:38:45.360668Z", "fetched_at": "2025-07-13T15:39:37.007832+00:00", "symbol": "ADA-USD"}, {"trade_id": 143372664, "side": "buy", "size": "1.50000000", "price": "0.73780000", "time": "2025-07-13T15:38:45.360668Z", "fetched_at": "2025-07-13T15:39:37.007832+00:00", "symbol": "ADA-USD"}, {"trade_id": 143372663, "side": "buy", "size": "0.06432188", "price": "0.73780000", "time": "2025-07-13T15:38:45.360668Z", "fetched_at": "2025-07-13T15:39:37.007832+00:00", "symbol": "ADA-USD"}, {"trade_id": 143372662, "side": "buy", "size": "0.00447729", "price": "0.73780000", "time": "2025-07-13T15:38:45.360668Z", "fetched_at": "2025-07-13T15:39:37.007832+00:00", "symbol": "ADA-USD"}, {"trade_id": 143372661, "side": "buy", "size": "50.00000000", "price": "0.73800000", "time": "2025-07-13T15:38:44.984342Z", "fetched_at": "2025-07-13T15:39:37.007832+00:00", "symbol": "ADA-USD"}, {"trade_id": 143372660, "side": "buy", "size": "803.20000000", "price": "0.73800000", "time": "2025-07-13T15:38:44.984342Z", "fetched_at": "2025-07-13T15:39:37.007832+00:00", "symbol": "ADA-USD"}, {"trade_id": 143372659, "side": "buy", "size": "2519.11214263", "price": "0.73800000", "time": "2025-07-13T15:38:44.619711Z", "fetched_at": "2025-07-13T15:39:37.007832+00:00", "symbol": "ADA-USD"}, {"trade_id": 143372658, "side": "buy", "size": "760.99546337", "price": "0.73800000", "time": "2025-07-13T15:38:44.619711Z", "fetched_at": "2025-07-13T15:39:37.007832+00:00", "symbol": "ADA-USD"}, {"trade_id": 143372657, "side": "buy", "size": "0.11719868", "price": "0.73800000", "time": "2025-07-13T15:38:44.619711Z", "fetched_at": "2025-07-13T15:39:37.007832+00:00", "symbol": "ADA-USD"}, {"trade_id": 143372656, "side": "buy", "size": "310.50000000", "price": "0.73800000", "time": "2025-07-13T15:38:44.619711Z", "fetched_at": "2025-07-13T15:39:37.007832+00:00", "symbol": "ADA-USD"}, {"trade_id": 143372655, "side": "buy", "size": "50.00000000", "price": "0.73810000", "time": "2025-07-13T15:38:44.614340Z", "fetched_at": "2025-07-13T15:39:37.007832+00:00", "symbol": "ADA-USD"}, {"trade_id": 143372654, "side": "buy", "size": "310.50000000", "price": "0.73810000", "time": "2025-07-13T15:38:44.403405Z", "fetched_at": "2025-07-13T15:39:37.007832+00:00", "symbol": "ADA-USD"}, {"trade_id": 143372653, "side": "buy", "size": "125.41189914", "price": "0.73810000", "time": "2025-07-13T15:38:44.392400Z", "fetched_at": "2025-07-13T15:39:37.007832+00:00", "symbol": "ADA-USD"}, {"trade_id": 143372652, "side": "buy", "size": "512.00000000", "price": "0.73810000", "time": "2025-07-13T15:38:44.386780Z", "fetched_at": "2025-07-13T15:39:37.007832+00:00", "symbol": "ADA-USD"}, {"trade_id": 143372651, "side": "sell", "size": "800.00000000", "price": "0.73820000", "time": "2025-07-13T15:38:44.356206Z", "fetched_at": "2025-07-13T15:39:37.007832+00:00", "symbol": "ADA-USD"}, {"trade_id": 143372650, "side": "buy", "size": "113.82941000", "price": "0.73810000", "time": "2025-07-13T15:38:44.238043Z", "fetched_at": "2025-07-13T15:39:37.007832+00:00", "symbol": "ADA-USD"}, {"trade_id": 143372649, "side": "sell", "size": "926.53599420", "price": "0.73830000", "time": "2025-07-13T15:38:44.096047Z", "fetched_at": "2025-07-13T15:39:37.007832+00:00", "symbol": "ADA-USD"}, {"trade_id": 143372648, "side": "sell", "size": "5365.49570250", "price": "0.73820000", "time": "2025-07-13T15:38:44.096047Z", "fetched_at": "2025-07-13T15:39:37.007832+00:00", "symbol": "ADA-USD"}, {"trade_id": 143372647, "side": "sell", "size": "1721.33545000", "price": "0.73820000", "time": "2025-07-13T15:38:44.096047Z", "fetched_at": "2025-07-13T15:39:37.007832+00:00", "symbol": "ADA-USD"}, {"trade_id": 143372646, "side": "sell", "size": "729.04834456", "price": "0.73820000", "time": "2025-07-13T15:38:44.096047Z", "fetched_at": "2025-07-13T15:39:37.007832+00:00", "symbol": "ADA-USD"}, {"trade_id": 143372645, "side": "sell", "size": "3355.03891663", "price": "0.73820000", "time": "2025-07-13T15:38:44.096047Z", "fetched_at": "2025-07-13T15:39:37.007832+00:00", "symbol": "ADA-USD"}, {"trade_id": 143372644, "side": "sell", "size": "760.99546337", "price": "0.73820000", "time": "2025-07-13T15:38:44.096047Z", "fetched_at": "2025-07-13T15:39:37.007832+00:00", "symbol": "ADA-USD"}, {"trade_id": 143372643, "side": "sell", "size": "18.50207946", "price": "0.73810000", "time": "2025-07-13T15:38:44.096047Z", "fetched_at": "2025-07-13T15:39:37.007832+00:00", "symbol": "ADA-USD"}, {"trade_id": 143372642, "side": "sell", "size": "600.00000000", "price": "0.73810000", "time": "2025-07-13T15:38:44.096047Z", "fetched_at": "2025-07-13T15:39:37.007832+00:00", "symbol": "ADA-USD"}, {"trade_id": 143372641, "side": "sell", "size": "1009.23481337", "price": "0.73810000", "time": "2025-07-13T15:38:44.096047Z", "fetched_at": "2025-07-13T15:39:37.007832+00:00", "symbol": "ADA-USD"}, {"trade_id": 143372640, "side": "sell", "size": "760.99546337", "price": "0.73810000", "time": "2025-07-13T15:38:44.096047Z", "fetched_at": "2025-07-13T15:39:37.007832+00:00", "symbol": "ADA-USD"}, {"trade_id": 143372639, "side": "sell", "size": "500.00000000", "price": "0.73810000", "time": "2025-07-13T15:38:44.096047Z", "fetched_at": "2025-07-13T15:39:37.007832+00:00", "symbol": "ADA-USD"}, {"trade_id": 143372638, "side": "sell", "size": "80.17567768", "price": "0.73810000", "time": "2025-07-13T15:38:44.096047Z", "fetched_at": "2025-07-13T15:39:37.007832+00:00", "symbol": "ADA-USD"}, {"trade_id": 143372637, "side": "sell", "size": "500.00000000", "price": "0.73800000", "time": "2025-07-13T15:38:44.096047Z", "fetched_at": "2025-07-13T15:39:37.007832+00:00", "symbol": "ADA-USD"}, {"trade_id": 143372636, "side": "sell", "size": "74.00831786", "price": "0.73790000", "time": "2025-07-13T15:38:44.096047Z", "fetched_at": "2025-07-13T15:39:37.007832+00:00", "symbol": "ADA-USD"}, {"trade_id": 143372635, "side": "sell", "size": "77.95340000", "price": "0.73790000", "time": "2025-07-13T15:38:44.096047Z", "fetched_at": "2025-07-13T15:39:37.007832+00:00", "symbol": "ADA-USD"}, {"trade_id": 143372634, "side": "buy", "size": "77.92360582", "price": "0.73790000", "time": "2025-07-13T15:38:44.091537Z", "fetched_at": "2025-07-13T15:39:37.007832+00:00", "symbol": "ADA-USD"}, {"trade_id": 143372633, "side": "buy", "size": "0.01850893", "price": "0.73790000", "time": "2025-07-13T15:38:44.091537Z", "fetched_at": "2025-07-13T15:39:37.007832+00:00", "symbol": "ADA-USD"}, {"trade_id": 143372632, "side": "buy", "size": "0.01130790", "price": "0.73790000", "time": "2025-07-13T15:38:44.091537Z", "fetched_at": "2025-07-13T15:39:37.007832+00:00", "symbol": "ADA-USD"}, {"trade_id": 143372631, "side": "buy", "size": "1.50000000", "price": "0.73800000", "time": "2025-07-13T15:38:43.751975Z", "fetched_at": "2025-07-13T15:39:37.007832+00:00", "symbol": "ADA-USD"}, {"trade_id": 143372630, "side": "buy", "size": "1.35381033", "price": "0.73800000", "time": "2025-07-13T15:38:43.751975Z", "fetched_at": "2025-07-13T15:39:37.007832+00:00", "symbol": "ADA-USD"}, {"trade_id": 143372629, "side": "buy", "size": "10.00000000", "price": "0.73800000", "time": "2025-07-13T15:38:43.751975Z", "fetched_at": "2025-07-13T15:39:37.007832+00:00", "symbol": "ADA-USD"}, {"trade_id": 143372628, "side": "buy", "size": "0.03252339", "price": "0.73800000", "time": "2025-07-13T15:38:43.751975Z", "fetched_at": "2025-07-13T15:39:37.007832+00:00", "symbol": "ADA-USD"}, {"trade_id": 143372627, "side": "buy", "size": "0.03994444", "price": "0.73800000", "time": "2025-07-13T15:38:43.751975Z", "fetched_at": "2025-07-13T15:39:37.007832+00:00", "symbol": "ADA-USD"}, {"trade_id": 143372626, "side": "buy", "size": "1.50000000", "price": "0.73810000", "time": "2025-07-13T15:38:43.741270Z", "fetched_at": "2025-07-13T15:39:37.007832+00:00", "symbol": "ADA-USD"}, {"trade_id": 143372625, "side": "buy", "size": "0.01771533", "price": "0.73810000", "time": "2025-07-13T15:38:43.741270Z", "fetched_at": "2025-07-13T15:39:37.007832+00:00", "symbol": "ADA-USD"}, {"trade_id": 143372624, "side": "buy", "size": "535.70100000", "price": "0.73810000", "time": "2025-07-13T15:38:43.741270Z", "fetched_at": "2025-07-13T15:39:37.007832+00:00", "symbol": "ADA-USD"}, {"trade_id": 143372623, "side": "buy", "size": "0.01906927", "price": "0.73810000", "time": "2025-07-13T15:38:43.741270Z", "fetched_at": "2025-07-13T15:39:37.007832+00:00", "symbol": "ADA-USD"}, {"trade_id": 143372622, "side": "buy", "size": "1081.08569120", "price": "0.73820000", "time": "2025-07-13T15:38:43.386581Z", "fetched_at": "2025-07-13T15:39:37.007832+00:00", "symbol": "ADA-USD"}, {"trade_id": 143372621, "side": "buy", "size": "702.55081679", "price": "0.73820000", "time": "2025-07-13T15:38:43.364852Z", "fetched_at": "2025-07-13T15:39:37.007832+00:00", "symbol": "ADA-USD"}, {"trade_id": 143372620, "side": "buy", "size": "737.19889687", "price": "0.73820000", "time": "2025-07-13T15:38:43.342052Z", "fetched_at": "2025-07-13T15:39:37.007832+00:00", "symbol": "ADA-USD"}, {"trade_id": 143372619, "side": "buy", "size": "1.50000000", "price": "0.73820000", "time": "2025-07-13T15:38:43.342052Z", "fetched_at": "2025-07-13T15:39:37.007832+00:00", "symbol": "ADA-USD"}, {"trade_id": 143372618, "side": "buy", "size": "13.28286599", "price": "0.73820000", "time": "2025-07-13T15:38:43.342052Z", "fetched_at": "2025-07-13T15:39:37.007832+00:00", "symbol": "ADA-USD"}, {"trade_id": 143372617, "side": "buy", "size": "0.38150264", "price": "0.73820000", "time": "2025-07-13T15:38:43.342052Z", "fetched_at": "2025-07-13T15:39:37.007832+00:00", "symbol": "ADA-USD"}, {"trade_id": 143372616, "side": "buy", "size": "22.23803418", "price": "0.73820000", "time": "2025-07-13T15:38:43.342052Z", "fetched_at": "2025-07-13T15:39:37.007832+00:00", "symbol": "ADA-USD"}, {"trade_id": 143372615, "side": "buy", "size": "1.50000000", "price": "0.73830000", "time": "2025-07-13T15:38:43.284642Z", "fetched_at": "2025-07-13T15:39:37.007832+00:00", "symbol": "ADA-USD"}, {"trade_id": 143372614, "side": "buy", "size": "44.76882954", "price": "0.73830000", "time": "2025-07-13T15:38:43.284642Z", "fetched_at": "2025-07-13T15:39:37.007832+00:00", "symbol": "ADA-USD"}, {"trade_id": 143372613, "side": "buy", "size": "50.94423205", "price": "0.73830000", "time": "2025-07-13T15:38:43.269386Z", "fetched_at": "2025-07-13T15:39:37.007832+00:00", "symbol": "ADA-USD"}, {"trade_id": 143372612, "side": "buy", "size": "0.05882795", "price": "0.73830000", "time": "2025-07-13T15:38:43.269386Z", "fetched_at": "2025-07-13T15:39:37.007832+00:00", "symbol": "ADA-USD"}, {"trade_id": 143372611, "side": "buy", "size": "1.50000000", "price": "0.73840000", "time": "2025-07-13T15:38:43.259574Z", "fetched_at": "2025-07-13T15:39:37.007832+00:00", "symbol": "ADA-USD"}, {"trade_id": 143372610, "side": "buy", "size": "0.04836917", "price": "0.73840000", "time": "2025-07-13T15:38:43.259574Z", "fetched_at": "2025-07-13T15:39:37.007832+00:00", "symbol": "ADA-USD"}, {"trade_id": 143372609, "side": "buy", "size": "3.44007094", "price": "0.73840000", "time": "2025-07-13T15:38:43.259574Z", "fetched_at": "2025-07-13T15:39:37.007832+00:00", "symbol": "ADA-USD"}, {"trade_id": 143372608, "side": "buy", "size": "26.31641985", "price": "0.73840000", "time": "2025-07-13T15:38:43.259574Z", "fetched_at": "2025-07-13T15:39:37.007832+00:00", "symbol": "ADA-USD"}, {"trade_id": 143372607, "side": "buy", "size": "50.91975278", "price": "0.73840000", "time": "2025-07-13T15:38:43.259072Z", "fetched_at": "2025-07-13T15:39:37.007832+00:00", "symbol": "ADA-USD"}, {"trade_id": 143372606, "side": "buy", "size": "0.08330722", "price": "0.73840000", "time": "2025-07-13T15:38:43.259072Z", "fetched_at": "2025-07-13T15:39:37.007832+00:00", "symbol": "ADA-USD"}, {"trade_id": 143372605, "side": "buy", "size": "1.50000000", "price": "0.73850000", "time": "2025-07-13T15:38:43.136556Z", "fetched_at": "2025-07-13T15:39:37.007832+00:00", "symbol": "ADA-USD"}, {"trade_id": 143372604, "side": "buy", "size": "3.60566479", "price": "0.73850000", "time": "2025-07-13T15:38:43.136556Z", "fetched_at": "2025-07-13T15:39:37.007832+00:00", "symbol": "ADA-USD"}, {"trade_id": 143372603, "side": "buy", "size": "159.98137059", "price": "0.73850000", "time": "2025-07-13T15:38:43.136556Z", "fetched_at": "2025-07-13T15:39:37.007832+00:00", "symbol": "ADA-USD"}, {"trade_id": 143372602, "side": "sell", "size": "1.55660850", "price": "0.73860000", "time": "2025-07-13T15:38:42.959285Z", "fetched_at": "2025-07-13T15:39:37.007832+00:00", "symbol": "ADA-USD"}, {"trade_id": 143372601, "side": "buy", "size": "421.28462058", "price": "0.73860000", "time": "2025-07-13T15:38:42.292286Z", "fetched_at": "2025-07-13T15:39:37.007832+00:00", "symbol": "ADA-USD"}, {"trade_id": 143372600, "side": "sell", "size": "429.29227163", "price": "0.73880000", "time": "2025-07-13T15:38:42.284998Z", "fetched_at": "2025-07-13T15:39:37.007832+00:00", "symbol": "ADA-USD"}, {"trade_id": 143372599, "side": "sell", "size": "50.00000000", "price": "0.73870000", "time": "2025-07-13T15:38:42.284998Z", "fetched_at": "2025-07-13T15:39:37.007832+00:00", "symbol": "ADA-USD"}, {"trade_id": 143372598, "side": "sell", "size": "51.00306000", "price": "0.73870000", "time": "2025-07-13T15:38:42.284998Z", "fetched_at": "2025-07-13T15:39:37.007832+00:00", "symbol": "ADA-USD"}, {"trade_id": 143372597, "side": "sell", "size": "205.45969592", "price": "0.73870000", "time": "2025-07-13T15:38:42.284998Z", "fetched_at": "2025-07-13T15:39:37.007832+00:00", "symbol": "ADA-USD"}, {"trade_id": 143372596, "side": "sell", "size": "2.06826245", "price": "0.73870000", "time": "2025-07-13T15:38:42.284998Z", "fetched_at": "2025-07-13T15:39:37.007832+00:00", "symbol": "ADA-USD"}, {"trade_id": 143372595, "side": "sell", "size": "70.57671000", "price": "0.73870000", "time": "2025-07-13T15:38:42.284998Z", "fetched_at": "2025-07-13T15:39:37.007832+00:00", "symbol": "ADA-USD"}, {"trade_id": 143372594, "side": "buy", "size": "247.66461455", "price": "0.73860000", "time": "2025-07-13T15:38:42.199343Z", "fetched_at": "2025-07-13T15:39:37.007832+00:00", "symbol": "ADA-USD"}, {"trade_id": 143372593, "side": "buy", "size": "4.50852965", "price": "0.73860000", "time": "2025-07-13T15:38:42.199343Z", "fetched_at": "2025-07-13T15:39:37.007832+00:00", "symbol": "ADA-USD"}, {"trade_id": 143372592, "side": "buy", "size": "1.50000000", "price": "0.73860000", "time": "2025-07-13T15:38:42.199343Z", "fetched_at": "2025-07-13T15:39:37.007832+00:00", "symbol": "ADA-USD"}, {"trade_id": 143372591, "side": "buy", "size": "0.01866843", "price": "0.73860000", "time": "2025-07-13T15:38:42.199343Z", "fetched_at": "2025-07-13T15:39:37.007832+00:00", "symbol": "ADA-USD"}, {"trade_id": 143372590, "side": "buy", "size": "24.00000000", "price": "0.73860000", "time": "2025-07-13T15:38:42.199343Z", "fetched_at": "2025-07-13T15:39:37.007832+00:00", "symbol": "ADA-USD"}, {"trade_id": 143372589, "side": "buy", "size": "0.00815025", "price": "0.73860000", "time": "2025-07-13T15:38:42.199343Z", "fetched_at": "2025-07-13T15:39:37.007832+00:00", "symbol": "ADA-USD"}, {"trade_id": 143372588, "side": "buy", "size": "0.02579526", "price": "0.73860000", "time": "2025-07-13T15:38:42.199343Z", "fetched_at": "2025-07-13T15:39:37.007832+00:00", "symbol": "ADA-USD"}, {"trade_id": 143372587, "side": "buy", "size": "1.50000000", "price": "0.73870000", "time": "2025-07-13T15:38:42.186353Z", "fetched_at": "2025-07-13T15:39:37.007832+00:00", "symbol": "ADA-USD"}, {"trade_id": 143372586, "side": "buy", "size": "0.02782219", "price": "0.73870000", "time": "2025-07-13T15:38:42.186353Z", "fetched_at": "2025-07-13T15:39:37.007832+00:00", "symbol": "ADA-USD"}, {"trade_id": 143372585, "side": "buy", "size": "69.04889158", "price": "0.73870000", "time": "2025-07-13T15:38:42.186353Z", "fetched_at": "2025-07-13T15:39:37.007832+00:00", "symbol": "ADA-USD"}, {"trade_id": 143372584, "side": "buy", "size": "134.01053714", "price": "0.73870000", "time": "2025-07-13T15:38:42.182251Z", "fetched_at": "2025-07-13T15:39:37.007832+00:00", "symbol": "ADA-USD"}, {"trade_id": 143372583, "side": "buy", "size": "105.80695791", "price": "0.73870000", "time": "2025-07-13T15:38:42.182251Z", "fetched_at": "2025-07-13T15:39:37.007832+00:00", "symbol": "ADA-USD"}, {"trade_id": 143372582, "side": "buy", "size": "0.00504300", "price": "0.73870000", "time": "2025-07-13T15:38:42.182251Z", "fetched_at": "2025-07-13T15:39:37.007832+00:00", "symbol": "ADA-USD"}, {"trade_id": 143372581, "side": "buy", "size": "0.02567986", "price": "0.73870000", "time": "2025-07-13T15:38:42.182251Z", "fetched_at": "2025-07-13T15:39:37.007832+00:00", "symbol": "ADA-USD"}, {"trade_id": 143372580, "side": "buy", "size": "1.50000000", "price": "0.73880000", "time": "2025-07-13T15:38:42.108049Z", "fetched_at": "2025-07-13T15:39:37.007832+00:00", "symbol": "ADA-USD"}, {"trade_id": 143372579, "side": "buy", "size": "676.77314565", "price": "0.73880000", "time": "2025-07-13T15:38:42.108049Z", "fetched_at": "2025-07-13T15:39:37.007832+00:00", "symbol": "ADA-USD"}, {"trade_id": 143372578, "side": "buy", "size": "0.08087570", "price": "0.73880000", "time": "2025-07-13T15:38:42.108049Z", "fetched_at": "2025-07-13T15:39:37.007832+00:00", "symbol": "ADA-USD"}, {"trade_id": 143372577, "side": "buy", "size": "5.69087555", "price": "0.73880000", "time": "2025-07-13T15:38:42.108049Z", "fetched_at": "2025-07-13T15:39:37.007832+00:00", "symbol": "ADA-USD"}, {"trade_id": 143372576, "side": "buy", "size": "50.00000000", "price": "0.73890000", "time": "2025-07-13T15:38:42.108049Z", "fetched_at": "2025-07-13T15:39:37.007832+00:00", "symbol": "ADA-USD"}, {"trade_id": 143372575, "side": "buy", "size": "70.86011975", "price": "0.73890000", "time": "2025-07-13T15:38:42.108049Z", "fetched_at": "2025-07-13T15:39:37.007832+00:00", "symbol": "ADA-USD"}, {"trade_id": 143372574, "side": "buy", "size": "2.85043841", "price": "0.73890000", "time": "2025-07-13T15:38:42.103492Z", "fetched_at": "2025-07-13T15:39:37.007832+00:00", "symbol": "ADA-USD"}, {"trade_id": 143372573, "side": "buy", "size": "1.50000000", "price": "0.73890000", "time": "2025-07-13T15:38:42.103492Z", "fetched_at": "2025-07-13T15:39:37.007832+00:00", "symbol": "ADA-USD"}, {"trade_id": 143372572, "side": "buy", "size": "0.01167888", "price": "0.73890000", "time": "2025-07-13T15:38:42.103492Z", "fetched_at": "2025-07-13T15:39:37.007832+00:00", "symbol": "ADA-USD"}, {"trade_id": 143372571, "side": "buy", "size": "0.02394546", "price": "0.73890000", "time": "2025-07-13T15:38:42.103492Z", "fetched_at": "2025-07-13T15:39:37.007832+00:00", "symbol": "ADA-USD"}, {"trade_id": 143372570, "side": "buy", "size": "397.20567587", "price": "0.73890000", "time": "2025-07-13T15:38:42.103492Z", "fetched_at": "2025-07-13T15:39:37.007832+00:00", "symbol": "ADA-USD"}, {"trade_id": 143372569, "side": "buy", "size": "0.01850138", "price": "0.73890000", "time": "2025-07-13T15:38:42.103492Z", "fetched_at": "2025-07-13T15:39:37.007832+00:00", "symbol": "ADA-USD"}, {"trade_id": 143372568, "side": "buy", "size": "1.50000000", "price": "0.73900000", "time": "2025-07-13T15:38:42.099472Z", "fetched_at": "2025-07-13T15:39:37.007832+00:00", "symbol": "ADA-USD"}, {"trade_id": 143372567, "side": "buy", "size": "0.00978425", "price": "0.73900000", "time": "2025-07-13T15:38:42.099472Z", "fetched_at": "2025-07-13T15:39:37.007832+00:00", "symbol": "ADA-USD"}, {"trade_id": 143372566, "side": "buy", "size": "0.01037444", "price": "0.73900000", "time": "2025-07-13T15:38:42.099472Z", "fetched_at": "2025-07-13T15:39:37.007832+00:00", "symbol": "ADA-USD"}, {"trade_id": 143372565, "side": "buy", "size": "0.01807320", "price": "0.73900000", "time": "2025-07-13T15:38:42.099472Z", "fetched_at": "2025-07-13T15:39:37.007832+00:00", "symbol": "ADA-USD"}, {"trade_id": 143372564, "side": "buy", "size": "1918.00654064", "price": "0.73900000", "time": "2025-07-13T15:38:42.099472Z", "fetched_at": "2025-07-13T15:39:37.007832+00:00", "symbol": "ADA-USD"}, {"trade_id": 143372563, "side": "buy", "size": "70.86167000", "price": "0.73900000", "time": "2025-07-13T15:38:42.096639Z", "fetched_at": "2025-07-13T15:39:37.007832+00:00", "symbol": "ADA-USD"}, {"trade_id": 143372562, "side": "buy", "size": "79.09539085", "price": "0.73900000", "time": "2025-07-13T15:38:42.089208Z", "fetched_at": "2025-07-13T15:39:37.007832+00:00", "symbol": "ADA-USD"}, {"trade_id": 143372561, "side": "buy", "size": "97.51954669", "price": "0.73900000", "time": "2025-07-13T15:38:42.077334Z", "fetched_at": "2025-07-13T15:39:37.007832+00:00", "symbol": "ADA-USD"}, {"trade_id": 143372560, "side": "buy", "size": "81.22065953", "price": "0.73900000", "time": "2025-07-13T15:38:42.063183Z", "fetched_at": "2025-07-13T15:39:37.007832+00:00", "symbol": "ADA-USD"}, {"trade_id": 143372559, "side": "buy", "size": "79.30435736", "price": "0.73900000", "time": "2025-07-13T15:38:42.031767Z", "fetched_at": "2025-07-13T15:39:37.007832+00:00", "symbol": "ADA-USD"}, {"trade_id": 143372558, "side": "buy", "size": "225.78283856", "price": "0.73900000", "time": "2025-07-13T15:38:41.990050Z", "fetched_at": "2025-07-13T15:39:37.007832+00:00", "symbol": "ADA-USD"}, {"trade_id": 143372557, "side": "buy", "size": "53.38906863", "price": "0.73900000", "time": "2025-07-13T15:38:41.974906Z", "fetched_at": "2025-07-13T15:39:37.007832+00:00", "symbol": "ADA-USD"}, {"trade_id": 143372556, "side": "buy", "size": "507.63339031", "price": "0.73900000", "time": "2025-07-13T15:38:41.939357Z", "fetched_at": "2025-07-13T15:39:37.007832+00:00", "symbol": "ADA-USD"}, {"trade_id": 143372555, "side": "buy", "size": "180.47424246", "price": "0.73900000", "time": "2025-07-13T15:38:41.927159Z", "fetched_at": "2025-07-13T15:39:37.007832+00:00", "symbol": "ADA-USD"}, {"trade_id": 143372554, "side": "buy", "size": "251.65220557", "price": "0.73900000", "time": "2025-07-13T15:38:41.901066Z", "fetched_at": "2025-07-13T15:39:37.007832+00:00", "symbol": "ADA-USD"}, {"trade_id": 143372553, "side": "buy", "size": "169.26738078", "price": "0.73900000", "time": "2025-07-13T15:38:41.887276Z", "fetched_at": "2025-07-13T15:39:37.007832+00:00", "symbol": "ADA-USD"}, {"trade_id": 143372552, "side": "buy", "size": "133.02725010", "price": "0.73900000", "time": "2025-07-13T15:38:41.862272Z", "fetched_at": "2025-07-13T15:39:37.007832+00:00", "symbol": "ADA-USD"}, {"trade_id": 143372551, "side": "buy", "size": "203.81047646", "price": "0.73900000", "time": "2025-07-13T15:38:41.852162Z", "fetched_at": "2025-07-13T15:39:37.007832+00:00", "symbol": "ADA-USD"}, {"trade_id": 143372550, "side": "buy", "size": "121.22850521", "price": "0.73900000", "time": "2025-07-13T15:38:41.814058Z", "fetched_at": "2025-07-13T15:39:37.007832+00:00", "symbol": "ADA-USD"}, {"trade_id": 143372549, "side": "buy", "size": "150.02049139", "price": "0.73900000", "time": "2025-07-13T15:38:41.795932Z", "fetched_at": "2025-07-13T15:39:37.007832+00:00", "symbol": "ADA-USD"}, {"trade_id": 143372548, "side": "buy", "size": "142.35390059", "price": "0.73900000", "time": "2025-07-13T15:38:41.785619Z", "fetched_at": "2025-07-13T15:39:37.007832+00:00", "symbol": "ADA-USD"}, {"trade_id": 143372547, "side": "buy", "size": "320.87347453", "price": "0.73900000", "time": "2025-07-13T15:38:41.764614Z", "fetched_at": "2025-07-13T15:39:37.007832+00:00", "symbol": "ADA-USD"}, {"trade_id": 143372546, "side": "buy", "size": "332.99622335", "price": "0.73900000", "time": "2025-07-13T15:38:41.731285Z", "fetched_at": "2025-07-13T15:39:37.007832+00:00", "symbol": "ADA-USD"}, {"trade_id": 143372545, "side": "buy", "size": "69.23257687", "price": "0.73900000", "time": "2025-07-13T15:38:41.570682Z", "fetched_at": "2025-07-13T15:39:37.007832+00:00", "symbol": "ADA-USD"}, {"trade_id": 143372544, "side": "buy", "size": "729.71179440", "price": "0.73900000", "time": "2025-07-13T15:38:41.560398Z", "fetched_at": "2025-07-13T15:39:37.007832+00:00", "symbol": "ADA-USD"}, {"trade_id": 143372543, "side": "buy", "size": "127.29585959", "price": "0.73900000", "time": "2025-07-13T15:38:41.544165Z", "fetched_at": "2025-07-13T15:39:37.007832+00:00", "symbol": "ADA-USD"}, {"trade_id": 143372542, "side": "buy", "size": "307.69060681", "price": "0.73900000", "time": "2025-07-13T15:38:41.533571Z", "fetched_at": "2025-07-13T15:39:37.007832+00:00", "symbol": "ADA-USD"}, {"trade_id": 143372541, "side": "buy", "size": "98.09292627", "price": "0.73900000", "time": "2025-07-13T15:38:41.425410Z", "fetched_at": "2025-07-13T15:39:37.007832+00:00", "symbol": "ADA-USD"}, {"trade_id": 143372540, "side": "buy", "size": "75.59488831", "price": "0.73900000", "time": "2025-07-13T15:38:41.400689Z", "fetched_at": "2025-07-13T15:39:37.007832+00:00", "symbol": "ADA-USD"}, {"trade_id": 143372539, "side": "buy", "size": "524.93714308", "price": "0.73900000", "time": "2025-07-13T15:38:41.369864Z", "fetched_at": "2025-07-13T15:39:37.007832+00:00", "symbol": "ADA-USD"}, {"trade_id": 143372538, "side": "buy", "size": "429.51691516", "price": "0.73900000", "time": "2025-07-13T15:38:41.358843Z", "fetched_at": "2025-07-13T15:39:37.007832+00:00", "symbol": "ADA-USD"}, {"trade_id": 143372537, "side": "buy", "size": "142.17044326", "price": "0.73900000", "time": "2025-07-13T15:38:41.294665Z", "fetched_at": "2025-07-13T15:39:37.007832+00:00", "symbol": "ADA-USD"}, {"trade_id": 143372536, "side": "buy", "size": "231.66834294", "price": "0.73900000", "time": "2025-07-13T15:38:41.283767Z", "fetched_at": "2025-07-13T15:39:37.007832+00:00", "symbol": "ADA-USD"}, {"trade_id": 143372535, "side": "buy", "size": "753.53624734", "price": "0.73900000", "time": "2025-07-13T15:38:41.273764Z", "fetched_at": "2025-07-13T15:39:37.007832+00:00", "symbol": "ADA-USD"}, {"trade_id": 143372534, "side": "buy", "size": "113.82941000", "price": "0.73910000", "time": "2025-07-13T15:38:40.873717Z", "fetched_at": "2025-07-13T15:39:37.007832+00:00", "symbol": "ADA-USD"}, {"trade_id": 143372533, "side": "sell", "size": "275.00859402", "price": "0.73930000", "time": "2025-07-13T15:38:40.867757Z", "fetched_at": "2025-07-13T15:39:37.007832+00:00", "symbol": "ADA-USD"}, {"trade_id": 143372532, "side": "sell", "size": "1.50000000", "price": "0.73930000", "time": "2025-07-13T15:38:40.867757Z", "fetched_at": "2025-07-13T15:39:37.007832+00:00", "symbol": "ADA-USD"}, {"trade_id": 143372531, "side": "sell", "size": "94.46322836", "price": "0.73930000", "time": "2025-07-13T15:38:40.867757Z", "fetched_at": "2025-07-13T15:39:37.007832+00:00", "symbol": "ADA-USD"}, {"trade_id": 143372530, "side": "sell", "size": "310.50000000", "price": "0.73920000", "time": "2025-07-13T15:38:40.867757Z", "fetched_at": "2025-07-13T15:39:37.007832+00:00", "symbol": "ADA-USD"}, {"trade_id": 143372529, "side": "sell", "size": "70.86167000", "price": "0.73930000", "time": "2025-07-13T15:38:40.863849Z", "fetched_at": "2025-07-13T15:39:37.007832+00:00", "symbol": "ADA-USD"}, {"trade_id": 143372528, "side": "sell", "size": "676.41225048", "price": "0.73920000", "time": "2025-07-13T15:38:40.862906Z", "fetched_at": "2025-07-13T15:39:37.007832+00:00", "symbol": "ADA-USD"}, {"trade_id": 143372527, "side": "sell", "size": "47.17948714", "price": "0.73920000", "time": "2025-07-13T15:38:40.862906Z", "fetched_at": "2025-07-13T15:39:37.007832+00:00", "symbol": "ADA-USD"}, {"trade_id": 143372526, "side": "sell", "size": "500.00000000", "price": "0.73920000", "time": "2025-07-13T15:38:40.862906Z", "fetched_at": "2025-07-13T15:39:37.007832+00:00", "symbol": "ADA-USD"}, {"trade_id": 143372525, "side": "sell", "size": "2.27627702", "price": "0.73910000", "time": "2025-07-13T15:38:40.728781Z", "fetched_at": "2025-07-13T15:39:37.007832+00:00", "symbol": "ADA-USD"}, {"trade_id": 143372524, "side": "buy", "size": "228.37743548", "price": "0.73910000", "time": "2025-07-13T15:38:40.533188Z", "fetched_at": "2025-07-13T15:39:37.007832+00:00", "symbol": "ADA-USD"}, {"trade_id": 143372523, "side": "buy", "size": "2442.86128226", "price": "0.73910000", "time": "2025-07-13T15:38:40.525681Z", "fetched_at": "2025-07-13T15:39:37.007832+00:00", "symbol": "ADA-USD"}, {"trade_id": 143372522, "side": "sell", "size": "10.52638656", "price": "0.73910000", "time": "2025-07-13T15:38:39.710995Z", "fetched_at": "2025-07-13T15:39:37.007832+00:00", "symbol": "ADA-USD"}, {"trade_id": 143372521, "side": "buy", "size": "202.62033475", "price": "0.73900000", "time": "2025-07-13T15:38:39.330691Z", "fetched_at": "2025-07-13T15:39:37.007832+00:00", "symbol": "ADA-USD"}, {"trade_id": 143372520, "side": "buy", "size": "144.20768628", "price": "0.73900000", "time": "2025-07-13T15:38:38.995415Z", "fetched_at": "2025-07-13T15:39:37.007832+00:00", "symbol": "ADA-USD"}, {"trade_id": 143372519, "side": "buy", "size": "231.15952883", "price": "0.73900000", "time": "2025-07-13T15:38:38.949891Z", "fetched_at": "2025-07-13T15:39:37.007832+00:00", "symbol": "ADA-USD"}, {"trade_id": 143372518, "side": "buy", "size": "249.85259113", "price": "0.73900000", "time": "2025-07-13T15:38:38.939107Z", "fetched_at": "2025-07-13T15:39:37.007832+00:00", "symbol": "ADA-USD"}, {"trade_id": 143372517, "side": "buy", "size": "162.83943975", "price": "0.73900000", "time": "2025-07-13T15:38:38.917957Z", "fetched_at": "2025-07-13T15:39:37.007832+00:00", "symbol": "ADA-USD"}, {"trade_id": 143372516, "side": "buy", "size": "98.42332898", "price": "0.73900000", "time": "2025-07-13T15:38:38.899450Z", "fetched_at": "2025-07-13T15:39:37.007832+00:00", "symbol": "ADA-USD"}, {"trade_id": 143372515, "side": "buy", "size": "413.50303564", "price": "0.73900000", "time": "2025-07-13T15:38:38.885344Z", "fetched_at": "2025-07-13T15:39:37.007832+00:00", "symbol": "ADA-USD"}, {"trade_id": 143372514, "side": "buy", "size": "700.81827297", "price": "0.73900000", "time": "2025-07-13T15:38:38.874548Z", "fetched_at": "2025-07-13T15:39:37.007832+00:00", "symbol": "ADA-USD"}, {"trade_id": 143372513, "side": "buy", "size": "456.36506462", "price": "0.73900000", "time": "2025-07-13T15:38:38.490306Z", "fetched_at": "2025-07-13T15:39:37.007832+00:00", "symbol": "ADA-USD"}, {"trade_id": 143372512, "side": "buy", "size": "381.14523079", "price": "0.73900000", "time": "2025-07-13T15:38:38.464373Z", "fetched_at": "2025-07-13T15:39:37.007832+00:00", "symbol": "ADA-USD"}