[{"trade_id": 143334988, "side": "buy", "size": "223.67067600", "price": "0.72830000", "time": "2025-07-13T11:46:13.609955Z", "fetched_at": "2025-07-13T11:46:16.518861+00:00", "symbol": "ADA-USD"}, {"trade_id": 143334987, "side": "buy", "size": "1.60000000", "price": "0.72830000", "time": "2025-07-13T11:46:13.609955Z", "fetched_at": "2025-07-13T11:46:16.518861+00:00", "symbol": "ADA-USD"}, {"trade_id": 143334986, "side": "sell", "size": "26.67632100", "price": "0.72840000", "time": "2025-07-13T11:46:10.832555Z", "fetched_at": "2025-07-13T11:46:16.518861+00:00", "symbol": "ADA-USD"}, {"trade_id": 143334985, "side": "sell", "size": "48.95830345", "price": "0.72860000", "time": "2025-07-13T11:46:08.569850Z", "fetched_at": "2025-07-13T11:46:16.518861+00:00", "symbol": "ADA-USD"}, {"trade_id": 143334984, "side": "sell", "size": "1.60000000", "price": "0.72860000", "time": "2025-07-13T11:46:08.569850Z", "fetched_at": "2025-07-13T11:46:16.518861+00:00", "symbol": "ADA-USD"}, {"trade_id": 143334983, "side": "sell", "size": "135.48132697", "price": "0.72860000", "time": "2025-07-13T11:46:08.569850Z", "fetched_at": "2025-07-13T11:46:16.518861+00:00", "symbol": "ADA-USD"}, {"trade_id": 143334982, "side": "sell", "size": "50.00000000", "price": "0.72850000", "time": "2025-07-13T11:46:08.569850Z", "fetched_at": "2025-07-13T11:46:16.518861+00:00", "symbol": "ADA-USD"}, {"trade_id": 143334981, "side": "sell", "size": "13.72951558", "price": "0.72850000", "time": "2025-07-13T11:46:08.569850Z", "fetched_at": "2025-07-13T11:46:16.518861+00:00", "symbol": "ADA-USD"}, {"trade_id": 143334980, "side": "sell", "size": "13.72762853", "price": "0.72840000", "time": "2025-07-13T11:46:08.084445Z", "fetched_at": "2025-07-13T11:46:16.518861+00:00", "symbol": "ADA-USD"}, {"trade_id": 143334979, "side": "buy", "size": "4.64164128", "price": "0.72840000", "time": "2025-07-13T11:46:05.923968Z", "fetched_at": "2025-07-13T11:46:16.518861+00:00", "symbol": "ADA-USD"}, {"trade_id": 143334978, "side": "buy", "size": "0.06334300", "price": "0.72850000", "time": "2025-07-13T11:46:02.831181Z", "fetched_at": "2025-07-13T11:46:16.518861+00:00", "symbol": "ADA-USD"}, {"trade_id": 143334977, "side": "buy", "size": "11.04326836", "price": "0.72840000", "time": "2025-07-13T11:45:52.298616Z", "fetched_at": "2025-07-13T11:46:16.518861+00:00", "symbol": "ADA-USD"}, {"trade_id": 143334976, "side": "buy", "size": "757.59748098", "price": "0.72840000", "time": "2025-07-13T11:45:52.298616Z", "fetched_at": "2025-07-13T11:46:16.518861+00:00", "symbol": "ADA-USD"}, {"trade_id": 143334975, "side": "buy", "size": "1.60000000", "price": "0.72840000", "time": "2025-07-13T11:45:52.298616Z", "fetched_at": "2025-07-13T11:46:16.518861+00:00", "symbol": "ADA-USD"}, {"trade_id": 143334974, "side": "buy", "size": "1.60000000", "price": "0.72850000", "time": "2025-07-13T11:45:52.298616Z", "fetched_at": "2025-07-13T11:46:16.518861+00:00", "symbol": "ADA-USD"}, {"trade_id": 143334973, "side": "sell", "size": "140.66980325", "price": "0.72860000", "time": "2025-07-13T11:45:48.405240Z", "fetched_at": "2025-07-13T11:46:16.518861+00:00", "symbol": "ADA-USD"}, {"trade_id": 143334972, "side": "sell", "size": "13.72396675", "price": "0.72860000", "time": "2025-07-13T11:45:48.405240Z", "fetched_at": "2025-07-13T11:46:16.518861+00:00", "symbol": "ADA-USD"}, {"trade_id": 143334971, "side": "sell", "size": "50.00000000", "price": "0.72860000", "time": "2025-07-13T11:45:48.405240Z", "fetched_at": "2025-07-13T11:46:16.518861+00:00", "symbol": "ADA-USD"}, {"trade_id": 143334970, "side": "sell", "size": "310.50000000", "price": "0.72860000", "time": "2025-07-13T11:45:48.405240Z", "fetched_at": "2025-07-13T11:46:16.518861+00:00", "symbol": "ADA-USD"}, {"trade_id": 143334969, "side": "sell", "size": "120.25657000", "price": "0.72860000", "time": "2025-07-13T11:45:48.405240Z", "fetched_at": "2025-07-13T11:46:16.518861+00:00", "symbol": "ADA-USD"}, {"trade_id": 143334968, "side": "sell", "size": "51.00306000", "price": "0.72860000", "time": "2025-07-13T11:45:48.405240Z", "fetched_at": "2025-07-13T11:46:16.518861+00:00", "symbol": "ADA-USD"}, {"trade_id": 143334967, "side": "buy", "size": "6.47843123", "price": "0.72860000", "time": "2025-07-13T11:45:48.094169Z", "fetched_at": "2025-07-13T11:46:16.518861+00:00", "symbol": "ADA-USD"}, {"trade_id": 143334966, "side": "buy", "size": "7.35870500", "price": "0.72860000", "time": "2025-07-13T11:45:44.124335Z", "fetched_at": "2025-07-13T11:46:16.518861+00:00", "symbol": "ADA-USD"}, {"trade_id": 143334965, "side": "buy", "size": "1.60000000", "price": "0.72860000", "time": "2025-07-13T11:45:44.124335Z", "fetched_at": "2025-07-13T11:46:16.518861+00:00", "symbol": "ADA-USD"}, {"trade_id": 143334964, "side": "sell", "size": "70.86167000", "price": "0.72880000", "time": "2025-07-13T11:45:39.646536Z", "fetched_at": "2025-07-13T11:46:16.518861+00:00", "symbol": "ADA-USD"}, {"trade_id": 143334963, "side": "buy", "size": "13.72118552", "price": "0.72880000", "time": "2025-07-13T11:45:34.246739Z", "fetched_at": "2025-07-13T11:46:16.518861+00:00", "symbol": "ADA-USD"}, {"trade_id": 143334962, "side": "buy", "size": "1.60000000", "price": "0.72880000", "time": "2025-07-13T11:45:34.246739Z", "fetched_at": "2025-07-13T11:46:16.518861+00:00", "symbol": "ADA-USD"}, {"trade_id": 143334961, "side": "buy", "size": "759.19287000", "price": "0.72890000", "time": "2025-07-13T11:45:30.219912Z", "fetched_at": "2025-07-13T11:46:16.518861+00:00", "symbol": "ADA-USD"}, {"trade_id": 143334960, "side": "buy", "size": "1.60000000", "price": "0.72890000", "time": "2025-07-13T11:45:30.219912Z", "fetched_at": "2025-07-13T11:46:16.518861+00:00", "symbol": "ADA-USD"}, {"trade_id": 143334959, "side": "buy", "size": "13.71553971", "price": "0.72910000", "time": "2025-07-13T11:45:24.366685Z", "fetched_at": "2025-07-13T11:46:16.518861+00:00", "symbol": "ADA-USD"}, {"trade_id": 143334958, "side": "buy", "size": "1.60000000", "price": "0.72910000", "time": "2025-07-13T11:45:24.366685Z", "fetched_at": "2025-07-13T11:46:16.518861+00:00", "symbol": "ADA-USD"}, {"trade_id": 143334957, "side": "buy", "size": "38.86678500", "price": "0.72910000", "time": "2025-07-13T11:45:21.923575Z", "fetched_at": "2025-07-13T11:46:16.518861+00:00", "symbol": "ADA-USD"}, {"trade_id": 143334956, "side": "sell", "size": "1.11567700", "price": "0.72940000", "time": "2025-07-13T11:45:17.205958Z", "fetched_at": "2025-07-13T11:46:16.518861+00:00", "symbol": "ADA-USD"}, {"trade_id": 143334955, "side": "sell", "size": "1.60000000", "price": "0.72940000", "time": "2025-07-13T11:45:17.205958Z", "fetched_at": "2025-07-13T11:46:16.518861+00:00", "symbol": "ADA-USD"}, {"trade_id": 143334954, "side": "sell", "size": "9.41773772", "price": "0.72930000", "time": "2025-07-13T11:45:16.058291Z", "fetched_at": "2025-07-13T11:46:16.518861+00:00", "symbol": "ADA-USD"}, {"trade_id": 143334953, "side": "sell", "size": "0.50623760", "price": "0.72930000", "time": "2025-07-13T11:45:16.058291Z", "fetched_at": "2025-07-13T11:46:16.518861+00:00", "symbol": "ADA-USD"}, {"trade_id": 143334952, "side": "sell", "size": "1.09376240", "price": "0.72930000", "time": "2025-07-13T11:45:15.503129Z", "fetched_at": "2025-07-13T11:46:16.518861+00:00", "symbol": "ADA-USD"}, {"trade_id": 143334951, "side": "sell", "size": "13.71463807", "price": "0.72920000", "time": "2025-07-13T11:45:15.489125Z", "fetched_at": "2025-07-13T11:46:16.518861+00:00", "symbol": "ADA-USD"}, {"trade_id": 143334950, "side": "sell", "size": "2714.21601408", "price": "0.72920000", "time": "2025-07-13T11:45:15.483286Z", "fetched_at": "2025-07-13T11:46:16.518861+00:00", "symbol": "ADA-USD"}, {"trade_id": 143334949, "side": "sell", "size": "13.71558827", "price": "0.72910000", "time": "2025-07-13T11:45:14.579488Z", "fetched_at": "2025-07-13T11:46:16.518861+00:00", "symbol": "ADA-USD"}, {"trade_id": 143334948, "side": "sell", "size": "4.07373300", "price": "0.72910000", "time": "2025-07-13T11:45:14.540405Z", "fetched_at": "2025-07-13T11:46:16.518861+00:00", "symbol": "ADA-USD"}, {"trade_id": 143334947, "side": "buy", "size": "1.58557159", "price": "0.72910000", "time": "2025-07-13T11:45:13.512963Z", "fetched_at": "2025-07-13T11:46:16.518861+00:00", "symbol": "ADA-USD"}, {"trade_id": 143334946, "side": "buy", "size": "51.00306000", "price": "0.72910000", "time": "2025-07-13T11:45:13.512963Z", "fetched_at": "2025-07-13T11:46:16.518861+00:00", "symbol": "ADA-USD"}, {"trade_id": 143334945, "side": "sell", "size": "94.12739380", "price": "0.72920000", "time": "2025-07-13T11:45:12.472555Z", "fetched_at": "2025-07-13T11:46:16.518861+00:00", "symbol": "ADA-USD"}, {"trade_id": 143334944, "side": "sell", "size": "734.24625176", "price": "0.72920000", "time": "2025-07-13T11:45:12.472555Z", "fetched_at": "2025-07-13T11:46:16.518861+00:00", "symbol": "ADA-USD"}, {"trade_id": 143334943, "side": "sell", "size": "1.60000000", "price": "0.72920000", "time": "2025-07-13T11:45:12.472555Z", "fetched_at": "2025-07-13T11:46:16.518861+00:00", "symbol": "ADA-USD"}, {"trade_id": 143334942, "side": "sell", "size": "102.91264444", "price": "0.72910000", "time": "2025-07-13T11:45:12.472555Z", "fetched_at": "2025-07-13T11:46:16.518861+00:00", "symbol": "ADA-USD"}, {"trade_id": 143334941, "side": "sell", "size": "1.79481300", "price": "0.72910000", "time": "2025-07-13T11:45:10.819566Z", "fetched_at": "2025-07-13T11:46:16.518861+00:00", "symbol": "ADA-USD"}, {"trade_id": 143334940, "side": "sell", "size": "1.60000000", "price": "0.72910000", "time": "2025-07-13T11:45:10.819566Z", "fetched_at": "2025-07-13T11:46:16.518861+00:00", "symbol": "ADA-USD"}, {"trade_id": 143334939, "side": "sell", "size": "13.71827958", "price": "0.72900000", "time": "2025-07-13T11:45:03.810594Z", "fetched_at": "2025-07-13T11:46:16.518861+00:00", "symbol": "ADA-USD"}, {"trade_id": 143334938, "side": "sell", "size": "1.60000000", "price": "0.72900000", "time": "2025-07-13T11:45:03.810594Z", "fetched_at": "2025-07-13T11:46:16.518861+00:00", "symbol": "ADA-USD"}, {"trade_id": 143334937, "side": "sell", "size": "96.80008231", "price": "0.72890000", "time": "2025-07-13T11:44:53.918776Z", "fetched_at": "2025-07-13T11:46:16.518861+00:00", "symbol": "ADA-USD"}, {"trade_id": 143334936, "side": "sell", "size": "1.60000000", "price": "0.72890000", "time": "2025-07-13T11:44:53.918776Z", "fetched_at": "2025-07-13T11:46:16.518861+00:00", "symbol": "ADA-USD"}, {"trade_id": 143334935, "side": "sell", "size": "1.60000000", "price": "0.72880000", "time": "2025-07-13T11:44:53.918776Z", "fetched_at": "2025-07-13T11:46:16.518861+00:00", "symbol": "ADA-USD"}, {"trade_id": 143334934, "side": "sell", "size": "1.60000000", "price": "0.72870000", "time": "2025-07-13T11:44:48.480259Z", "fetched_at": "2025-07-13T11:46:16.518861+00:00", "symbol": "ADA-USD"}, {"trade_id": 143334933, "side": "sell", "size": "25.08364700", "price": "0.72860000", "time": "2025-07-13T11:44:42.040633Z", "fetched_at": "2025-07-13T11:46:16.518861+00:00", "symbol": "ADA-USD"}, {"trade_id": 143334932, "side": "sell", "size": "1.60000000", "price": "0.72860000", "time": "2025-07-13T11:44:42.040633Z", "fetched_at": "2025-07-13T11:46:16.518861+00:00", "symbol": "ADA-USD"}, {"trade_id": 143334931, "side": "buy", "size": "1.86804004", "price": "0.72850000", "time": "2025-07-13T11:44:38.087060Z", "fetched_at": "2025-07-13T11:46:16.518861+00:00", "symbol": "ADA-USD"}, {"trade_id": 143334930, "side": "buy", "size": "51.00306000", "price": "0.72830000", "time": "2025-07-13T11:44:33.206115Z", "fetched_at": "2025-07-13T11:46:16.518861+00:00", "symbol": "ADA-USD"}, {"trade_id": 143334929, "side": "buy", "size": "43.14842800", "price": "0.72830000", "time": "2025-07-13T11:44:33.206115Z", "fetched_at": "2025-07-13T11:46:16.518861+00:00", "symbol": "ADA-USD"}, {"trade_id": 143334928, "side": "buy", "size": "119.07332000", "price": "0.72830000", "time": "2025-07-13T11:44:33.206115Z", "fetched_at": "2025-07-13T11:46:16.518861+00:00", "symbol": "ADA-USD"}, {"trade_id": 143334927, "side": "buy", "size": "310.50000000", "price": "0.72830000", "time": "2025-07-13T11:44:33.206115Z", "fetched_at": "2025-07-13T11:46:16.518861+00:00", "symbol": "ADA-USD"}, {"trade_id": 143334926, "side": "buy", "size": "124.83840000", "price": "0.72830000", "time": "2025-07-13T11:44:33.206115Z", "fetched_at": "2025-07-13T11:46:16.518861+00:00", "symbol": "ADA-USD"}, {"trade_id": 143334925, "side": "buy", "size": "1.89486644", "price": "0.72830000", "time": "2025-07-13T11:44:33.206115Z", "fetched_at": "2025-07-13T11:46:16.518861+00:00", "symbol": "ADA-USD"}, {"trade_id": 143334924, "side": "buy", "size": "2.25209052", "price": "0.72830000", "time": "2025-07-13T11:44:28.736343Z", "fetched_at": "2025-07-13T11:46:16.518861+00:00", "symbol": "ADA-USD"}, {"trade_id": 143334923, "side": "buy", "size": "4.69207413", "price": "0.72830000", "time": "2025-07-13T11:44:25.684017Z", "fetched_at": "2025-07-13T11:46:16.518861+00:00", "symbol": "ADA-USD"}, {"trade_id": 143334922, "side": "buy", "size": "1.60000000", "price": "0.72830000", "time": "2025-07-13T11:44:25.684017Z", "fetched_at": "2025-07-13T11:46:16.518861+00:00", "symbol": "ADA-USD"}, {"trade_id": 143334921, "side": "buy", "size": "4.68606127", "price": "0.72840000", "time": "2025-07-13T11:44:25.601644Z", "fetched_at": "2025-07-13T11:46:16.518861+00:00", "symbol": "ADA-USD"}, {"trade_id": 143334920, "side": "buy", "size": "4.37033282", "price": "0.72840000", "time": "2025-07-13T11:44:25.596715Z", "fetched_at": "2025-07-13T11:46:16.518861+00:00", "symbol": "ADA-USD"}, {"trade_id": 143334919, "side": "buy", "size": "109.97270718", "price": "0.72840000", "time": "2025-07-13T11:44:25.596715Z", "fetched_at": "2025-07-13T11:46:16.518861+00:00", "symbol": "ADA-USD"}, {"trade_id": 143334918, "side": "buy", "size": "1.60000000", "price": "0.72840000", "time": "2025-07-13T11:44:25.596715Z", "fetched_at": "2025-07-13T11:46:16.518861+00:00", "symbol": "ADA-USD"}, {"trade_id": 143334917, "side": "buy", "size": "5.54479898", "price": "0.72850000", "time": "2025-07-13T11:44:19.847302Z", "fetched_at": "2025-07-13T11:46:16.518861+00:00", "symbol": "ADA-USD"}, {"trade_id": 143334916, "side": "buy", "size": "13.72683597", "price": "0.72850000", "time": "2025-07-13T11:44:17.211568Z", "fetched_at": "2025-07-13T11:46:16.518861+00:00", "symbol": "ADA-USD"}, {"trade_id": 143334915, "side": "sell", "size": "28.52953400", "price": "0.72860000", "time": "2025-07-13T11:44:16.937244Z", "fetched_at": "2025-07-13T11:46:16.518861+00:00", "symbol": "ADA-USD"}, {"trade_id": 143334914, "side": "sell", "size": "0.00013719", "price": "0.72860000", "time": "2025-07-13T11:44:16.799998Z", "fetched_at": "2025-07-13T11:46:16.518861+00:00", "symbol": "ADA-USD"}, {"trade_id": 143334913, "side": "sell", "size": "0.20112734", "price": "0.72860000", "time": "2025-07-13T11:44:16.784388Z", "fetched_at": "2025-07-13T11:46:16.518861+00:00", "symbol": "ADA-USD"}, {"trade_id": 143334912, "side": "sell", "size": "37.36440186", "price": "0.72860000", "time": "2025-07-13T11:44:16.767313Z", "fetched_at": "2025-07-13T11:46:16.518861+00:00", "symbol": "ADA-USD"}, {"trade_id": 143334911, "side": "sell", "size": "465.81958393", "price": "0.72860000", "time": "2025-07-13T11:44:16.767313Z", "fetched_at": "2025-07-13T11:46:16.518861+00:00", "symbol": "ADA-USD"}, {"trade_id": 143334910, "side": "buy", "size": "310.50000000", "price": "0.72850000", "time": "2025-07-13T11:44:15.950208Z", "fetched_at": "2025-07-13T11:46:16.518861+00:00", "symbol": "ADA-USD"}, {"trade_id": 143334909, "side": "buy", "size": "13.72683597", "price": "0.72850000", "time": "2025-07-13T11:44:15.950208Z", "fetched_at": "2025-07-13T11:46:16.518861+00:00", "symbol": "ADA-USD"}, {"trade_id": 143334908, "side": "buy", "size": "50.00000000", "price": "0.72850000", "time": "2025-07-13T11:44:15.950208Z", "fetched_at": "2025-07-13T11:46:16.518861+00:00", "symbol": "ADA-USD"}, {"trade_id": 143334907, "side": "buy", "size": "60.91064256", "price": "0.72850000", "time": "2025-07-13T11:44:15.950208Z", "fetched_at": "2025-07-13T11:46:16.518861+00:00", "symbol": "ADA-USD"}, {"trade_id": 143334906, "side": "buy", "size": "95.36451889", "price": "0.72860000", "time": "2025-07-13T11:44:14.208245Z", "fetched_at": "2025-07-13T11:46:16.518861+00:00", "symbol": "ADA-USD"}, {"trade_id": 143334905, "side": "sell", "size": "71.36936762", "price": "0.72870000", "time": "2025-07-13T11:44:14.062929Z", "fetched_at": "2025-07-13T11:46:16.518861+00:00", "symbol": "ADA-USD"}, {"trade_id": 143334904, "side": "sell", "size": "50.00000000", "price": "0.72870000", "time": "2025-07-13T11:44:14.062929Z", "fetched_at": "2025-07-13T11:46:16.518861+00:00", "symbol": "ADA-USD"}, {"trade_id": 143334903, "side": "sell", "size": "5.39465538", "price": "0.72870000", "time": "2025-07-13T11:44:14.062929Z", "fetched_at": "2025-07-13T11:46:16.518861+00:00", "symbol": "ADA-USD"}, {"trade_id": 143334902, "side": "sell", "size": "107.23597700", "price": "0.72870000", "time": "2025-07-13T11:44:14.062929Z", "fetched_at": "2025-07-13T11:46:16.518861+00:00", "symbol": "ADA-USD"}, {"trade_id": 143334901, "side": "sell", "size": "13.02059300", "price": "0.72870000", "time": "2025-07-13T11:44:13.376299Z", "fetched_at": "2025-07-13T11:46:16.518861+00:00", "symbol": "ADA-USD"}, {"trade_id": 143334900, "side": "sell", "size": "11.94011313", "price": "0.72870000", "time": "2025-07-13T11:44:12.244224Z", "fetched_at": "2025-07-13T11:46:16.518861+00:00", "symbol": "ADA-USD"}, {"trade_id": 143334899, "side": "sell", "size": "1.60000000", "price": "0.72860000", "time": "2025-07-13T11:44:11.884378Z", "fetched_at": "2025-07-13T11:46:16.518861+00:00", "symbol": "ADA-USD"}, {"trade_id": 143334898, "side": "buy", "size": "8.61756635", "price": "0.72840000", "time": "2025-07-13T11:44:06.891648Z", "fetched_at": "2025-07-13T11:46:16.518861+00:00", "symbol": "ADA-USD"}, {"trade_id": 143334897, "side": "buy", "size": "6.85157200", "price": "0.72830000", "time": "2025-07-13T11:43:48.615861Z", "fetched_at": "2025-07-13T11:46:16.518861+00:00", "symbol": "ADA-USD"}, {"trade_id": 143334896, "side": "buy", "size": "1.37287200", "price": "0.72830000", "time": "2025-07-13T11:43:46.461997Z", "fetched_at": "2025-07-13T11:46:16.518861+00:00", "symbol": "ADA-USD"}, {"trade_id": 143334895, "side": "buy", "size": "535.12987395", "price": "0.72830000", "time": "2025-07-13T11:43:39.814737Z", "fetched_at": "2025-07-13T11:46:16.518861+00:00", "symbol": "ADA-USD"}, {"trade_id": 143334894, "side": "buy", "size": "622.31700286", "price": "0.72830000", "time": "2025-07-13T11:43:39.814737Z", "fetched_at": "2025-07-13T11:46:16.518861+00:00", "symbol": "ADA-USD"}, {"trade_id": 143334893, "side": "buy", "size": "13.73060552", "price": "0.72830000", "time": "2025-07-13T11:43:39.814737Z", "fetched_at": "2025-07-13T11:46:16.518861+00:00", "symbol": "ADA-USD"}, {"trade_id": 143334892, "side": "buy", "size": "310.50000000", "price": "0.72830000", "time": "2025-07-13T11:43:39.814737Z", "fetched_at": "2025-07-13T11:46:16.518861+00:00", "symbol": "ADA-USD"}, {"trade_id": 143334891, "side": "buy", "size": "0.94960867", "price": "0.72830000", "time": "2025-07-13T11:43:39.814737Z", "fetched_at": "2025-07-13T11:46:16.518861+00:00", "symbol": "ADA-USD"}, {"trade_id": 143334890, "side": "buy", "size": "119.07332000", "price": "0.72840000", "time": "2025-07-13T11:43:39.814737Z", "fetched_at": "2025-07-13T11:46:16.518861+00:00", "symbol": "ADA-USD"}, {"trade_id": 143334889, "side": "sell", "size": "0.00005776", "price": "0.72840000", "time": "2025-07-13T11:43:28.997195Z", "fetched_at": "2025-07-13T11:46:16.518861+00:00", "symbol": "ADA-USD"}, {"trade_id": 143334888, "side": "sell", "size": "13.73140000", "price": "0.72840000", "time": "2025-07-13T11:43:28.996968Z", "fetched_at": "2025-07-13T11:46:16.518861+00:00", "symbol": "ADA-USD"}, {"trade_id": 143334887, "side": "sell", "size": "13.73145372", "price": "0.72840000", "time": "2025-07-13T11:43:24.363474Z", "fetched_at": "2025-07-13T11:46:16.518861+00:00", "symbol": "ADA-USD"}, {"trade_id": 143334886, "side": "sell", "size": "0.00005372", "price": "0.72830000", "time": "2025-07-13T11:43:23.224265Z", "fetched_at": "2025-07-13T11:46:16.518861+00:00", "symbol": "ADA-USD"}, {"trade_id": 143334885, "side": "sell", "size": "13.73140000", "price": "0.72830000", "time": "2025-07-13T11:43:23.197834Z", "fetched_at": "2025-07-13T11:46:16.518861+00:00", "symbol": "ADA-USD"}, {"trade_id": 143334884, "side": "buy", "size": "739.10050207", "price": "0.72820000", "time": "2025-07-13T11:43:20.244102Z", "fetched_at": "2025-07-13T11:46:16.518861+00:00", "symbol": "ADA-USD"}, {"trade_id": 143334883, "side": "buy", "size": "3.65714793", "price": "0.72820000", "time": "2025-07-13T11:43:20.244102Z", "fetched_at": "2025-07-13T11:46:16.518861+00:00", "symbol": "ADA-USD"}, {"trade_id": 143334882, "side": "buy", "size": "310.50000000", "price": "0.72820000", "time": "2025-07-13T11:43:20.244102Z", "fetched_at": "2025-07-13T11:46:16.518861+00:00", "symbol": "ADA-USD"}, {"trade_id": 143334881, "side": "buy", "size": "13.73060552", "price": "0.72830000", "time": "2025-07-13T11:43:19.636959Z", "fetched_at": "2025-07-13T11:46:16.518861+00:00", "symbol": "ADA-USD"}, {"trade_id": 143334880, "side": "buy", "size": "51.00306000", "price": "0.72830000", "time": "2025-07-13T11:43:19.636959Z", "fetched_at": "2025-07-13T11:46:16.518861+00:00", "symbol": "ADA-USD"}, {"trade_id": 143334879, "side": "buy", "size": "50.00000000", "price": "0.72830000", "time": "2025-07-13T11:43:19.636959Z", "fetched_at": "2025-07-13T11:46:16.518861+00:00", "symbol": "ADA-USD"}, {"trade_id": 143334878, "side": "buy", "size": "310.50000000", "price": "0.72830000", "time": "2025-07-13T11:43:19.636959Z", "fetched_at": "2025-07-13T11:46:16.518861+00:00", "symbol": "ADA-USD"}, {"trade_id": 143334877, "side": "buy", "size": "81.21419008", "price": "0.72830000", "time": "2025-07-13T11:43:19.636959Z", "fetched_at": "2025-07-13T11:46:16.518861+00:00", "symbol": "ADA-USD"}, {"trade_id": 143334876, "side": "sell", "size": "1853.33325000", "price": "0.72830000", "time": "2025-07-13T11:43:19.503511Z", "fetched_at": "2025-07-13T11:46:16.518861+00:00", "symbol": "ADA-USD"}, {"trade_id": 143334875, "side": "sell", "size": "51.00300000", "price": "0.72830000", "time": "2025-07-13T11:43:19.480317Z", "fetched_at": "2025-07-13T11:46:16.518861+00:00", "symbol": "ADA-USD"}, {"trade_id": 143334874, "side": "sell", "size": "1733.07668000", "price": "0.72830000", "time": "2025-07-13T11:43:19.462815Z", "fetched_at": "2025-07-13T11:46:16.518861+00:00", "symbol": "ADA-USD"}, {"trade_id": 143334873, "side": "sell", "size": "120.25657000", "price": "0.72830000", "time": "2025-07-13T11:43:19.462815Z", "fetched_at": "2025-07-13T11:46:16.518861+00:00", "symbol": "ADA-USD"}, {"trade_id": 143334872, "side": "sell", "size": "49.99999070", "price": "0.72820000", "time": "2025-07-13T11:43:19.462527Z", "fetched_at": "2025-07-13T11:46:16.518861+00:00", "symbol": "ADA-USD"}, {"trade_id": 143334871, "side": "sell", "size": "17.34074760", "price": "0.72820000", "time": "2025-07-13T11:43:19.462527Z", "fetched_at": "2025-07-13T11:46:16.518861+00:00", "symbol": "ADA-USD"}, {"trade_id": 143334870, "side": "sell", "size": "51.00306000", "price": "0.72820000", "time": "2025-07-13T11:43:19.462527Z", "fetched_at": "2025-07-13T11:46:16.518861+00:00", "symbol": "ADA-USD"}, {"trade_id": 143334869, "side": "sell", "size": "180.38486000", "price": "0.72820000", "time": "2025-07-13T11:43:19.462527Z", "fetched_at": "2025-07-13T11:46:16.518861+00:00", "symbol": "ADA-USD"}, {"trade_id": 143334868, "side": "buy", "size": "944.84762416", "price": "0.72820000", "time": "2025-07-13T11:43:19.380627Z", "fetched_at": "2025-07-13T11:46:16.518861+00:00", "symbol": "ADA-USD"}, {"trade_id": 143334867, "side": "buy", "size": "3959.75237584", "price": "0.72820000", "time": "2025-07-13T11:43:19.378221Z", "fetched_at": "2025-07-13T11:46:16.518861+00:00", "symbol": "ADA-USD"}, {"trade_id": 143334866, "side": "buy", "size": "1.60000000", "price": "0.72820000", "time": "2025-07-13T11:43:19.378221Z", "fetched_at": "2025-07-13T11:46:16.518861+00:00", "symbol": "ADA-USD"}, {"trade_id": 143334865, "side": "buy", "size": "13.73060552", "price": "0.72830000", "time": "2025-07-13T11:43:19.378221Z", "fetched_at": "2025-07-13T11:46:16.518861+00:00", "symbol": "ADA-USD"}, {"trade_id": 143334864, "side": "buy", "size": "51.00306000", "price": "0.72820000", "time": "2025-07-13T11:43:19.246811Z", "fetched_at": "2025-07-13T11:46:16.518861+00:00", "symbol": "ADA-USD"}, {"trade_id": 143334863, "side": "buy", "size": "252.39373000", "price": "0.72820000", "time": "2025-07-13T11:43:19.244904Z", "fetched_at": "2025-07-13T11:46:16.518861+00:00", "symbol": "ADA-USD"}, {"trade_id": 143334862, "side": "buy", "size": "13.73060552", "price": "0.72830000", "time": "2025-07-13T11:43:19.240505Z", "fetched_at": "2025-07-13T11:46:16.518861+00:00", "symbol": "ADA-USD"}, {"trade_id": 143334861, "side": "buy", "size": "2225.84219617", "price": "0.72840000", "time": "2025-07-13T11:43:19.197439Z", "fetched_at": "2025-07-13T11:46:16.518861+00:00", "symbol": "ADA-USD"}, {"trade_id": 143334860, "side": "buy", "size": "500.00000000", "price": "0.72840000", "time": "2025-07-13T11:43:19.193121Z", "fetched_at": "2025-07-13T11:46:16.518861+00:00", "symbol": "ADA-USD"}, {"trade_id": 143334859, "side": "buy", "size": "858.04048243", "price": "0.72840000", "time": "2025-07-13T11:43:19.188355Z", "fetched_at": "2025-07-13T11:46:16.518861+00:00", "symbol": "ADA-USD"}, {"trade_id": 143334858, "side": "buy", "size": "34.86075140", "price": "0.72840000", "time": "2025-07-13T11:43:18.766753Z", "fetched_at": "2025-07-13T11:46:16.518861+00:00", "symbol": "ADA-USD"}, {"trade_id": 143334857, "side": "sell", "size": "120.25657000", "price": "0.72840000", "time": "2025-07-13T11:43:14.927978Z", "fetched_at": "2025-07-13T11:46:16.518861+00:00", "symbol": "ADA-USD"}, {"trade_id": 143334856, "side": "sell", "size": "5.30544411", "price": "0.72850000", "time": "2025-07-13T11:43:11.803546Z", "fetched_at": "2025-07-13T11:46:16.518861+00:00", "symbol": "ADA-USD"}, {"trade_id": 143334855, "side": "sell", "size": "1.60000000", "price": "0.72850000", "time": "2025-07-13T11:43:11.803546Z", "fetched_at": "2025-07-13T11:46:16.518861+00:00", "symbol": "ADA-USD"}, {"trade_id": 143334854, "side": "sell", "size": "13.73147654", "price": "0.72840000", "time": "2025-07-13T11:43:11.586406Z", "fetched_at": "2025-07-13T11:46:16.518861+00:00", "symbol": "ADA-USD"}, {"trade_id": 143334853, "side": "sell", "size": "1.60000000", "price": "0.72840000", "time": "2025-07-13T11:43:11.586406Z", "fetched_at": "2025-07-13T11:46:16.518861+00:00", "symbol": "ADA-USD"}, {"trade_id": 143334852, "side": "sell", "size": "144.87438400", "price": "0.72820000", "time": "2025-07-13T11:42:55.509409Z", "fetched_at": "2025-07-13T11:46:16.518861+00:00", "symbol": "ADA-USD"}, {"trade_id": 143334851, "side": "sell", "size": "13.73697609", "price": "0.72820000", "time": "2025-07-13T11:42:31.291884Z", "fetched_at": "2025-07-13T11:46:16.518861+00:00", "symbol": "ADA-USD"}, {"trade_id": 143334850, "side": "sell", "size": "180.38486000", "price": "0.72810000", "time": "2025-07-13T11:42:28.442786Z", "fetched_at": "2025-07-13T11:46:16.518861+00:00", "symbol": "ADA-USD"}, {"trade_id": 143334849, "side": "sell", "size": "50.00000000", "price": "0.72810000", "time": "2025-07-13T11:42:28.418345Z", "fetched_at": "2025-07-13T11:46:16.518861+00:00", "symbol": "ADA-USD"}, {"trade_id": 143334848, "side": "sell", "size": "310.50000000", "price": "0.72810000", "time": "2025-07-13T11:42:28.418345Z", "fetched_at": "2025-07-13T11:46:16.518861+00:00", "symbol": "ADA-USD"}, {"trade_id": 143334847, "side": "sell", "size": "30.82799574", "price": "0.72810000", "time": "2025-07-13T11:42:28.418345Z", "fetched_at": "2025-07-13T11:46:16.518861+00:00", "symbol": "ADA-USD"}, {"trade_id": 143334846, "side": "sell", "size": "70.86167000", "price": "0.72800000", "time": "2025-07-13T11:42:25.008204Z", "fetched_at": "2025-07-13T11:46:16.518861+00:00", "symbol": "ADA-USD"}, {"trade_id": 143334845, "side": "buy", "size": "1778.86965389", "price": "0.72790000", "time": "2025-07-13T11:42:24.978561Z", "fetched_at": "2025-07-13T11:46:16.518861+00:00", "symbol": "ADA-USD"}, {"trade_id": 143334844, "side": "buy", "size": "1.60000000", "price": "0.72790000", "time": "2025-07-13T11:42:24.978561Z", "fetched_at": "2025-07-13T11:46:16.518861+00:00", "symbol": "ADA-USD"}, {"trade_id": 143334843, "side": "buy", "size": "801.68453805", "price": "0.72790000", "time": "2025-07-13T11:42:24.978561Z", "fetched_at": "2025-07-13T11:46:16.518861+00:00", "symbol": "ADA-USD"}, {"trade_id": 143334842, "side": "buy", "size": "763.72267055", "price": "0.72790000", "time": "2025-07-13T11:42:24.978561Z", "fetched_at": "2025-07-13T11:46:16.518861+00:00", "symbol": "ADA-USD"}, {"trade_id": 143334841, "side": "buy", "size": "1.60000000", "price": "0.72800000", "time": "2025-07-13T11:42:24.978561Z", "fetched_at": "2025-07-13T11:46:16.518861+00:00", "symbol": "ADA-USD"}, {"trade_id": 143334840, "side": "buy", "size": "1.60000000", "price": "0.72810000", "time": "2025-07-13T11:42:24.978561Z", "fetched_at": "2025-07-13T11:46:16.518861+00:00", "symbol": "ADA-USD"}, {"trade_id": 143334839, "side": "sell", "size": "0.00974616", "price": "0.72820000", "time": "2025-07-13T11:42:18.577895Z", "fetched_at": "2025-07-13T11:46:16.518861+00:00", "symbol": "ADA-USD"}, {"trade_id": 143334838, "side": "sell", "size": "24.50955898", "price": "0.72820000", "time": "2025-07-13T11:42:18.558759Z", "fetched_at": "2025-07-13T11:46:16.518861+00:00", "symbol": "ADA-USD"}, {"trade_id": 143334837, "side": "buy", "size": "2.15052185", "price": "0.72820000", "time": "2025-07-13T11:42:14.983243Z", "fetched_at": "2025-07-13T11:46:16.518861+00:00", "symbol": "ADA-USD"}, {"trade_id": 143334836, "side": "buy", "size": "1.60000000", "price": "0.72820000", "time": "2025-07-13T11:42:14.980416Z", "fetched_at": "2025-07-13T11:46:16.518861+00:00", "symbol": "ADA-USD"}, {"trade_id": 143334835, "side": "buy", "size": "0.00000257", "price": "0.72830000", "time": "2025-07-13T11:42:14.913058Z", "fetched_at": "2025-07-13T11:46:16.518861+00:00", "symbol": "ADA-USD"}, {"trade_id": 143334834, "side": "buy", "size": "2.48143936", "price": "0.72830000", "time": "2025-07-13T11:42:14.773884Z", "fetched_at": "2025-07-13T11:46:16.518861+00:00", "symbol": "ADA-USD"}, {"trade_id": 143334833, "side": "buy", "size": "175.11176064", "price": "0.72830000", "time": "2025-07-13T11:42:14.773884Z", "fetched_at": "2025-07-13T11:46:16.518861+00:00", "symbol": "ADA-USD"}, {"trade_id": 143334832, "side": "buy", "size": "1.60000000", "price": "0.72830000", "time": "2025-07-13T11:42:14.773884Z", "fetched_at": "2025-07-13T11:46:16.518861+00:00", "symbol": "ADA-USD"}, {"trade_id": 143334831, "side": "buy", "size": "0.00001165", "price": "0.72840000", "time": "2025-07-13T11:42:14.525067Z", "fetched_at": "2025-07-13T11:46:16.518861+00:00", "symbol": "ADA-USD"}, {"trade_id": 143334830, "side": "buy", "size": "10.83921400", "price": "0.72840000", "time": "2025-07-13T11:42:14.521493Z", "fetched_at": "2025-07-13T11:46:16.518861+00:00", "symbol": "ADA-USD"}, {"trade_id": 143334829, "side": "buy", "size": "1.60000000", "price": "0.72840000", "time": "2025-07-13T11:42:14.521493Z", "fetched_at": "2025-07-13T11:46:16.518861+00:00", "symbol": "ADA-USD"}, {"trade_id": 143334828, "side": "buy", "size": "66.17536600", "price": "0.72840000", "time": "2025-07-13T11:42:14.521493Z", "fetched_at": "2025-07-13T11:46:16.518861+00:00", "symbol": "ADA-USD"}, {"trade_id": 143334827, "side": "buy", "size": "70.86167000", "price": "0.72840000", "time": "2025-07-13T11:42:14.514249Z", "fetched_at": "2025-07-13T11:46:16.518861+00:00", "symbol": "ADA-USD"}, {"trade_id": 143334826, "side": "buy", "size": "1.60000000", "price": "0.72850000", "time": "2025-07-13T11:42:14.465138Z", "fetched_at": "2025-07-13T11:46:16.518861+00:00", "symbol": "ADA-USD"}, {"trade_id": 143334825, "side": "buy", "size": "10.83625029", "price": "0.72860000", "time": "2025-07-13T11:42:14.464875Z", "fetched_at": "2025-07-13T11:46:16.518861+00:00", "symbol": "ADA-USD"}, {"trade_id": 143334824, "side": "buy", "size": "1.60000000", "price": "0.72860000", "time": "2025-07-13T11:42:14.464875Z", "fetched_at": "2025-07-13T11:46:16.518861+00:00", "symbol": "ADA-USD"}, {"trade_id": 143334823, "side": "buy", "size": "1.60000000", "price": "0.72870000", "time": "2025-07-13T11:42:14.464875Z", "fetched_at": "2025-07-13T11:46:16.518861+00:00", "symbol": "ADA-USD"}, {"trade_id": 143334822, "side": "buy", "size": "13.72118552", "price": "0.72880000", "time": "2025-07-13T11:42:06.346946Z", "fetched_at": "2025-07-13T11:46:16.518861+00:00", "symbol": "ADA-USD"}, {"trade_id": 143334821, "side": "buy", "size": "1.60000000", "price": "0.72880000", "time": "2025-07-13T11:42:06.346946Z", "fetched_at": "2025-07-13T11:46:16.518861+00:00", "symbol": "ADA-USD"}, {"trade_id": 143334820, "side": "buy", "size": "30.45969267", "price": "0.72880000", "time": "2025-07-13T11:42:06.346946Z", "fetched_at": "2025-07-13T11:46:16.518861+00:00", "symbol": "ADA-USD"}, {"trade_id": 143334819, "side": "buy", "size": "1.60000000", "price": "0.72900000", "time": "2025-07-13T11:42:01.053033Z", "fetched_at": "2025-07-13T11:46:16.518861+00:00", "symbol": "ADA-USD"}, {"trade_id": 143334818, "side": "sell", "size": "1.60000000", "price": "0.72920000", "time": "2025-07-13T11:41:55.081532Z", "fetched_at": "2025-07-13T11:46:16.518861+00:00", "symbol": "ADA-USD"}, {"trade_id": 143334817, "side": "sell", "size": "13.71650761", "price": "0.72910000", "time": "2025-07-13T11:41:54.845355Z", "fetched_at": "2025-07-13T11:46:16.518861+00:00", "symbol": "ADA-USD"}, {"trade_id": 143334816, "side": "sell", "size": "1.60000000", "price": "0.72910000", "time": "2025-07-13T11:41:54.845355Z", "fetched_at": "2025-07-13T11:46:16.518861+00:00", "symbol": "ADA-USD"}, {"trade_id": 143334815, "side": "sell", "size": "13.72018542", "price": "0.72900000", "time": "2025-07-13T11:41:53.257474Z", "fetched_at": "2025-07-13T11:46:16.518861+00:00", "symbol": "ADA-USD"}, {"trade_id": 143334814, "side": "sell", "size": "13.72203906", "price": "0.72880000", "time": "2025-07-13T11:41:49.445043Z", "fetched_at": "2025-07-13T11:46:16.518861+00:00", "symbol": "ADA-USD"}, {"trade_id": 143334813, "side": "buy", "size": "6.22161729", "price": "0.72870000", "time": "2025-07-13T11:41:36.698919Z", "fetched_at": "2025-07-13T11:46:16.518861+00:00", "symbol": "ADA-USD"}, {"trade_id": 143334812, "side": "buy", "size": "310.50000000", "price": "0.72870000", "time": "2025-07-13T11:41:36.698919Z", "fetched_at": "2025-07-13T11:46:16.518861+00:00", "symbol": "ADA-USD"}, {"trade_id": 143334811, "side": "buy", "size": "2.37002871", "price": "0.72870000", "time": "2025-07-13T11:41:36.698919Z", "fetched_at": "2025-07-13T11:46:16.518861+00:00", "symbol": "ADA-USD"}, {"trade_id": 143334810, "side": "buy", "size": "2.77908214", "price": "0.72880000", "time": "2025-07-13T11:41:36.221419Z", "fetched_at": "2025-07-13T11:46:16.518861+00:00", "symbol": "ADA-USD"}, {"trade_id": 143334809, "side": "buy", "size": "447.98890324", "price": "0.72870000", "time": "2025-07-13T11:41:33.965997Z", "fetched_at": "2025-07-13T11:46:16.518861+00:00", "symbol": "ADA-USD"}, {"trade_id": 143334808, "side": "buy", "size": "763.72267055", "price": "0.72870000", "time": "2025-07-13T11:41:33.965997Z", "fetched_at": "2025-07-13T11:46:16.518861+00:00", "symbol": "ADA-USD"}, {"trade_id": 143334807, "side": "buy", "size": "1.60000000", "price": "0.72870000", "time": "2025-07-13T11:41:33.965997Z", "fetched_at": "2025-07-13T11:46:16.518861+00:00", "symbol": "ADA-USD"}, {"trade_id": 143334806, "side": "buy", "size": "3.35404721", "price": "0.72880000", "time": "2025-07-13T11:41:33.965997Z", "fetched_at": "2025-07-13T11:46:16.518861+00:00", "symbol": "ADA-USD"}, {"trade_id": 143334805, "side": "buy", "size": "0.24127900", "price": "0.72880000", "time": "2025-07-13T11:41:33.965997Z", "fetched_at": "2025-07-13T11:46:16.518861+00:00", "symbol": "ADA-USD"}, {"trade_id": 143334804, "side": "buy", "size": "1.35872100", "price": "0.72880000", "time": "2025-07-13T11:41:17.147321Z", "fetched_at": "2025-07-13T11:46:16.518861+00:00", "symbol": "ADA-USD"}, {"trade_id": 143334803, "side": "buy", "size": "4.72063771", "price": "0.72890000", "time": "2025-07-13T11:41:06.080491Z", "fetched_at": "2025-07-13T11:46:16.518861+00:00", "symbol": "ADA-USD"}, {"trade_id": 143334802, "side": "buy", "size": "1.60000000", "price": "0.72890000", "time": "2025-07-13T11:41:06.080491Z", "fetched_at": "2025-07-13T11:46:16.518861+00:00", "symbol": "ADA-USD"}, {"trade_id": 143334801, "side": "buy", "size": "1.60000000", "price": "0.72900000", "time": "2025-07-13T11:41:05.502731Z", "fetched_at": "2025-07-13T11:46:16.518861+00:00", "symbol": "ADA-USD"}, {"trade_id": 143334800, "side": "buy", "size": "994.38317722", "price": "0.72910000", "time": "2025-07-13T11:41:05.292082Z", "fetched_at": "2025-07-13T11:46:16.518861+00:00", "symbol": "ADA-USD"}, {"trade_id": 143334799, "side": "buy", "size": "856.07579826", "price": "0.72910000", "time": "2025-07-13T11:41:05.292082Z", "fetched_at": "2025-07-13T11:46:16.518861+00:00", "symbol": "ADA-USD"}, {"trade_id": 143334798, "side": "buy", "size": "793.28609795", "price": "0.72910000", "time": "2025-07-13T11:41:05.292082Z", "fetched_at": "2025-07-13T11:46:16.518861+00:00", "symbol": "ADA-USD"}, {"trade_id": 143334797, "side": "buy", "size": "102.03853752", "price": "0.72910000", "time": "2025-07-13T11:41:05.292082Z", "fetched_at": "2025-07-13T11:46:16.518861+00:00", "symbol": "ADA-USD"}, {"trade_id": 143334796, "side": "buy", "size": "967.68385768", "price": "0.72910000", "time": "2025-07-13T11:41:05.292082Z", "fetched_at": "2025-07-13T11:46:16.518861+00:00", "symbol": "ADA-USD"}, {"trade_id": 143334795, "side": "buy", "size": "763.72267055", "price": "0.72910000", "time": "2025-07-13T11:41:05.292082Z", "fetched_at": "2025-07-13T11:46:16.518861+00:00", "symbol": "ADA-USD"}, {"trade_id": 143334794, "side": "buy", "size": "1.60000000", "price": "0.72910000", "time": "2025-07-13T11:41:05.292082Z", "fetched_at": "2025-07-13T11:46:16.518861+00:00", "symbol": "ADA-USD"}, {"trade_id": 143334793, "side": "buy", "size": "8.46753887", "price": "0.72920000", "time": "2025-07-13T11:41:05.292082Z", "fetched_at": "2025-07-13T11:46:16.518861+00:00", "symbol": "ADA-USD"}, {"trade_id": 143334792, "side": "buy", "size": "1.60000000", "price": "0.72920000", "time": "2025-07-13T11:41:05.292082Z", "fetched_at": "2025-07-13T11:46:16.518861+00:00", "symbol": "ADA-USD"}, {"trade_id": 143334791, "side": "sell", "size": "32.48903800", "price": "0.72930000", "time": "2025-07-13T11:40:50.010476Z", "fetched_at": "2025-07-13T11:46:16.518861+00:00", "symbol": "ADA-USD"}, {"trade_id": 143334790, "side": "buy", "size": "50.00000000", "price": "0.72940000", "time": "2025-07-13T11:40:49.465574Z", "fetched_at": "2025-07-13T11:46:16.518861+00:00", "symbol": "ADA-USD"}, {"trade_id": 143334789, "side": "buy", "size": "92.22933900", "price": "0.72940000", "time": "2025-07-13T11:40:49.465574Z", "fetched_at": "2025-07-13T11:46:16.518861+00:00", "symbol": "ADA-USD"}, {"trade_id": 143334788, "side": "buy", "size": "187.25760000", "price": "0.72940000", "time": "2025-07-13T11:40:49.465574Z", "fetched_at": "2025-07-13T11:46:16.518861+00:00", "symbol": "ADA-USD"}, {"trade_id": 143334787, "side": "sell", "size": "13.70887478", "price": "0.72940000", "time": "2025-07-13T11:40:49.390224Z", "fetched_at": "2025-07-13T11:46:16.518861+00:00", "symbol": "ADA-USD"}, {"trade_id": 143334786, "side": "sell", "size": "7.17291784", "price": "0.72940000", "time": "2025-07-13T11:40:49.390224Z", "fetched_at": "2025-07-13T11:46:16.518861+00:00", "symbol": "ADA-USD"}, {"trade_id": 143334785, "side": "buy", "size": "49.99999070", "price": "0.72930000", "time": "2025-07-13T11:40:46.318470Z", "fetched_at": "2025-07-13T11:46:16.518861+00:00", "symbol": "ADA-USD"}, {"trade_id": 143334784, "side": "buy", "size": "4.79888153", "price": "0.72930000", "time": "2025-07-13T11:40:46.318470Z", "fetched_at": "2025-07-13T11:46:16.518861+00:00", "symbol": "ADA-USD"}, {"trade_id": 143334783, "side": "buy", "size": "1.60000000", "price": "0.72930000", "time": "2025-07-13T11:40:46.318470Z", "fetched_at": "2025-07-13T11:46:16.518861+00:00", "symbol": "ADA-USD"}, {"trade_id": 143334782, "side": "buy", "size": "0.00000777", "price": "0.72940000", "time": "2025-07-13T11:40:46.318470Z", "fetched_at": "2025-07-13T11:46:16.518861+00:00", "symbol": "ADA-USD"}, {"trade_id": 143334781, "side": "buy", "size": "80.41720000", "price": "0.72940000", "time": "2025-07-13T11:40:41.754367Z", "fetched_at": "2025-07-13T11:46:16.518861+00:00", "symbol": "ADA-USD"}, {"trade_id": 143334780, "side": "buy", "size": "1.60000000", "price": "0.72940000", "time": "2025-07-13T11:40:41.754367Z", "fetched_at": "2025-07-13T11:46:16.518861+00:00", "symbol": "ADA-USD"}, {"trade_id": 143334779, "side": "buy", "size": "279.32559886", "price": "0.72950000", "time": "2025-07-13T11:40:41.725567Z", "fetched_at": "2025-07-13T11:46:16.518861+00:00", "symbol": "ADA-USD"}, {"trade_id": 143334778, "side": "buy", "size": "563.56394728", "price": "0.72950000", "time": "2025-07-13T11:40:41.725567Z", "fetched_at": "2025-07-13T11:46:16.518861+00:00", "symbol": "ADA-USD"}, {"trade_id": 143334777, "side": "buy", "size": "793.28609795", "price": "0.72950000", "time": "2025-07-13T11:40:41.725567Z", "fetched_at": "2025-07-13T11:46:16.518861+00:00", "symbol": "ADA-USD"}, {"trade_id": 143334776, "side": "buy", "size": "443.65538172", "price": "0.72950000", "time": "2025-07-13T11:40:41.725567Z", "fetched_at": "2025-07-13T11:46:16.518861+00:00", "symbol": "ADA-USD"}, {"trade_id": 143334775, "side": "buy", "size": "290.75694629", "price": "0.72950000", "time": "2025-07-13T11:40:41.725567Z", "fetched_at": "2025-07-13T11:46:16.518861+00:00", "symbol": "ADA-USD"}, {"trade_id": 143334774, "side": "buy", "size": "763.72267055", "price": "0.72950000", "time": "2025-07-13T11:40:41.725567Z", "fetched_at": "2025-07-13T11:46:16.518861+00:00", "symbol": "ADA-USD"}, {"trade_id": 143334773, "side": "buy", "size": "1.60000000", "price": "0.72950000", "time": "2025-07-13T11:40:41.725567Z", "fetched_at": "2025-07-13T11:46:16.518861+00:00", "symbol": "ADA-USD"}, {"trade_id": 143334772, "side": "buy", "size": "8.86747310", "price": "0.72960000", "time": "2025-07-13T11:40:41.725567Z", "fetched_at": "2025-07-13T11:46:16.518861+00:00", "symbol": "ADA-USD"}, {"trade_id": 143334771, "side": "sell", "size": "18182.46480588", "price": "0.73020000", "time": "2025-07-13T11:40:39.046866Z", "fetched_at": "2025-07-13T11:46:16.518861+00:00", "symbol": "ADA-USD"}, {"trade_id": 143334770, "side": "sell", "size": "668.29743624", "price": "0.73020000", "time": "2025-07-13T11:40:39.046866Z", "fetched_at": "2025-07-13T11:46:16.518861+00:00", "symbol": "ADA-USD"}, {"trade_id": 143334769, "side": "sell", "size": "275.00859402", "price": "0.73020000", "time": "2025-07-13T11:40:39.046866Z", "fetched_at": "2025-07-13T11:46:16.518861+00:00", "symbol": "ADA-USD"}, {"trade_id": 143334768, "side": "sell", "size": "1838.00224000", "price": "0.73020000", "time": "2025-07-13T11:40:39.046866Z", "fetched_at": "2025-07-13T11:46:16.518861+00:00", "symbol": "ADA-USD"}, {"trade_id": 143334767, "side": "sell", "size": "880.79288038", "price": "0.73020000", "time": "2025-07-13T11:40:39.046866Z", "fetched_at": "2025-07-13T11:46:16.518861+00:00", "symbol": "ADA-USD"}, {"trade_id": 143334766, "side": "sell", "size": "750.44705131", "price": "0.73020000", "time": "2025-07-13T11:40:39.046866Z", "fetched_at": "2025-07-13T11:46:16.518861+00:00", "symbol": "ADA-USD"}, {"trade_id": 143334765, "side": "sell", "size": "1.60000000", "price": "0.73020000", "time": "2025-07-13T11:40:39.046866Z", "fetched_at": "2025-07-13T11:46:16.518861+00:00", "symbol": "ADA-USD"}, {"trade_id": 143334764, "side": "sell", "size": "310.50000000", "price": "0.73020000", "time": "2025-07-13T11:40:39.046866Z", "fetched_at": "2025-07-13T11:46:16.518861+00:00", "symbol": "ADA-USD"}, {"trade_id": 143334763, "side": "sell", "size": "5254.52580435", "price": "0.73010000", "time": "2025-07-13T11:40:39.046866Z", "fetched_at": "2025-07-13T11:46:16.518861+00:00", "symbol": "ADA-USD"}, {"trade_id": 143334762, "side": "sell", "size": "1015.40546972", "price": "0.73010000", "time": "2025-07-13T11:40:39.046866Z", "fetched_at": "2025-07-13T11:46:16.518861+00:00", "symbol": "ADA-USD"}, {"trade_id": 143334761, "side": "sell", "size": "1838.00224000", "price": "0.73010000", "time": "2025-07-13T11:40:39.046866Z", "fetched_at": "2025-07-13T11:46:16.518861+00:00", "symbol": "ADA-USD"}, {"trade_id": 143334760, "side": "sell", "size": "763.72267055", "price": "0.73010000", "time": "2025-07-13T11:40:39.046866Z", "fetched_at": "2025-07-13T11:46:16.518861+00:00", "symbol": "ADA-USD"}, {"trade_id": 143334759, "side": "sell", "size": "310.50000000", "price": "0.73010000", "time": "2025-07-13T11:40:39.046866Z", "fetched_at": "2025-07-13T11:46:16.518861+00:00", "symbol": "ADA-USD"}, {"trade_id": 143334758, "side": "sell", "size": "1.60000000", "price": "0.73010000", "time": "2025-07-13T11:40:39.046866Z", "fetched_at": "2025-07-13T11:46:16.518861+00:00", "symbol": "ADA-USD"}, {"trade_id": 143334757, "side": "sell", "size": "310.50000000", "price": "0.73000000", "time": "2025-07-13T11:40:39.046866Z", "fetched_at": "2025-07-13T11:46:16.518861+00:00", "symbol": "ADA-USD"}, {"trade_id": 143334756, "side": "sell", "size": "275.00859402", "price": "0.73000000", "time": "2025-07-13T11:40:39.046866Z", "fetched_at": "2025-07-13T11:46:16.518861+00:00", "symbol": "ADA-USD"}, {"trade_id": 143334755, "side": "sell", "size": "1834.29556000", "price": "0.73000000", "time": "2025-07-13T11:40:39.046866Z", "fetched_at": "2025-07-13T11:46:16.518861+00:00", "symbol": "ADA-USD"}, {"trade_id": 143334754, "side": "sell", "size": "33.98095522", "price": "0.73000000", "time": "2025-07-13T11:40:39.046866Z", "fetched_at": "2025-07-13T11:46:16.518861+00:00", "symbol": "ADA-USD"}, {"trade_id": 143334753, "side": "sell", "size": "1.60000000", "price": "0.73000000", "time": "2025-07-13T11:40:39.046866Z", "fetched_at": "2025-07-13T11:46:16.518861+00:00", "symbol": "ADA-USD"}, {"trade_id": 143334752, "side": "sell", "size": "526.33867345", "price": "0.73000000", "time": "2025-07-13T11:40:39.046866Z", "fetched_at": "2025-07-13T11:46:16.518861+00:00", "symbol": "ADA-USD"}, {"trade_id": 143334751, "side": "sell", "size": "395.95465155", "price": "0.73000000", "time": "2025-07-13T11:40:39.046866Z", "fetched_at": "2025-07-13T11:46:16.518861+00:00", "symbol": "ADA-USD"}, {"trade_id": 143334750, "side": "sell", "size": "822.94251055", "price": "0.72990000", "time": "2025-07-13T11:40:39.046866Z", "fetched_at": "2025-07-13T11:46:16.518861+00:00", "symbol": "ADA-USD"}, {"trade_id": 143334749, "side": "sell", "size": "600.00000000", "price": "0.72990000", "time": "2025-07-13T11:40:39.046866Z", "fetched_at": "2025-07-13T11:46:16.518861+00:00", "symbol": "ADA-USD"}, {"trade_id": 143334748, "side": "sell", "size": "800.00000000", "price": "0.72990000", "time": "2025-07-13T11:40:39.046866Z", "fetched_at": "2025-07-13T11:46:16.518861+00:00", "symbol": "ADA-USD"}, {"trade_id": 143334747, "side": "sell", "size": "907.74306118", "price": "0.72990000", "time": "2025-07-13T11:40:39.046866Z", "fetched_at": "2025-07-13T11:46:16.518861+00:00", "symbol": "ADA-USD"}, {"trade_id": 143334746, "side": "sell", "size": "1.60000000", "price": "0.72990000", "time": "2025-07-13T11:40:39.046866Z", "fetched_at": "2025-07-13T11:46:16.518861+00:00", "symbol": "ADA-USD"}, {"trade_id": 143334745, "side": "sell", "size": "1834.29556000", "price": "0.72990000", "time": "2025-07-13T11:40:39.046866Z", "fetched_at": "2025-07-13T11:46:16.518861+00:00", "symbol": "ADA-USD"}, {"trade_id": 143334744, "side": "sell", "size": "763.72267055", "price": "0.72990000", "time": "2025-07-13T11:40:39.046866Z", "fetched_at": "2025-07-13T11:46:16.518861+00:00", "symbol": "ADA-USD"}, {"trade_id": 143334743, "side": "sell", "size": "310.50000000", "price": "0.72990000", "time": "2025-07-13T11:40:39.046866Z", "fetched_at": "2025-07-13T11:46:16.518861+00:00", "symbol": "ADA-USD"}, {"trade_id": 143334742, "side": "sell", "size": "614.69197287", "price": "0.72990000", "time": "2025-07-13T11:40:39.046866Z", "fetched_at": "2025-07-13T11:46:16.518861+00:00", "symbol": "ADA-USD"}, {"trade_id": 143334741, "side": "sell", "size": "758.13648546", "price": "0.72980000", "time": "2025-07-13T11:40:39.046866Z", "fetched_at": "2025-07-13T11:46:16.518861+00:00", "symbol": "ADA-USD"}, {"trade_id": 143334740, "side": "sell", "size": "275.00859402", "price": "0.72980000", "time": "2025-07-13T11:40:39.046866Z", "fetched_at": "2025-07-13T11:46:16.518861+00:00", "symbol": "ADA-USD"}, {"trade_id": 143334739, "side": "sell", "size": "4883.00000000", "price": "0.72980000", "time": "2025-07-13T11:40:39.046866Z", "fetched_at": "2025-07-13T11:46:16.518861+00:00", "symbol": "ADA-USD"}, {"trade_id": 143334738, "side": "sell", "size": "657.27188397", "price": "0.72980000", "time": "2025-07-13T11:40:39.046866Z", "fetched_at": "2025-07-13T11:46:16.518861+00:00", "symbol": "ADA-USD"}, {"trade_id": 143334737, "side": "sell", "size": "1716.73879000", "price": "0.72980000", "time": "2025-07-13T11:40:39.046866Z", "fetched_at": "2025-07-13T11:46:16.518861+00:00", "symbol": "ADA-USD"}, {"trade_id": 143334736, "side": "sell", "size": "1834.29556000", "price": "0.72980000", "time": "2025-07-13T11:40:39.046866Z", "fetched_at": "2025-07-13T11:46:16.518861+00:00", "symbol": "ADA-USD"}, {"trade_id": 143334735, "side": "sell", "size": "1213.82620956", "price": "0.72980000", "time": "2025-07-13T11:40:39.046866Z", "fetched_at": "2025-07-13T11:46:16.518861+00:00", "symbol": "ADA-USD"}, {"trade_id": 143334734, "side": "sell", "size": "763.72267055", "price": "0.72980000", "time": "2025-07-13T11:40:39.046866Z", "fetched_at": "2025-07-13T11:46:16.518861+00:00", "symbol": "ADA-USD"}, {"trade_id": 143334733, "side": "sell", "size": "17.00247191", "price": "0.72980000", "time": "2025-07-13T11:40:39.046866Z", "fetched_at": "2025-07-13T11:46:16.518861+00:00", "symbol": "ADA-USD"}, {"trade_id": 143334732, "side": "sell", "size": "120.25657000", "price": "0.72980000", "time": "2025-07-13T11:40:39.046866Z", "fetched_at": "2025-07-13T11:46:16.518861+00:00", "symbol": "ADA-USD"}, {"trade_id": 143334731, "side": "sell", "size": "51.00306000", "price": "0.72970000", "time": "2025-07-13T11:40:39.046866Z", "fetched_at": "2025-07-13T11:46:16.518861+00:00", "symbol": "ADA-USD"}, {"trade_id": 143334730, "side": "sell", "size": "50.00000000", "price": "0.72970000", "time": "2025-07-13T11:40:39.046866Z", "fetched_at": "2025-07-13T11:46:16.518861+00:00", "symbol": "ADA-USD"}, {"trade_id": 143334729, "side": "sell", "size": "13.70040726", "price": "0.72970000", "time": "2025-07-13T11:40:39.046866Z", "fetched_at": "2025-07-13T11:46:16.518861+00:00", "symbol": "ADA-USD"}, {"trade_id": 143334728, "side": "sell", "size": "667.36520320", "price": "0.72970000", "time": "2025-07-13T11:40:39.046866Z", "fetched_at": "2025-07-13T11:46:16.518861+00:00", "symbol": "ADA-USD"}, {"trade_id": 143334727, "side": "sell", "size": "310.50000000", "price": "0.72970000", "time": "2025-07-13T11:40:39.046866Z", "fetched_at": "2025-07-13T11:46:16.518861+00:00", "symbol": "ADA-USD"}, {"trade_id": 143334726, "side": "sell", "size": "120.25657000", "price": "0.72970000", "time": "2025-07-13T11:40:39.046866Z", "fetched_at": "2025-07-13T11:46:16.518861+00:00", "symbol": "ADA-USD"}, {"trade_id": 143334725, "side": "buy", "size": "4.62779812", "price": "0.72960000", "time": "2025-07-13T11:40:38.797310Z", "fetched_at": "2025-07-13T11:46:16.518861+00:00", "symbol": "ADA-USD"}, {"trade_id": 143334724, "side": "buy", "size": "1.60000000", "price": "0.72960000", "time": "2025-07-13T11:40:38.797310Z", "fetched_at": "2025-07-13T11:46:16.518861+00:00", "symbol": "ADA-USD"}, {"trade_id": 143334723, "side": "sell", "size": "12.75185394", "price": "0.72970000", "time": "2025-07-13T11:40:33.940990Z", "fetched_at": "2025-07-13T11:46:16.518861+00:00", "symbol": "ADA-USD"}, {"trade_id": 143334722, "side": "buy", "size": "589.39966444", "price": "0.72970000", "time": "2025-07-13T11:40:33.932749Z", "fetched_at": "2025-07-13T11:46:16.518861+00:00", "symbol": "ADA-USD"}, {"trade_id": 143334721, "side": "buy", "size": "4883.50000000", "price": "0.72970000", "time": "2025-07-13T11:40:33.932749Z", "fetched_at": "2025-07-13T11:46:16.518861+00:00", "symbol": "ADA-USD"}, {"trade_id": 143334720, "side": "buy", "size": "9.00075718", "price": "0.72980000", "time": "2025-07-13T11:40:33.932749Z", "fetched_at": "2025-07-13T11:46:16.518861+00:00", "symbol": "ADA-USD"}, {"trade_id": 143334719, "side": "sell", "size": "367.76801900", "price": "0.73000000", "time": "2025-07-13T11:40:30.710625Z", "fetched_at": "2025-07-13T11:46:16.518861+00:00", "symbol": "ADA-USD"}, {"trade_id": 143334718, "side": "sell", "size": "310.50000000", "price": "0.73000000", "time": "2025-07-13T11:40:30.710625Z", "fetched_at": "2025-07-13T11:46:16.518861+00:00", "symbol": "ADA-USD"}, {"trade_id": 143334717, "side": "sell", "size": "52.87553234", "price": "0.72990000", "time": "2025-07-13T11:40:28.923808Z", "fetched_at": "2025-07-13T11:46:16.518861+00:00", "symbol": "ADA-USD"}, {"trade_id": 143334716, "side": "sell", "size": "13.70325666", "price": "0.72990000", "time": "2025-07-13T11:40:28.923808Z", "fetched_at": "2025-07-13T11:46:16.518861+00:00", "symbol": "ADA-USD"}, {"trade_id": 143334715, "side": "sell", "size": "13.31985200", "price": "0.72990000", "time": "2025-07-13T11:40:28.304854Z", "fetched_at": "2025-07-13T11:46:16.518861+00:00", "symbol": "ADA-USD"}, {"trade_id": 143334714, "side": "sell", "size": "1.60000000", "price": "0.72990000", "time": "2025-07-13T11:40:28.304854Z", "fetched_at": "2025-07-13T11:46:16.518861+00:00", "symbol": "ADA-USD"}, {"trade_id": 143334713, "side": "buy", "size": "5.09795554", "price": "0.72970000", "time": "2025-07-13T11:40:20.667042Z", "fetched_at": "2025-07-13T11:46:16.518861+00:00", "symbol": "ADA-USD"}, {"trade_id": 143334712, "side": "buy", "size": "1.60000000", "price": "0.72970000", "time": "2025-07-13T11:40:20.667042Z", "fetched_at": "2025-07-13T11:46:16.518861+00:00", "symbol": "ADA-USD"}, {"trade_id": 143334711, "side": "buy", "size": "13.29630150", "price": "0.72980000", "time": "2025-07-13T11:40:20.109486Z", "fetched_at": "2025-07-13T11:46:16.518861+00:00", "symbol": "ADA-USD"}, {"trade_id": 143334710, "side": "buy", "size": "1.60000000", "price": "0.72980000", "time": "2025-07-13T11:40:20.109486Z", "fetched_at": "2025-07-13T11:46:16.518861+00:00", "symbol": "ADA-USD"}, {"trade_id": 143334709, "side": "buy", "size": "4884.30000000", "price": "0.72990000", "time": "2025-07-13T11:40:17.420788Z", "fetched_at": "2025-07-13T11:46:16.518861+00:00", "symbol": "ADA-USD"}, {"trade_id": 143334708, "side": "buy", "size": "13.42252969", "price": "0.73000000", "time": "2025-07-13T11:40:17.420788Z", "fetched_at": "2025-07-13T11:46:16.518861+00:00", "symbol": "ADA-USD"}, {"trade_id": 143334707, "side": "sell", "size": "1.60000000", "price": "0.73000000", "time": "2025-07-13T11:40:17.239656Z", "fetched_at": "2025-07-13T11:46:16.518861+00:00", "symbol": "ADA-USD"}, {"trade_id": 143334706, "side": "sell", "size": "47.93212000", "price": "0.72990000", "time": "2025-07-13T11:40:12.881992Z", "fetched_at": "2025-07-13T11:46:16.518861+00:00", "symbol": "ADA-USD"}, {"trade_id": 143334705, "side": "sell", "size": "1.60000000", "price": "0.72990000", "time": "2025-07-13T11:40:12.881992Z", "fetched_at": "2025-07-13T11:46:16.518861+00:00", "symbol": "ADA-USD"}, {"trade_id": 143334704, "side": "sell", "size": "13.22622600", "price": "0.72980000", "time": "2025-07-13T11:40:02.594676Z", "fetched_at": "2025-07-13T11:46:16.518861+00:00", "symbol": "ADA-USD"}, {"trade_id": 143334703, "side": "buy", "size": "11.71477911", "price": "0.72970000", "time": "2025-07-13T11:39:57.483935Z", "fetched_at": "2025-07-13T11:46:16.518861+00:00", "symbol": "ADA-USD"}, {"trade_id": 143334702, "side": "buy", "size": "13.70425464", "price": "0.72970000", "time": "2025-07-13T11:39:56.952727Z", "fetched_at": "2025-07-13T11:46:16.518861+00:00", "symbol": "ADA-USD"}, {"trade_id": 143334701, "side": "buy", "size": "1.60000000", "price": "0.72970000", "time": "2025-07-13T11:39:56.952727Z", "fetched_at": "2025-07-13T11:46:16.518861+00:00", "symbol": "ADA-USD"}, {"trade_id": 143334700, "side": "buy", "size": "27.38045536", "price": "0.72970000", "time": "2025-07-13T11:39:56.952727Z", "fetched_at": "2025-07-13T11:46:16.518861+00:00", "symbol": "ADA-USD"}, {"trade_id": 143334699, "side": "buy", "size": "11.37677460", "price": "0.72970000", "time": "2025-07-13T11:39:54.683405Z", "fetched_at": "2025-07-13T11:46:16.518861+00:00", "symbol": "ADA-USD"}, {"trade_id": 143334698, "side": "buy", "size": "1.87079840", "price": "0.72980000", "time": "2025-07-13T11:39:54.683405Z", "fetched_at": "2025-07-13T11:46:16.518861+00:00", "symbol": "ADA-USD"}, {"trade_id": 143334697, "side": "buy", "size": "2.63277873", "price": "0.72970000", "time": "2025-07-13T11:39:50.999530Z", "fetched_at": "2025-07-13T11:46:16.518861+00:00", "symbol": "ADA-USD"}, {"trade_id": 143334696, "side": "buy", "size": "1.89808547", "price": "0.72980000", "time": "2025-07-13T11:39:50.999530Z", "fetched_at": "2025-07-13T11:46:16.518861+00:00", "symbol": "ADA-USD"}, {"trade_id": 143334695, "side": "buy", "size": "1.50768414", "price": "0.72980000", "time": "2025-07-13T11:39:44.609974Z", "fetched_at": "2025-07-13T11:46:16.518861+00:00", "symbol": "ADA-USD"}, {"trade_id": 143334694, "side": "buy", "size": "13.70238422", "price": "0.72980000", "time": "2025-07-13T11:39:37.448174Z", "fetched_at": "2025-07-13T11:46:16.518861+00:00", "symbol": "ADA-USD"}, {"trade_id": 143334693, "side": "sell", "size": "0.04902819", "price": "0.72990000", "time": "2025-07-13T11:39:37.113713Z", "fetched_at": "2025-07-13T11:46:16.518861+00:00", "symbol": "ADA-USD"}, {"trade_id": 143334692, "side": "sell", "size": "49.83850848", "price": "0.72990000", "time": "2025-07-13T11:39:37.097341Z", "fetched_at": "2025-07-13T11:46:16.518861+00:00", "symbol": "ADA-USD"}, {"trade_id": 143334691, "side": "sell", "size": "49.99999919", "price": "0.72990000", "time": "2025-07-13T11:39:37.097341Z", "fetched_at": "2025-07-13T11:46:16.518861+00:00", "symbol": "ADA-USD"}, {"trade_id": 143334690, "side": "sell", "size": "22.66996255", "price": "0.72990000", "time": "2025-07-13T11:39:37.097341Z", "fetched_at": "2025-07-13T11:46:16.518861+00:00", "symbol": "ADA-USD"}, {"trade_id": 143334689, "side": "sell", "size": "2.38917246", "price": "0.73000000", "time": "2025-07-13T11:39:32.661766Z", "fetched_at": "2025-07-13T11:46:16.518861+00:00", "symbol": "ADA-USD"}, {"trade_id": 143334688, "side": "sell", "size": "1.60000000", "price": "0.73000000", "time": "2025-07-13T11:39:32.661766Z", "fetched_at": "2025-07-13T11:46:16.518861+00:00", "symbol": "ADA-USD"}, {"trade_id": 143334687, "side": "sell", "size": "3.61727435", "price": "0.72990000", "time": "2025-07-13T11:39:32.276153Z", "fetched_at": "2025-07-13T11:46:16.518861+00:00", "symbol": "ADA-USD"}, {"trade_id": 143334686, "side": "sell", "size": "1.60000000", "price": "0.72990000", "time": "2025-07-13T11:39:32.276153Z", "fetched_at": "2025-07-13T11:46:16.518861+00:00", "symbol": "ADA-USD"}, {"trade_id": 143334685, "side": "sell", "size": "5.47403254", "price": "0.72980000", "time": "2025-07-13T11:39:31.065484Z", "fetched_at": "2025-07-13T11:46:16.518861+00:00", "symbol": "ADA-USD"}, {"trade_id": 143334684, "side": "sell", "size": "6861.38589578", "price": "0.72980000", "time": "2025-07-13T11:39:31.065484Z", "fetched_at": "2025-07-13T11:46:16.518861+00:00", "symbol": "ADA-USD"}, {"trade_id": 143334683, "side": "buy", "size": "124.83840000", "price": "0.72980000", "time": "2025-07-13T11:39:30.936101Z", "fetched_at": "2025-07-13T11:46:16.518861+00:00", "symbol": "ADA-USD"}, {"trade_id": 143334682, "side": "buy", "size": "13.70238422", "price": "0.72980000", "time": "2025-07-13T11:39:30.936101Z", "fetched_at": "2025-07-13T11:46:16.518861+00:00", "symbol": "ADA-USD"}, {"trade_id": 143334681, "side": "buy", "size": "119.07332000", "price": "0.72980000", "time": "2025-07-13T11:39:30.936101Z", "fetched_at": "2025-07-13T11:46:16.518861+00:00", "symbol": "ADA-USD"}, {"trade_id": 143334680, "side": "sell", "size": "1.60000000", "price": "0.72980000", "time": "2025-07-13T11:39:30.446073Z", "fetched_at": "2025-07-13T11:46:16.518861+00:00", "symbol": "ADA-USD"}, {"trade_id": 143334679, "side": "sell", "size": "6.78453900", "price": "0.72970000", "time": "2025-07-13T11:39:26.390146Z", "fetched_at": "2025-07-13T11:46:16.518861+00:00", "symbol": "ADA-USD"}, {"trade_id": 143334678, "side": "sell", "size": "30.89697854", "price": "0.72960000", "time": "2025-07-13T11:39:17.942946Z", "fetched_at": "2025-07-13T11:46:16.518861+00:00", "symbol": "ADA-USD"}, {"trade_id": 143334677, "side": "sell", "size": "1.60987646", "price": "0.72960000", "time": "2025-07-13T11:39:17.942946Z", "fetched_at": "2025-07-13T11:46:16.518861+00:00", "symbol": "ADA-USD"}, {"trade_id": 143334676, "side": "sell", "size": "8.22328848", "price": "0.72970000", "time": "2025-07-13T11:39:07.649350Z", "fetched_at": "2025-07-13T11:46:16.518861+00:00", "symbol": "ADA-USD"}, {"trade_id": 143334675, "side": "sell", "size": "2.29418952", "price": "0.72960000", "time": "2025-07-13T11:39:07.649350Z", "fetched_at": "2025-07-13T11:46:16.518861+00:00", "symbol": "ADA-USD"}, {"trade_id": 143334674, "side": "sell", "size": "3.67443867", "price": "0.72940000", "time": "2025-07-13T11:39:06.313712Z", "fetched_at": "2025-07-13T11:46:16.518861+00:00", "symbol": "ADA-USD"}, {"trade_id": 143334673, "side": "buy", "size": "94.68290500", "price": "0.72930000", "time": "2025-07-13T11:39:04.453006Z", "fetched_at": "2025-07-13T11:46:16.518861+00:00", "symbol": "ADA-USD"}, {"trade_id": 143334672, "side": "sell", "size": "5.76284779", "price": "0.72930000", "time": "2025-07-13T11:39:04.042531Z", "fetched_at": "2025-07-13T11:46:16.518861+00:00", "symbol": "ADA-USD"}, {"trade_id": 143334671, "side": "buy", "size": "69.44385103", "price": "0.72920000", "time": "2025-07-13T11:38:59.910440Z", "fetched_at": "2025-07-13T11:46:16.518861+00:00", "symbol": "ADA-USD"}, {"trade_id": 143334670, "side": "buy", "size": "763.72267055", "price": "0.72920000", "time": "2025-07-13T11:38:59.910440Z", "fetched_at": "2025-07-13T11:46:16.518861+00:00", "symbol": "ADA-USD"}, {"trade_id": 143334669, "side": "buy", "size": "1.60000000", "price": "0.72920000", "time": "2025-07-13T11:38:59.910440Z", "fetched_at": "2025-07-13T11:46:16.518861+00:00", "symbol": "ADA-USD"}, {"trade_id": 143334668, "side": "buy", "size": "13.71177842", "price": "0.72930000", "time": "2025-07-13T11:38:59.910440Z", "fetched_at": "2025-07-13T11:46:16.518861+00:00", "symbol": "ADA-USD"}, {"trade_id": 143334667, "side": "buy", "size": "1.60000000", "price": "0.72930000", "time": "2025-07-13T11:38:59.910440Z", "fetched_at": "2025-07-13T11:46:16.518861+00:00", "symbol": "ADA-USD"}, {"trade_id": 143334666, "side": "buy", "size": "1.60000000", "price": "0.72940000", "time": "2025-07-13T11:38:59.910440Z", "fetched_at": "2025-07-13T11:46:16.518861+00:00", "symbol": "ADA-USD"}, {"trade_id": 143334665, "side": "sell", "size": "38.45726513", "price": "0.72950000", "time": "2025-07-13T11:38:57.995111Z", "fetched_at": "2025-07-13T11:46:16.518861+00:00", "symbol": "ADA-USD"}, {"trade_id": 143334664, "side": "sell", "size": "61.54273487", "price": "0.72950000", "time": "2025-07-13T11:38:57.995111Z", "fetched_at": "2025-07-13T11:46:16.518861+00:00", "symbol": "ADA-USD"}, {"trade_id": 143334663, "side": "sell", "size": "56.02503013", "price": "0.72950000", "time": "2025-07-13T11:38:47.165944Z", "fetched_at": "2025-07-13T11:46:16.518861+00:00", "symbol": "ADA-USD"}, {"trade_id": 143334662, "side": "sell", "size": "2.68880500", "price": "0.72950000", "time": "2025-07-13T11:38:44.260639Z", "fetched_at": "2025-07-13T11:46:16.518861+00:00", "symbol": "ADA-USD"}, {"trade_id": 143334661, "side": "sell", "size": "1.51049674", "price": "0.72980000", "time": "2025-07-13T11:38:32.387345Z", "fetched_at": "2025-07-13T11:46:16.518861+00:00", "symbol": "ADA-USD"}, {"trade_id": 143334660, "side": "sell", "size": "103.20265927", "price": "0.72980000", "time": "2025-07-13T11:38:27.585274Z", "fetched_at": "2025-07-13T11:46:16.518861+00:00", "symbol": "ADA-USD"}, {"trade_id": 143334659, "side": "sell", "size": "32.48812973", "price": "0.72980000", "time": "2025-07-13T11:38:27.585274Z", "fetched_at": "2025-07-13T11:46:16.518861+00:00", "symbol": "ADA-USD"}, {"trade_id": 143334658, "side": "sell", "size": "329.25999089", "price": "0.72990000", "time": "2025-07-13T11:38:23.283147Z", "fetched_at": "2025-07-13T11:46:16.518861+00:00", "symbol": "ADA-USD"}, {"trade_id": 143334657, "side": "sell", "size": "2.12520611", "price": "0.72980000", "time": "2025-07-13T11:38:23.283147Z", "fetched_at": "2025-07-13T11:46:16.518861+00:00", "symbol": "ADA-USD"}, {"trade_id": 143334656, "side": "sell", "size": "1.60000000", "price": "0.72980000", "time": "2025-07-13T11:38:23.283147Z", "fetched_at": "2025-07-13T11:46:16.518861+00:00", "symbol": "ADA-USD"}, {"trade_id": 143334655, "side": "sell", "size": "6.05286426", "price": "0.72970000", "time": "2025-07-13T11:38:17.654447Z", "fetched_at": "2025-07-13T11:46:16.518861+00:00", "symbol": "ADA-USD"}, {"trade_id": 143334654, "side": "sell", "size": "1.60000000", "price": "0.72970000", "time": "2025-07-13T11:38:17.654447Z", "fetched_at": "2025-07-13T11:46:16.518861+00:00", "symbol": "ADA-USD"}, {"trade_id": 143334653, "side": "sell", "size": "30.85342218", "price": "0.72960000", "time": "2025-07-13T11:38:17.283170Z", "fetched_at": "2025-07-13T11:46:16.518861+00:00", "symbol": "ADA-USD"}, {"trade_id": 143334652, "side": "sell", "size": "10.82890420", "price": "0.72960000", "time": "2025-07-13T11:38:17.283170Z", "fetched_at": "2025-07-13T11:46:16.518861+00:00", "symbol": "ADA-USD"}, {"trade_id": 143334651, "side": "sell", "size": "1.60000000", "price": "0.72960000", "time": "2025-07-13T11:38:17.283170Z", "fetched_at": "2025-07-13T11:46:16.518861+00:00", "symbol": "ADA-USD"}, {"trade_id": 143334650, "side": "sell", "size": "4.07072400", "price": "0.72940000", "time": "2025-07-13T11:38:06.214030Z", "fetched_at": "2025-07-13T11:46:16.518861+00:00", "symbol": "ADA-USD"}, {"trade_id": 143334649, "side": "sell", "size": "6.78453900", "price": "0.72940000", "time": "2025-07-13T11:38:03.979528Z", "fetched_at": "2025-07-13T11:46:16.518861+00:00", "symbol": "ADA-USD"}, {"trade_id": 143334648, "side": "buy", "size": "222.56931025", "price": "0.72940000", "time": "2025-07-13T11:37:58.358436Z", "fetched_at": "2025-07-13T11:46:16.518861+00:00", "symbol": "ADA-USD"}, {"trade_id": 143334647, "side": "buy", "size": "763.72267055", "price": "0.72940000", "time": "2025-07-13T11:37:58.358436Z", "fetched_at": "2025-07-13T11:46:16.518861+00:00", "symbol": "ADA-USD"}, {"trade_id": 143334646, "side": "buy", "size": "13.70801920", "price": "0.72950000", "time": "2025-07-13T11:37:58.358436Z", "fetched_at": "2025-07-13T11:46:16.518861+00:00", "symbol": "ADA-USD"}, {"trade_id": 143334645, "side": "sell", "size": "178.26688064", "price": "0.72960000", "time": "2025-07-13T11:37:54.742324Z", "fetched_at": "2025-07-13T11:46:16.518861+00:00", "symbol": "ADA-USD"}, {"trade_id": 143334644, "side": "sell", "size": "7.66262736", "price": "0.72960000", "time": "2025-07-13T11:37:54.742324Z", "fetched_at": "2025-07-13T11:46:16.518861+00:00", "symbol": "ADA-USD"}, {"trade_id": 143334643, "side": "sell", "size": "120.25657000", "price": "0.72960000", "time": "2025-07-13T11:37:54.742324Z", "fetched_at": "2025-07-13T11:46:16.518861+00:00", "symbol": "ADA-USD"}, {"trade_id": 143334642, "side": "sell", "size": "51.00306000", "price": "0.72960000", "time": "2025-07-13T11:37:54.742324Z", "fetched_at": "2025-07-13T11:46:16.518861+00:00", "symbol": "ADA-USD"}, {"trade_id": 143334641, "side": "sell", "size": "70.86167000", "price": "0.72950000", "time": "2025-07-13T11:37:50.484971Z", "fetched_at": "2025-07-13T11:46:16.518861+00:00", "symbol": "ADA-USD"}, {"trade_id": 143334640, "side": "buy", "size": "3.16338780", "price": "0.72940000", "time": "2025-07-13T11:37:49.032742Z", "fetched_at": "2025-07-13T11:46:16.518861+00:00", "symbol": "ADA-USD"}, {"trade_id": 143334639, "side": "buy", "size": "13.70801920", "price": "0.72950000", "time": "2025-07-13T11:37:49.032742Z", "fetched_at": "2025-07-13T11:46:16.518861+00:00", "symbol": "ADA-USD"}, {"trade_id": 143334638, "side": "buy", "size": "4.95763400", "price": "0.72950000", "time": "2025-07-13T11:37:47.571330Z", "fetched_at": "2025-07-13T11:46:16.518861+00:00", "symbol": "ADA-USD"}, {"trade_id": 143334637, "side": "sell", "size": "0.00191809", "price": "0.72960000", "time": "2025-07-13T11:37:42.215620Z", "fetched_at": "2025-07-13T11:46:16.518861+00:00", "symbol": "ADA-USD"}, {"trade_id": 143334636, "side": "sell", "size": "3.28428532", "price": "0.72960000", "time": "2025-07-13T11:37:42.199323Z", "fetched_at": "2025-07-13T11:46:16.518861+00:00", "symbol": "ADA-USD"}, {"trade_id": 143334635, "side": "sell", "size": "1.60000000", "price": "0.72960000", "time": "2025-07-13T11:37:42.199323Z", "fetched_at": "2025-07-13T11:46:16.518861+00:00", "symbol": "ADA-USD"}, {"trade_id": 143334634, "side": "sell", "size": "2.29123070", "price": "0.72950000", "time": "2025-07-13T11:37:31.968994Z", "fetched_at": "2025-07-13T11:46:16.518861+00:00", "symbol": "ADA-USD"}, {"trade_id": 143334633, "side": "sell", "size": "1.60000000", "price": "0.72950000", "time": "2025-07-13T11:37:31.968994Z", "fetched_at": "2025-07-13T11:46:16.518861+00:00", "symbol": "ADA-USD"}, {"trade_id": 143334632, "side": "sell", "size": "1860.36736000", "price": "0.72940000", "time": "2025-07-13T11:37:22.620233Z", "fetched_at": "2025-07-13T11:46:16.518861+00:00", "symbol": "ADA-USD"}, {"trade_id": 143334631, "side": "sell", "size": "577.28607013", "price": "0.72940000", "time": "2025-07-13T11:37:22.620233Z", "fetched_at": "2025-07-13T11:46:16.518861+00:00", "symbol": "ADA-USD"}, {"trade_id": 143334630, "side": "sell", "size": "1.60000000", "price": "0.72940000", "time": "2025-07-13T11:37:22.620233Z", "fetched_at": "2025-07-13T11:46:16.518861+00:00", "symbol": "ADA-USD"}, {"trade_id": 143334629, "side": "sell", "size": "612.63182804", "price": "0.72940000", "time": "2025-07-13T11:37:22.620233Z", "fetched_at": "2025-07-13T11:46:16.518861+00:00", "symbol": "ADA-USD"}, {"trade_id": 143334628, "side": "sell", "size": "763.72267055", "price": "0.72940000", "time": "2025-07-13T11:37:22.620233Z", "fetched_at": "2025-07-13T11:46:16.518861+00:00", "symbol": "ADA-USD"}, {"trade_id": 143334627, "side": "sell", "size": "1861.80826000", "price": "0.72930000", "time": "2025-07-13T11:37:22.611014Z", "fetched_at": "2025-07-13T11:46:16.518861+00:00", "symbol": "ADA-USD"}, {"trade_id": 143334626, "side": "sell", "size": "4895.60000000", "price": "0.72930000", "time": "2025-07-13T11:37:22.611014Z", "fetched_at": "2025-07-13T11:46:16.518861+00:00", "symbol": "ADA-USD"}, {"trade_id": 143334625, "side": "sell", "size": "770.97359234", "price": "0.72930000", "time": "2025-07-13T11:37:22.611014Z", "fetched_at": "2025-07-13T11:46:16.518861+00:00", "symbol": "ADA-USD"}, {"trade_id": 143334624, "side": "sell", "size": "275.00859402", "price": "0.72930000", "time": "2025-07-13T11:37:22.611014Z", "fetched_at": "2025-07-13T11:46:16.518861+00:00", "symbol": "ADA-USD"}, {"trade_id": 143334623, "side": "sell", "size": "1860.36736000", "price": "0.72930000", "time": "2025-07-13T11:37:22.611014Z", "fetched_at": "2025-07-13T11:46:16.518861+00:00", "symbol": "ADA-USD"}, {"trade_id": 143334622, "side": "sell", "size": "749.71365395", "price": "0.72930000", "time": "2025-07-13T11:37:22.611014Z", "fetched_at": "2025-07-13T11:46:16.518861+00:00", "symbol": "ADA-USD"}, {"trade_id": 143334621, "side": "sell", "size": "4.60875613", "price": "0.72920000", "time": "2025-07-13T11:37:22.611014Z", "fetched_at": "2025-07-13T11:46:16.518861+00:00", "symbol": "ADA-USD"}, {"trade_id": 143334620, "side": "sell", "size": "27.14993800", "price": "0.72920000", "time": "2025-07-13T11:37:22.154331Z", "fetched_at": "2025-07-13T11:46:16.518861+00:00", "symbol": "ADA-USD"}, {"trade_id": 143334619, "side": "sell", "size": "323.71270436", "price": "0.72930000", "time": "2025-07-13T11:37:14.706698Z", "fetched_at": "2025-07-13T11:46:16.518861+00:00", "symbol": "ADA-USD"}, {"trade_id": 143334618, "side": "sell", "size": "8.50975364", "price": "0.72920000", "time": "2025-07-13T11:37:14.706698Z", "fetched_at": "2025-07-13T11:46:16.518861+00:00", "symbol": "ADA-USD"}, {"trade_id": 143334617, "side": "sell", "size": "120.25657000", "price": "0.72920000", "time": "2025-07-13T11:37:14.706698Z", "fetched_at": "2025-07-13T11:46:16.518861+00:00", "symbol": "ADA-USD"}, {"trade_id": 143334616, "side": "buy", "size": "70.86167000", "price": "0.72910000", "time": "2025-07-13T11:37:12.774368Z", "fetched_at": "2025-07-13T11:46:16.518861+00:00", "symbol": "ADA-USD"}, {"trade_id": 143334615, "side": "buy", "size": "50.00000000", "price": "0.72910000", "time": "2025-07-13T11:37:10.402194Z", "fetched_at": "2025-07-13T11:46:16.518861+00:00", "symbol": "ADA-USD"}, {"trade_id": 143334614, "side": "sell", "size": "117.42847712", "price": "0.72930000", "time": "2025-07-13T11:37:10.163357Z", "fetched_at": "2025-07-13T11:46:16.518861+00:00", "symbol": "ADA-USD"}, {"trade_id": 143334613, "side": "sell", "size": "820.69581680", "price": "0.72930000", "time": "2025-07-13T11:37:10.163357Z", "fetched_at": "2025-07-13T11:46:16.518861+00:00", "symbol": "ADA-USD"}, {"trade_id": 143334612, "side": "sell", "size": "275.00859402", "price": "0.72930000", "time": "2025-07-13T11:37:10.163357Z", "fetched_at": "2025-07-13T11:46:16.518861+00:00", "symbol": "ADA-USD"}, {"trade_id": 143334611, "side": "sell", "size": "1865.26285000", "price": "0.72930000", "time": "2025-07-13T11:37:10.163357Z", "fetched_at": "2025-07-13T11:46:16.518861+00:00", "symbol": "ADA-USD"}, {"trade_id": 143334610, "side": "sell", "size": "448.97672563", "price": "0.72930000", "time": "2025-07-13T11:37:10.163357Z", "fetched_at": "2025-07-13T11:46:16.518861+00:00", "symbol": "ADA-USD"}, {"trade_id": 143334609, "side": "sell", "size": "1.60000000", "price": "0.72930000", "time": "2025-07-13T11:37:10.163357Z", "fetched_at": "2025-07-13T11:46:16.518861+00:00", "symbol": "ADA-USD"}, {"trade_id": 143334608, "side": "sell", "size": "763.72267055", "price": "0.72930000", "time": "2025-07-13T11:37:10.163357Z", "fetched_at": "2025-07-13T11:46:16.518861+00:00", "symbol": "ADA-USD"}, {"trade_id": 143334607, "side": "sell", "size": "1861.82007000", "price": "0.72920000", "time": "2025-07-13T11:37:10.163357Z", "fetched_at": "2025-07-13T11:46:16.518861+00:00", "symbol": "ADA-USD"}, {"trade_id": 143334606, "side": "sell", "size": "4897.70000000", "price": "0.72920000", "time": "2025-07-13T11:37:10.163357Z", "fetched_at": "2025-07-13T11:46:16.518861+00:00", "symbol": "ADA-USD"}, {"trade_id": 143334605, "side": "sell", "size": "665.23948996", "price": "0.72920000", "time": "2025-07-13T11:37:10.163357Z", "fetched_at": "2025-07-13T11:46:16.518861+00:00", "symbol": "ADA-USD"}, {"trade_id": 143334604, "side": "sell", "size": "926.94195743", "price": "0.72920000", "time": "2025-07-13T11:37:10.163357Z", "fetched_at": "2025-07-13T11:46:16.518861+00:00", "symbol": "ADA-USD"}, {"trade_id": 143334603, "side": "sell", "size": "1863.24408000", "price": "0.72920000", "time": "2025-07-13T11:37:10.163357Z", "fetched_at": "2025-07-13T11:46:16.518861+00:00", "symbol": "ADA-USD"}, {"trade_id": 143334602, "side": "sell", "size": "1.60000000", "price": "0.72920000", "time": "2025-07-13T11:37:10.163357Z", "fetched_at": "2025-07-13T11:46:16.518861+00:00", "symbol": "ADA-USD"}, {"trade_id": 143334601, "side": "sell", "size": "922.74656309", "price": "0.72920000", "time": "2025-07-13T11:37:10.163357Z", "fetched_at": "2025-07-13T11:46:16.518861+00:00", "symbol": "ADA-USD"}, {"trade_id": 143334600, "side": "sell", "size": "763.72267055", "price": "0.72920000", "time": "2025-07-13T11:37:10.163357Z", "fetched_at": "2025-07-13T11:46:16.518861+00:00", "symbol": "ADA-USD"}, {"trade_id": 143334599, "side": "sell", "size": "13.71828252", "price": "0.72910000", "time": "2025-07-13T11:37:10.163357Z", "fetched_at": "2025-07-13T11:46:16.518861+00:00", "symbol": "ADA-USD"}, {"trade_id": 143334598, "side": "sell", "size": "3197.90038798", "price": "0.72910000", "time": "2025-07-13T11:37:10.163357Z", "fetched_at": "2025-07-13T11:46:16.518861+00:00", "symbol": "ADA-USD"}, {"trade_id": 143334597, "side": "sell", "size": "355.18377745", "price": "0.72910000", "time": "2025-07-13T11:37:10.163357Z", "fetched_at": "2025-07-13T11:46:16.518861+00:00", "symbol": "ADA-USD"}, {"trade_id": 143334596, "side": "sell", "size": "763.72267055", "price": "0.72910000", "time": "2025-07-13T11:37:10.163357Z", "fetched_at": "2025-07-13T11:46:16.518861+00:00", "symbol": "ADA-USD"}, {"trade_id": 143334595, "side": "sell", "size": "1.60000000", "price": "0.72910000", "time": "2025-07-13T11:37:10.163357Z", "fetched_at": "2025-07-13T11:46:16.518861+00:00", "symbol": "ADA-USD"}, {"trade_id": 143334594, "side": "sell", "size": "1.60000000", "price": "0.72900000", "time": "2025-07-13T11:37:10.163357Z", "fetched_at": "2025-07-13T11:46:16.518861+00:00", "symbol": "ADA-USD"}, {"trade_id": 143334593, "side": "sell", "size": "13.72019294", "price": "0.72880000", "time": "2025-07-13T11:37:07.699463Z", "fetched_at": "2025-07-13T11:46:16.518861+00:00", "symbol": "ADA-USD"}, {"trade_id": 143334592, "side": "buy", "size": "6.68441203", "price": "0.72880000", "time": "2025-07-13T11:37:05.685617Z", "fetched_at": "2025-07-13T11:46:16.518861+00:00", "symbol": "ADA-USD"}, {"trade_id": 143334591, "side": "buy", "size": "358.44987048", "price": "0.72870000", "time": "2025-07-13T11:36:59.836089Z", "fetched_at": "2025-07-13T11:46:16.518861+00:00", "symbol": "ADA-USD"}, {"trade_id": 143334590, "side": "buy", "size": "310.50000000", "price": "0.72870000", "time": "2025-07-13T11:36:59.836089Z", "fetched_at": "2025-07-13T11:46:16.518861+00:00", "symbol": "ADA-USD"}, {"trade_id": 143334589, "side": "buy", "size": "13.72118552", "price": "0.72880000", "time": "2025-07-13T11:36:59.836089Z", "fetched_at": "2025-07-13T11:46:16.518861+00:00", "symbol": "ADA-USD"}, {"trade_id": 143334588, "side": "buy", "size": "1.60000000", "price": "0.72880000", "time": "2025-07-13T11:36:59.836089Z", "fetched_at": "2025-07-13T11:46:16.518861+00:00", "symbol": "ADA-USD"}, {"trade_id": 143334587, "side": "buy", "size": "1.60000000", "price": "0.72890000", "time": "2025-07-13T11:36:59.836089Z", "fetched_at": "2025-07-13T11:46:16.518861+00:00", "symbol": "ADA-USD"}, {"trade_id": 143334586, "side": "sell", "size": "2.35928200", "price": "0.72900000", "time": "2025-07-13T11:36:51.992986Z", "fetched_at": "2025-07-13T11:46:16.518861+00:00", "symbol": "ADA-USD"}, {"trade_id": 143334585, "side": "sell", "size": "10.14320987", "price": "0.72900000", "time": "2025-07-13T11:36:47.721231Z", "fetched_at": "2025-07-13T11:46:16.518861+00:00", "symbol": "ADA-USD"}, {"trade_id": 143334584, "side": "sell", "size": "13.71831792", "price": "0.72900000", "time": "2025-07-13T11:36:44.439086Z", "fetched_at": "2025-07-13T11:46:16.518861+00:00", "symbol": "ADA-USD"}, {"trade_id": 143334583, "side": "sell", "size": "3689.87109665", "price": "0.72910000", "time": "2025-07-13T11:36:42.109438Z", "fetched_at": "2025-07-13T11:46:16.518861+00:00", "symbol": "ADA-USD"}, {"trade_id": 143334582, "side": "sell", "size": "763.72267055", "price": "0.72910000", "time": "2025-07-13T11:36:42.109438Z", "fetched_at": "2025-07-13T11:46:16.518861+00:00", "symbol": "ADA-USD"}, {"trade_id": 143334581, "side": "sell", "size": "13.71828704", "price": "0.72900000", "time": "2025-07-13T11:36:42.109438Z", "fetched_at": "2025-07-13T11:46:16.518861+00:00", "symbol": "ADA-USD"}, {"trade_id": 143334580, "side": "sell", "size": "683.07153176", "price": "0.72900000", "time": "2025-07-13T11:36:42.109438Z", "fetched_at": "2025-07-13T11:46:16.518861+00:00", "symbol": "ADA-USD"}, {"trade_id": 143334579, "side": "sell", "size": "180.38486000", "price": "0.72900000", "time": "2025-07-13T11:36:42.109438Z", "fetched_at": "2025-07-13T11:46:16.518861+00:00", "symbol": "ADA-USD"}, {"trade_id": 143334578, "side": "buy", "size": "2.95149409", "price": "0.72900000", "time": "2025-07-13T11:36:36.931384Z", "fetched_at": "2025-07-13T11:46:16.518861+00:00", "symbol": "ADA-USD"}, {"trade_id": 143334577, "side": "buy", "size": "8498.57552001", "price": "0.72900000", "time": "2025-07-13T11:36:36.926358Z", "fetched_at": "2025-07-13T11:46:16.518861+00:00", "symbol": "ADA-USD"}, {"trade_id": 143334576, "side": "buy", "size": "83.96453882", "price": "0.72890000", "time": "2025-07-13T11:36:31.623810Z", "fetched_at": "2025-07-13T11:46:16.518861+00:00", "symbol": "ADA-USD"}, {"trade_id": 143334575, "side": "buy", "size": "3.66251818", "price": "0.72890000", "time": "2025-07-13T11:36:31.623810Z", "fetched_at": "2025-07-13T11:46:16.518861+00:00", "symbol": "ADA-USD"}, {"trade_id": 143334574, "side": "sell", "size": "525.70638139", "price": "0.72900000", "time": "2025-07-13T11:36:21.975131Z", "fetched_at": "2025-07-13T11:46:16.518861+00:00", "symbol": "ADA-USD"}, {"trade_id": 143334573, "side": "sell", "size": "720.42932376", "price": "0.72890000", "time": "2025-07-13T11:36:21.975131Z", "fetched_at": "2025-07-13T11:46:16.518861+00:00", "symbol": "ADA-USD"}, {"trade_id": 143334572, "side": "sell", "size": "120.25657000", "price": "0.72890000", "time": "2025-07-13T11:36:21.975131Z", "fetched_at": "2025-07-13T11:46:16.518861+00:00", "symbol": "ADA-USD"}, {"trade_id": 143334571, "side": "buy", "size": "1.60000000", "price": "0.72890000", "time": "2025-07-13T11:36:20.476362Z", "fetched_at": "2025-07-13T11:46:16.518861+00:00", "symbol": "ADA-USD"}, {"trade_id": 143334570, "side": "buy", "size": "34.21251200", "price": "0.72890000", "time": "2025-07-13T11:36:20.476362Z", "fetched_at": "2025-07-13T11:46:16.518861+00:00", "symbol": "ADA-USD"}, {"trade_id": 143334569, "side": "buy", "size": "57.49920000", "price": "0.72910000", "time": "2025-07-13T11:36:18.535Z", "fetched_at": "2025-07-13T11:46:16.518861+00:00", "symbol": "ADA-USD"}, {"trade_id": 143334568, "side": "buy", "size": "70.86167000", "price": "0.72910000", "time": "2025-07-13T11:36:16.853218Z", "fetched_at": "2025-07-13T11:46:16.518861+00:00", "symbol": "ADA-USD"}, {"trade_id": 143334567, "side": "sell", "size": "687.13910238", "price": "0.72910000", "time": "2025-07-13T11:36:16.840009Z", "fetched_at": "2025-07-13T11:46:16.518861+00:00", "symbol": "ADA-USD"}, {"trade_id": 143334566, "side": "sell", "size": "978.91336604", "price": "0.72910000", "time": "2025-07-13T11:36:16.840009Z", "fetched_at": "2025-07-13T11:46:16.518861+00:00", "symbol": "ADA-USD"}, {"trade_id": 143334565, "side": "sell", "size": "763.72267055", "price": "0.72910000", "time": "2025-07-13T11:36:16.840009Z", "fetched_at": "2025-07-13T11:46:16.518861+00:00", "symbol": "ADA-USD"}, {"trade_id": 143334564, "side": "sell", "size": "4895.10000000", "price": "0.72910000", "time": "2025-07-13T11:36:16.840009Z", "fetched_at": "2025-07-13T11:46:16.518861+00:00", "symbol": "ADA-USD"}, {"trade_id": 143334563, "side": "sell", "size": "810.20515651", "price": "0.72910000", "time": "2025-07-13T11:36:16.840009Z", "fetched_at": "2025-07-13T11:46:16.518861+00:00", "symbol": "ADA-USD"}, {"trade_id": 143334562, "side": "sell", "size": "120.25657000", "price": "0.72910000", "time": "2025-07-13T11:36:16.840009Z", "fetched_at": "2025-07-13T11:46:16.518861+00:00", "symbol": "ADA-USD"}, {"trade_id": 143334561, "side": "sell", "size": "50.00000000", "price": "0.72900000", "time": "2025-07-13T11:36:16.839467Z", "fetched_at": "2025-07-13T11:46:16.518861+00:00", "symbol": "ADA-USD"}, {"trade_id": 143334560, "side": "sell", "size": "13.71644224", "price": "0.72900000", "time": "2025-07-13T11:36:16.839467Z", "fetched_at": "2025-07-13T11:46:16.518861+00:00", "symbol": "ADA-USD"}, {"trade_id": 143334559, "side": "sell", "size": "120.25657000", "price": "0.72900000", "time": "2025-07-13T11:36:16.839467Z", "fetched_at": "2025-07-13T11:46:16.518861+00:00", "symbol": "ADA-USD"}, {"trade_id": 143334558, "side": "sell", "size": "49.40306000", "price": "0.72900000", "time": "2025-07-13T11:36:16.839467Z", "fetched_at": "2025-07-13T11:46:16.518861+00:00", "symbol": "ADA-USD"}, {"trade_id": 143334557, "side": "buy", "size": "1.60000000", "price": "0.72900000", "time": "2025-07-13T11:36:15.841332Z", "fetched_at": "2025-07-13T11:46:16.518861+00:00", "symbol": "ADA-USD"}, {"trade_id": 143334556, "side": "buy", "size": "1.94933747", "price": "0.72910000", "time": "2025-07-13T11:36:12.349584Z", "fetched_at": "2025-07-13T11:46:16.518861+00:00", "symbol": "ADA-USD"}, {"trade_id": 143334555, "side": "buy", "size": "59.26167000", "price": "0.72910000", "time": "2025-07-13T11:36:12.337756Z", "fetched_at": "2025-07-13T11:46:16.518861+00:00", "symbol": "ADA-USD"}, {"trade_id": 143334554, "side": "buy", "size": "1.60000000", "price": "0.72910000", "time": "2025-07-13T11:36:12.337756Z", "fetched_at": "2025-07-13T11:46:16.518861+00:00", "symbol": "ADA-USD"}, {"trade_id": 143334553, "side": "buy", "size": "10.00000000", "price": "0.72910000", "time": "2025-07-13T11:36:12.337756Z", "fetched_at": "2025-07-13T11:46:16.518861+00:00", "symbol": "ADA-USD"}, {"trade_id": 143334552, "side": "buy", "size": "2.62086885", "price": "0.72920000", "time": "2025-07-13T11:36:08.991026Z", "fetched_at": "2025-07-13T11:46:16.518861+00:00", "symbol": "ADA-USD"}, {"trade_id": 143334551, "side": "buy", "size": "1.60000000", "price": "0.72920000", "time": "2025-07-13T11:36:08.991026Z", "fetched_at": "2025-07-13T11:46:16.518861+00:00", "symbol": "ADA-USD"}, {"trade_id": 143334550, "side": "buy", "size": "2.52059352", "price": "0.72930000", "time": "2025-07-13T11:36:08.911511Z", "fetched_at": "2025-07-13T11:46:16.518861+00:00", "symbol": "ADA-USD"}, {"trade_id": 143334549, "side": "buy", "size": "7.61448516", "price": "0.72920000", "time": "2025-07-13T11:36:07.612245Z", "fetched_at": "2025-07-13T11:46:16.518861+00:00", "symbol": "ADA-USD"}, {"trade_id": 143334548, "side": "buy", "size": "4.61442384", "price": "0.72930000", "time": "2025-07-13T11:36:07.612245Z", "fetched_at": "2025-07-13T11:46:16.518861+00:00", "symbol": "ADA-USD"}, {"trade_id": 143334547, "side": "buy", "size": "1.60000000", "price": "0.72930000", "time": "2025-07-13T11:36:07.612245Z", "fetched_at": "2025-07-13T11:46:16.518861+00:00", "symbol": "ADA-USD"}, {"trade_id": 143334546, "side": "buy", "size": "2506.82917181", "price": "0.72940000", "time": "2025-07-13T11:36:07.466730Z", "fetched_at": "2025-07-13T11:46:16.518861+00:00", "symbol": "ADA-USD"}, {"trade_id": 143334545, "side": "buy", "size": "1115.72014661", "price": "0.72940000", "time": "2025-07-13T11:36:07.466730Z", "fetched_at": "2025-07-13T11:46:16.518861+00:00", "symbol": "ADA-USD"}, {"trade_id": 143334544, "side": "buy", "size": "3432.80987890", "price": "0.72940000", "time": "2025-07-13T11:36:07.466730Z", "fetched_at": "2025-07-13T11:46:16.518861+00:00", "symbol": "ADA-USD"}, {"trade_id": 143334543, "side": "buy", "size": "763.72267055", "price": "0.72940000", "time": "2025-07-13T11:36:07.466730Z", "fetched_at": "2025-07-13T11:46:16.518861+00:00", "symbol": "ADA-USD"}, {"trade_id": 143334542, "side": "buy", "size": "1.60000000", "price": "0.72940000", "time": "2025-07-13T11:36:07.466730Z", "fetched_at": "2025-07-13T11:46:16.518861+00:00", "symbol": "ADA-USD"}, {"trade_id": 143334541, "side": "buy", "size": "4.64190728", "price": "0.72950000", "time": "2025-07-13T11:36:07.466730Z", "fetched_at": "2025-07-13T11:46:16.518861+00:00", "symbol": "ADA-USD"}, {"trade_id": 143334540, "side": "buy", "size": "124.55434821", "price": "0.72950000", "time": "2025-07-13T11:36:07.466730Z", "fetched_at": "2025-07-13T11:46:16.518861+00:00", "symbol": "ADA-USD"}, {"trade_id": 143334539, "side": "buy", "size": "1.60000000", "price": "0.72950000", "time": "2025-07-13T11:36:07.466730Z", "fetched_at": "2025-07-13T11:46:16.518861+00:00", "symbol": "ADA-USD"}, {"trade_id": 143334538, "side": "sell", "size": "39.97161778", "price": "0.72960000", "time": "2025-07-13T11:36:06.154681Z", "fetched_at": "2025-07-13T11:46:16.518861+00:00", "symbol": "ADA-USD"}, {"trade_id": 143334537, "side": "sell", "size": "2.68449422", "price": "0.72960000", "time": "2025-07-13T11:36:06.154681Z", "fetched_at": "2025-07-13T11:46:16.518861+00:00", "symbol": "ADA-USD"}, {"trade_id": 143334536, "side": "sell", "size": "1.35635000", "price": "0.72960000", "time": "2025-07-13T11:36:02.899387Z", "fetched_at": "2025-07-13T11:46:16.518861+00:00", "symbol": "ADA-USD"}, {"trade_id": 143334535, "side": "sell", "size": "19.57779766", "price": "0.72960000", "time": "2025-07-13T11:36:02.106273Z", "fetched_at": "2025-07-13T11:46:16.518861+00:00", "symbol": "ADA-USD"}, {"trade_id": 143334534, "side": "sell", "size": "13.70703634", "price": "0.72960000", "time": "2025-07-13T11:36:02.106273Z", "fetched_at": "2025-07-13T11:46:16.518861+00:00", "symbol": "ADA-USD"}, {"trade_id": 143334533, "side": "buy", "size": "1.81650736", "price": "0.72960000", "time": "2025-07-13T11:35:57.734436Z", "fetched_at": "2025-07-13T11:46:16.518861+00:00", "symbol": "ADA-USD"}, {"trade_id": 143334532, "side": "buy", "size": "1.60000000", "price": "0.72960000", "time": "2025-07-13T11:35:57.734436Z", "fetched_at": "2025-07-13T11:46:16.518861+00:00", "symbol": "ADA-USD"}, {"trade_id": 143334531, "side": "buy", "size": "1.60000000", "price": "0.72970000", "time": "2025-07-13T11:35:57.726718Z", "fetched_at": "2025-07-13T11:46:16.518861+00:00", "symbol": "ADA-USD"}, {"trade_id": 143334530, "side": "buy", "size": "1.84313143", "price": "0.72980000", "time": "2025-07-13T11:35:54.098807Z", "fetched_at": "2025-07-13T11:46:16.518861+00:00", "symbol": "ADA-USD"}, {"trade_id": 143334529, "side": "buy", "size": "1.60000000", "price": "0.72980000", "time": "2025-07-13T11:35:54.098807Z", "fetched_at": "2025-07-13T11:46:16.518861+00:00", "symbol": "ADA-USD"}, {"trade_id": 143334528, "side": "buy", "size": "2.09564712", "price": "0.72990000", "time": "2025-07-13T11:35:51.127884Z", "fetched_at": "2025-07-13T11:46:16.518861+00:00", "symbol": "ADA-USD"}, {"trade_id": 143334527, "side": "buy", "size": "1.60000000", "price": "0.72990000", "time": "2025-07-13T11:35:51.127884Z", "fetched_at": "2025-07-13T11:46:16.518861+00:00", "symbol": "ADA-USD"}, {"trade_id": 143334526, "side": "buy", "size": "2.36606715", "price": "0.73000000", "time": "2025-07-13T11:35:50.669036Z", "fetched_at": "2025-07-13T11:46:16.518861+00:00", "symbol": "ADA-USD"}, {"trade_id": 143334525, "side": "buy", "size": "2.30776045", "price": "0.73010000", "time": "2025-07-13T11:35:49.849070Z", "fetched_at": "2025-07-13T11:46:16.518861+00:00", "symbol": "ADA-USD"}, {"trade_id": 143334524, "side": "sell", "size": "43.31750631", "price": "0.73010000", "time": "2025-07-13T11:35:43.812494Z", "fetched_at": "2025-07-13T11:46:16.518861+00:00", "symbol": "ADA-USD"}, {"trade_id": 143334523, "side": "buy", "size": "683.64509451", "price": "0.72990000", "time": "2025-07-13T11:35:34.808799Z", "fetched_at": "2025-07-13T11:46:16.518861+00:00", "symbol": "ADA-USD"}, {"trade_id": 143334522, "side": "buy", "size": "3.11149149", "price": "0.73000000", "time": "2025-07-13T11:35:34.808799Z", "fetched_at": "2025-07-13T11:46:16.518861+00:00", "symbol": "ADA-USD"}, {"trade_id": 143334521, "side": "sell", "size": "3.94123500", "price": "0.73010000", "time": "2025-07-13T11:35:32.839107Z", "fetched_at": "2025-07-13T11:46:16.518861+00:00", "symbol": "ADA-USD"}, {"trade_id": 143334520, "side": "buy", "size": "3.31459391", "price": "0.72990000", "time": "2025-07-13T11:35:27.796026Z", "fetched_at": "2025-07-13T11:46:16.518861+00:00", "symbol": "ADA-USD"}, {"trade_id": 143334519, "side": "buy", "size": "1.60000000", "price": "0.72990000", "time": "2025-07-13T11:35:27.796026Z", "fetched_at": "2025-07-13T11:46:16.518861+00:00", "symbol": "ADA-USD"}, {"trade_id": 143334518, "side": "buy", "size": "4.16078773", "price": "0.73000000", "time": "2025-07-13T11:35:27.290220Z", "fetched_at": "2025-07-13T11:46:16.518861+00:00", "symbol": "ADA-USD"}, {"trade_id": 143334517, "side": "buy", "size": "6.77207952", "price": "0.73010000", "time": "2025-07-13T11:35:23.976170Z", "fetched_at": "2025-07-13T11:46:16.518861+00:00", "symbol": "ADA-USD"}, {"trade_id": 143334516, "side": "buy", "size": "74.58098690", "price": "0.73000000", "time": "2025-07-13T11:35:18.675867Z", "fetched_at": "2025-07-13T11:46:16.518861+00:00", "symbol": "ADA-USD"}, {"trade_id": 143334515, "side": "buy", "size": "970.29583548", "price": "0.73000000", "time": "2025-07-13T11:35:18.675867Z", "fetched_at": "2025-07-13T11:46:16.518861+00:00", "symbol": "ADA-USD"}, {"trade_id": 143334514, "side": "buy", "size": "1179.50555614", "price": "0.73000000", "time": "2025-07-13T11:35:18.675867Z", "fetched_at": "2025-07-13T11:46:16.518861+00:00", "symbol": "ADA-USD"}, {"trade_id": 143334513, "side": "buy", "size": "1.60000000", "price": "0.73000000", "time": "2025-07-13T11:35:18.675867Z", "fetched_at": "2025-07-13T11:46:16.518861+00:00", "symbol": "ADA-USD"}, {"trade_id": 143334512, "side": "buy", "size": "761.64958774", "price": "0.73000000", "time": "2025-07-13T11:35:18.675867Z", "fetched_at": "2025-07-13T11:46:16.518861+00:00", "symbol": "ADA-USD"}, {"trade_id": 143334511, "side": "buy", "size": "51.00306000", "price": "0.73010000", "time": "2025-07-13T11:35:18.675867Z", "fetched_at": "2025-07-13T11:46:16.518861+00:00", "symbol": "ADA-USD"}, {"trade_id": 143334510, "side": "buy", "size": "50.00000000", "price": "0.73010000", "time": "2025-07-13T11:35:18.675867Z", "fetched_at": "2025-07-13T11:46:16.518861+00:00", "symbol": "ADA-USD"}, {"trade_id": 143334509, "side": "buy", "size": "310.50000000", "price": "0.73010000", "time": "2025-07-13T11:35:18.675867Z", "fetched_at": "2025-07-13T11:46:16.518861+00:00", "symbol": "ADA-USD"}, {"trade_id": 143334508, "side": "buy", "size": "6.58634774", "price": "0.73010000", "time": "2025-07-13T11:35:18.675867Z", "fetched_at": "2025-07-13T11:46:16.518861+00:00", "symbol": "ADA-USD"}, {"trade_id": 143334507, "side": "buy", "size": "1.60000000", "price": "0.73010000", "time": "2025-07-13T11:35:18.675867Z", "fetched_at": "2025-07-13T11:46:16.518861+00:00", "symbol": "ADA-USD"}, {"trade_id": 143334506, "side": "buy", "size": "13.69300288", "price": "0.73030000", "time": "2025-07-13T11:35:06.741908Z", "fetched_at": "2025-07-13T11:46:16.518861+00:00", "symbol": "ADA-USD"}, {"trade_id": 143334505, "side": "sell", "size": "0.00000096", "price": "0.73040000", "time": "2025-07-13T11:35:04.514153Z", "fetched_at": "2025-07-13T11:46:16.518861+00:00", "symbol": "ADA-USD"}, {"trade_id": 143334504, "side": "sell", "size": "13.69390000", "price": "0.73040000", "time": "2025-07-13T11:35:04.513959Z", "fetched_at": "2025-07-13T11:46:16.518861+00:00", "symbol": "ADA-USD"}, {"trade_id": 143334503, "side": "sell", "size": "1.60000000", "price": "0.73040000", "time": "2025-07-13T11:35:04.513959Z", "fetched_at": "2025-07-13T11:46:16.518861+00:00", "symbol": "ADA-USD"}, {"trade_id": 143334502, "side": "sell", "size": "4892.00000000", "price": "0.73040000", "time": "2025-07-13T11:35:04.513959Z", "fetched_at": "2025-07-13T11:46:16.518861+00:00", "symbol": "ADA-USD"}, {"trade_id": 143334501, "side": "sell", "size": "0.00004925", "price": "0.73030000", "time": "2025-07-13T11:35:00.486194Z", "fetched_at": "2025-07-13T11:46:16.518861+00:00", "symbol": "ADA-USD"}, {"trade_id": 143334500, "side": "sell", "size": "13.69380000", "price": "0.73030000", "time": "2025-07-13T11:35:00.484576Z", "fetched_at": "2025-07-13T11:46:16.518861+00:00", "symbol": "ADA-USD"}, {"trade_id": 143334499, "side": "sell", "size": "67.77108400", "price": "0.73020000", "time": "2025-07-13T11:34:57.359491Z", "fetched_at": "2025-07-13T11:46:16.518861+00:00", "symbol": "ADA-USD"}, {"trade_id": 143334498, "side": "buy", "size": "6.56139651", "price": "0.73020000", "time": "2025-07-13T11:34:56.637060Z", "fetched_at": "2025-07-13T11:46:16.518861+00:00", "symbol": "ADA-USD"}, {"trade_id": 143334497, "side": "buy", "size": "1.60000000", "price": "0.73020000", "time": "2025-07-13T11:34:56.637060Z", "fetched_at": "2025-07-13T11:46:16.518861+00:00", "symbol": "ADA-USD"}, {"trade_id": 143334496, "side": "buy", "size": "13.69300288", "price": "0.73030000", "time": "2025-07-13T11:34:37.818021Z", "fetched_at": "2025-07-13T11:46:16.518861+00:00", "symbol": "ADA-USD"}, {"trade_id": 143334495, "side": "buy", "size": "324.01131956", "price": "0.73020000", "time": "2025-07-13T11:34:27.746919Z", "fetched_at": "2025-07-13T11:46:16.518861+00:00", "symbol": "ADA-USD"}, {"trade_id": 143334494, "side": "buy", "size": "75.57665824", "price": "0.73020000", "time": "2025-07-13T11:34:27.746919Z", "fetched_at": "2025-07-13T11:46:16.518861+00:00", "symbol": "ADA-USD"}, {"trade_id": 143334493, "side": "buy", "size": "13.69300288", "price": "0.73030000", "time": "2025-07-13T11:34:27.746919Z", "fetched_at": "2025-07-13T11:46:16.518861+00:00", "symbol": "ADA-USD"}, {"trade_id": 143334492, "side": "sell", "size": "5.83488566", "price": "0.73040000", "time": "2025-07-13T11:34:15.316686Z", "fetched_at": "2025-07-13T11:46:16.518861+00:00", "symbol": "ADA-USD"}, {"trade_id": 143334491, "side": "sell", "size": "1.60000000", "price": "0.73040000", "time": "2025-07-13T11:34:15.316686Z", "fetched_at": "2025-07-13T11:46:16.518861+00:00", "symbol": "ADA-USD"}, {"trade_id": 143334490, "side": "sell", "size": "13.55792900", "price": "0.73040000", "time": "2025-07-13T11:34:10.559644Z", "fetched_at": "2025-07-13T11:46:16.518861+00:00", "symbol": "ADA-USD"}, {"trade_id": 143334489, "side": "sell", "size": "13.69958284", "price": "0.73020000", "time": "2025-07-13T11:34:08.279281Z", "fetched_at": "2025-07-13T11:46:16.518861+00:00", "symbol": "ADA-USD"}, {"trade_id": 143334488, "side": "sell", "size": "1.60000000", "price": "0.73020000", "time": "2025-07-13T11:34:08.279281Z", "fetched_at": "2025-07-13T11:46:16.518861+00:00", "symbol": "ADA-USD"}, {"trade_id": 143334487, "side": "sell", "size": "4562.75546532", "price": "0.73010000", "time": "2025-07-13T11:34:07.774066Z", "fetched_at": "2025-07-13T11:46:16.518861+00:00", "symbol": "ADA-USD"}, {"trade_id": 143334486, "side": "sell", "size": "915.66726995", "price": "0.73010000", "time": "2025-07-13T11:34:07.774066Z", "fetched_at": "2025-07-13T11:46:16.518861+00:00", "symbol": "ADA-USD"}, {"trade_id": 143334485, "side": "sell", "size": "761.64958774", "price": "0.73010000", "time": "2025-07-13T11:34:07.774066Z", "fetched_at": "2025-07-13T11:46:16.518861+00:00", "symbol": "ADA-USD"}, {"trade_id": 143334484, "side": "buy", "size": "70.86167000", "price": "0.72980000", "time": "2025-07-13T11:34:03.808581Z", "fetched_at": "2025-07-13T11:46:16.518861+00:00", "symbol": "ADA-USD"}, {"trade_id": 143334483, "side": "sell", "size": "699.76110196", "price": "0.72990000", "time": "2025-07-13T11:34:03.808251Z", "fetched_at": "2025-07-13T11:46:16.518861+00:00", "symbol": "ADA-USD"}, {"trade_id": 143334482, "side": "sell", "size": "761.64958774", "price": "0.72990000", "time": "2025-07-13T11:34:03.808251Z", "fetched_at": "2025-07-13T11:46:16.518861+00:00", "symbol": "ADA-USD"}, {"trade_id": 143334481, "side": "sell", "size": "13.69583214", "price": "0.72990000", "time": "2025-07-13T11:34:03.808251Z", "fetched_at": "2025-07-13T11:46:16.518861+00:00", "symbol": "ADA-USD"}