[{"trade_id": 667678689, "side": "sell", "size": "0.00151551", "price": "3128.25000000", "time": "2025-07-16T00:10:50.013019Z", "fetched_at": "2025-07-16T00:10:50.805266+00:00", "symbol": "ETH-USD"}, {"trade_id": 667678688, "side": "buy", "size": "0.01216082", "price": "3128.01000000", "time": "2025-07-16T00:10:49.638549Z", "fetched_at": "2025-07-16T00:10:50.805266+00:00", "symbol": "ETH-USD"}, {"trade_id": 667678687, "side": "sell", "size": "0.01550194", "price": "3128.02000000", "time": "2025-07-16T00:10:49.497880Z", "fetched_at": "2025-07-16T00:10:50.805266+00:00", "symbol": "ETH-USD"}, {"trade_id": 667678686, "side": "buy", "size": "0.00176014", "price": "3128.39000000", "time": "2025-07-16T00:10:49.461282Z", "fetched_at": "2025-07-16T00:10:50.805266+00:00", "symbol": "ETH-USD"}, {"trade_id": 667678685, "side": "sell", "size": "0.00333311", "price": "3128.12000000", "time": "2025-07-16T00:10:48.078358Z", "fetched_at": "2025-07-16T00:10:50.805266+00:00", "symbol": "ETH-USD"}, {"trade_id": 667678684, "side": "buy", "size": "0.21289085", "price": "3127.64000000", "time": "2025-07-16T00:10:47.973272Z", "fetched_at": "2025-07-16T00:10:50.805266+00:00", "symbol": "ETH-USD"}, {"trade_id": 667678683, "side": "buy", "size": "0.14536127", "price": "3127.66000000", "time": "2025-07-16T00:10:47.973272Z", "fetched_at": "2025-07-16T00:10:50.805266+00:00", "symbol": "ETH-USD"}, {"trade_id": 667678682, "side": "buy", "size": "0.00174788", "price": "3128.05000000", "time": "2025-07-16T00:10:47.973272Z", "fetched_at": "2025-07-16T00:10:50.805266+00:00", "symbol": "ETH-USD"}, {"trade_id": 667678681, "side": "sell", "size": "0.40918319", "price": "3128.35000000", "time": "2025-07-16T00:10:47.825491Z", "fetched_at": "2025-07-16T00:10:50.805266+00:00", "symbol": "ETH-USD"}, {"trade_id": 667678680, "side": "sell", "size": "0.45152712", "price": "3128.34000000", "time": "2025-07-16T00:10:47.825491Z", "fetched_at": "2025-07-16T00:10:50.805266+00:00", "symbol": "ETH-USD"}, {"trade_id": 667678679, "side": "sell", "size": "1.60952182", "price": "3128.33000000", "time": "2025-07-16T00:10:47.825491Z", "fetched_at": "2025-07-16T00:10:50.805266+00:00", "symbol": "ETH-USD"}, {"trade_id": 667678678, "side": "sell", "size": "0.45770732", "price": "3128.33000000", "time": "2025-07-16T00:10:47.825491Z", "fetched_at": "2025-07-16T00:10:50.805266+00:00", "symbol": "ETH-USD"}, {"trade_id": 667678677, "side": "sell", "size": "0.48169300", "price": "3128.32000000", "time": "2025-07-16T00:10:47.825491Z", "fetched_at": "2025-07-16T00:10:50.805266+00:00", "symbol": "ETH-USD"}, {"trade_id": 667678676, "side": "sell", "size": "0.42236964", "price": "3128.31000000", "time": "2025-07-16T00:10:47.825491Z", "fetched_at": "2025-07-16T00:10:50.805266+00:00", "symbol": "ETH-USD"}, {"trade_id": 667678675, "side": "sell", "size": "0.80000000", "price": "3128.30000000", "time": "2025-07-16T00:10:47.825491Z", "fetched_at": "2025-07-16T00:10:50.805266+00:00", "symbol": "ETH-USD"}, {"trade_id": 667678674, "side": "sell", "size": "0.94500000", "price": "3128.28000000", "time": "2025-07-16T00:10:47.825491Z", "fetched_at": "2025-07-16T00:10:50.805266+00:00", "symbol": "ETH-USD"}, {"trade_id": 667678673, "side": "sell", "size": "0.64287604", "price": "3128.24000000", "time": "2025-07-16T00:10:47.825491Z", "fetched_at": "2025-07-16T00:10:50.805266+00:00", "symbol": "ETH-USD"}, {"trade_id": 667678672, "side": "sell", "size": "0.10000000", "price": "3128.23000000", "time": "2025-07-16T00:10:47.825491Z", "fetched_at": "2025-07-16T00:10:50.805266+00:00", "symbol": "ETH-USD"}, {"trade_id": 667678671, "side": "sell", "size": "1.88160571", "price": "3128.16000000", "time": "2025-07-16T00:10:47.825491Z", "fetched_at": "2025-07-16T00:10:50.805266+00:00", "symbol": "ETH-USD"}, {"trade_id": 667678670, "side": "sell", "size": "0.20000000", "price": "3128.15000000", "time": "2025-07-16T00:10:47.825491Z", "fetched_at": "2025-07-16T00:10:50.805266+00:00", "symbol": "ETH-USD"}, {"trade_id": 667678669, "side": "sell", "size": "0.10000000", "price": "3128.15000000", "time": "2025-07-16T00:10:47.825491Z", "fetched_at": "2025-07-16T00:10:50.805266+00:00", "symbol": "ETH-USD"}, {"trade_id": 667678668, "side": "sell", "size": "0.11331351", "price": "3128.14000000", "time": "2025-07-16T00:10:47.825491Z", "fetched_at": "2025-07-16T00:10:50.805266+00:00", "symbol": "ETH-USD"}, {"trade_id": 667678667, "side": "sell", "size": "0.00319643", "price": "3128.13000000", "time": "2025-07-16T00:10:47.825491Z", "fetched_at": "2025-07-16T00:10:50.805266+00:00", "symbol": "ETH-USD"}, {"trade_id": 667678666, "side": "sell", "size": "0.00005588", "price": "3127.96000000", "time": "2025-07-16T00:10:47.825491Z", "fetched_at": "2025-07-16T00:10:50.805266+00:00", "symbol": "ETH-USD"}, {"trade_id": 667678665, "side": "sell", "size": "0.00024001", "price": "3127.96000000", "time": "2025-07-16T00:10:47.825491Z", "fetched_at": "2025-07-16T00:10:50.805266+00:00", "symbol": "ETH-USD"}, {"trade_id": 667678664, "side": "sell", "size": "0.00010334", "price": "3127.95000000", "time": "2025-07-16T00:10:47.825491Z", "fetched_at": "2025-07-16T00:10:50.805266+00:00", "symbol": "ETH-USD"}, {"trade_id": 667678663, "side": "sell", "size": "0.06835210", "price": "3127.95000000", "time": "2025-07-16T00:10:47.825491Z", "fetched_at": "2025-07-16T00:10:50.805266+00:00", "symbol": "ETH-USD"}, {"trade_id": 667678662, "side": "sell", "size": "0.03164790", "price": "3127.95000000", "time": "2025-07-16T00:10:47.766239Z", "fetched_at": "2025-07-16T00:10:50.805266+00:00", "symbol": "ETH-USD"}, {"trade_id": 667678661, "side": "buy", "size": "0.07843899", "price": "3127.70000000", "time": "2025-07-16T00:10:47.391305Z", "fetched_at": "2025-07-16T00:10:50.805266+00:00", "symbol": "ETH-USD"}, {"trade_id": 667678660, "side": "buy", "size": "0.00100000", "price": "3127.77000000", "time": "2025-07-16T00:10:47.391305Z", "fetched_at": "2025-07-16T00:10:50.805266+00:00", "symbol": "ETH-USD"}, {"trade_id": 667678659, "side": "buy", "size": "0.00040000", "price": "3127.77000000", "time": "2025-07-16T00:10:47.391305Z", "fetched_at": "2025-07-16T00:10:50.805266+00:00", "symbol": "ETH-USD"}, {"trade_id": 667678658, "side": "buy", "size": "0.00176301", "price": "3128.20000000", "time": "2025-07-16T00:10:47.258337Z", "fetched_at": "2025-07-16T00:10:50.805266+00:00", "symbol": "ETH-USD"}, {"trade_id": 667678657, "side": "buy", "size": "0.26787625", "price": "3127.89000000", "time": "2025-07-16T00:10:47.217942Z", "fetched_at": "2025-07-16T00:10:50.805266+00:00", "symbol": "ETH-USD"}, {"trade_id": 667678656, "side": "buy", "size": "0.00100000", "price": "3128.00000000", "time": "2025-07-16T00:10:47.217942Z", "fetched_at": "2025-07-16T00:10:50.805266+00:00", "symbol": "ETH-USD"}, {"trade_id": 667678655, "side": "buy", "size": "0.00035000", "price": "3128.10000000", "time": "2025-07-16T00:10:47.217942Z", "fetched_at": "2025-07-16T00:10:50.805266+00:00", "symbol": "ETH-USD"}, {"trade_id": 667678654, "side": "buy", "size": "0.00055000", "price": "3128.23000000", "time": "2025-07-16T00:10:47.217942Z", "fetched_at": "2025-07-16T00:10:50.805266+00:00", "symbol": "ETH-USD"}, {"trade_id": 667678653, "side": "buy", "size": "0.00176299", "price": "3128.23000000", "time": "2025-07-16T00:10:47.217942Z", "fetched_at": "2025-07-16T00:10:50.805266+00:00", "symbol": "ETH-USD"}, {"trade_id": 667678652, "side": "buy", "size": "0.00100000", "price": "3128.23000000", "time": "2025-07-16T00:10:47.217942Z", "fetched_at": "2025-07-16T00:10:50.805266+00:00", "symbol": "ETH-USD"}, {"trade_id": 667678651, "side": "sell", "size": "0.04746987", "price": "3128.24000000", "time": "2025-07-16T00:10:47.007832Z", "fetched_at": "2025-07-16T00:10:50.805266+00:00", "symbol": "ETH-USD"}, {"trade_id": 667678650, "side": "sell", "size": "0.00308604", "price": "3128.24000000", "time": "2025-07-16T00:10:46.761458Z", "fetched_at": "2025-07-16T00:10:50.805266+00:00", "symbol": "ETH-USD"}, {"trade_id": 667678649, "side": "buy", "size": "0.00176298", "price": "3128.26000000", "time": "2025-07-16T00:10:46.323663Z", "fetched_at": "2025-07-16T00:10:50.805266+00:00", "symbol": "ETH-USD"}, {"trade_id": 667678648, "side": "buy", "size": "0.00035000", "price": "3128.39000000", "time": "2025-07-16T00:10:46.323663Z", "fetched_at": "2025-07-16T00:10:50.805266+00:00", "symbol": "ETH-USD"}, {"trade_id": 667678647, "side": "sell", "size": "0.00146109", "price": "3128.76000000", "time": "2025-07-16T00:10:46.250156Z", "fetched_at": "2025-07-16T00:10:50.805266+00:00", "symbol": "ETH-USD"}, {"trade_id": 667678646, "side": "sell", "size": "0.00319639", "price": "3128.75000000", "time": "2025-07-16T00:10:46.250156Z", "fetched_at": "2025-07-16T00:10:50.805266+00:00", "symbol": "ETH-USD"}, {"trade_id": 667678645, "side": "sell", "size": "0.03032282", "price": "3128.69000000", "time": "2025-07-16T00:10:46.242111Z", "fetched_at": "2025-07-16T00:10:50.805266+00:00", "symbol": "ETH-USD"}, {"trade_id": 667678644, "side": "sell", "size": "0.01333896", "price": "3128.69000000", "time": "2025-07-16T00:10:45.250863Z", "fetched_at": "2025-07-16T00:10:50.805266+00:00", "symbol": "ETH-USD"}, {"trade_id": 667678643, "side": "sell", "size": "0.03106925", "price": "3128.69000000", "time": "2025-07-16T00:10:45.184245Z", "fetched_at": "2025-07-16T00:10:50.805266+00:00", "symbol": "ETH-USD"}, {"trade_id": 667678642, "side": "sell", "size": "0.00791172", "price": "3128.73000000", "time": "2025-07-16T00:10:44.805942Z", "fetched_at": "2025-07-16T00:10:50.805266+00:00", "symbol": "ETH-USD"}, {"trade_id": 667678641, "side": "buy", "size": "0.15501488", "price": "3128.20000000", "time": "2025-07-16T00:10:44.771855Z", "fetched_at": "2025-07-16T00:10:50.805266+00:00", "symbol": "ETH-USD"}, {"trade_id": 667678640, "side": "buy", "size": "0.10000000", "price": "3128.21000000", "time": "2025-07-16T00:10:44.771855Z", "fetched_at": "2025-07-16T00:10:50.805266+00:00", "symbol": "ETH-USD"}, {"trade_id": 667678639, "side": "buy", "size": "0.36104557", "price": "3128.21000000", "time": "2025-07-16T00:10:44.771855Z", "fetched_at": "2025-07-16T00:10:50.805266+00:00", "symbol": "ETH-USD"}, {"trade_id": 667678638, "side": "buy", "size": "0.04644619", "price": "3128.33000000", "time": "2025-07-16T00:10:44.771855Z", "fetched_at": "2025-07-16T00:10:50.805266+00:00", "symbol": "ETH-USD"}, {"trade_id": 667678637, "side": "buy", "size": "0.00177800", "price": "3128.34000000", "time": "2025-07-16T00:10:44.771855Z", "fetched_at": "2025-07-16T00:10:50.805266+00:00", "symbol": "ETH-USD"}, {"trade_id": 667678636, "side": "sell", "size": "0.15824454", "price": "3128.60000000", "time": "2025-07-16T00:10:44.765312Z", "fetched_at": "2025-07-16T00:10:50.805266+00:00", "symbol": "ETH-USD"}, {"trade_id": 667678635, "side": "sell", "size": "0.00776731", "price": "3128.63000000", "time": "2025-07-16T00:10:44.266612Z", "fetched_at": "2025-07-16T00:10:50.805266+00:00", "symbol": "ETH-USD"}, {"trade_id": 667678634, "side": "sell", "size": "0.00000319", "price": "3128.63000000", "time": "2025-07-16T00:10:44.258888Z", "fetched_at": "2025-07-16T00:10:50.805266+00:00", "symbol": "ETH-USD"}, {"trade_id": 667678633, "side": "sell", "size": "0.00000639", "price": "3128.63000000", "time": "2025-07-16T00:10:44.241926Z", "fetched_at": "2025-07-16T00:10:50.805266+00:00", "symbol": "ETH-USD"}, {"trade_id": 667678632, "side": "sell", "size": "0.00948598", "price": "3128.63000000", "time": "2025-07-16T00:10:44.221306Z", "fetched_at": "2025-07-16T00:10:50.805266+00:00", "symbol": "ETH-USD"}, {"trade_id": 667678631, "side": "buy", "size": "0.07159949", "price": "3128.32000000", "time": "2025-07-16T00:10:44.207205Z", "fetched_at": "2025-07-16T00:10:50.805266+00:00", "symbol": "ETH-USD"}, {"trade_id": 667678630, "side": "buy", "size": "0.00179351", "price": "3128.67000000", "time": "2025-07-16T00:10:44.207205Z", "fetched_at": "2025-07-16T00:10:50.805266+00:00", "symbol": "ETH-USD"}, {"trade_id": 667678629, "side": "sell", "size": "0.02715244", "price": "3128.73000000", "time": "2025-07-16T00:10:43.840563Z", "fetched_at": "2025-07-16T00:10:50.805266+00:00", "symbol": "ETH-USD"}, {"trade_id": 667678628, "side": "sell", "size": "0.00319644", "price": "3128.72000000", "time": "2025-07-16T00:10:43.840563Z", "fetched_at": "2025-07-16T00:10:50.805266+00:00", "symbol": "ETH-USD"}, {"trade_id": 667678627, "side": "sell", "size": "0.00072037", "price": "3128.69000000", "time": "2025-07-16T00:10:43.840563Z", "fetched_at": "2025-07-16T00:10:50.805266+00:00", "symbol": "ETH-USD"}, {"trade_id": 667678626, "side": "sell", "size": "0.07767313", "price": "3128.68000000", "time": "2025-07-16T00:10:43.817878Z", "fetched_at": "2025-07-16T00:10:50.805266+00:00", "symbol": "ETH-USD"}, {"trade_id": 667678625, "side": "buy", "size": "0.07411092", "price": "3128.27000000", "time": "2025-07-16T00:10:43.772536Z", "fetched_at": "2025-07-16T00:10:50.805266+00:00", "symbol": "ETH-USD"}, {"trade_id": 667678624, "side": "buy", "size": "0.10000000", "price": "3128.27000000", "time": "2025-07-16T00:10:43.772536Z", "fetched_at": "2025-07-16T00:10:50.805266+00:00", "symbol": "ETH-USD"}, {"trade_id": 667678623, "side": "buy", "size": "0.05371674", "price": "3128.28000000", "time": "2025-07-16T00:10:43.772536Z", "fetched_at": "2025-07-16T00:10:50.805266+00:00", "symbol": "ETH-USD"}, {"trade_id": 667678622, "side": "buy", "size": "0.00181234", "price": "3128.29000000", "time": "2025-07-16T00:10:43.772536Z", "fetched_at": "2025-07-16T00:10:50.805266+00:00", "symbol": "ETH-USD"}, {"trade_id": 667678621, "side": "buy", "size": "0.00036000", "price": "3128.65000000", "time": "2025-07-16T00:10:43.772536Z", "fetched_at": "2025-07-16T00:10:50.805266+00:00", "symbol": "ETH-USD"}, {"trade_id": 667678620, "side": "sell", "size": "0.00055020", "price": "3128.68000000", "time": "2025-07-16T00:10:43.700485Z", "fetched_at": "2025-07-16T00:10:50.805266+00:00", "symbol": "ETH-USD"}, {"trade_id": 667678619, "side": "sell", "size": "0.00010336", "price": "3128.68000000", "time": "2025-07-16T00:10:43.700485Z", "fetched_at": "2025-07-16T00:10:50.805266+00:00", "symbol": "ETH-USD"}, {"trade_id": 667678618, "side": "sell", "size": "0.00005589", "price": "3128.68000000", "time": "2025-07-16T00:10:43.700485Z", "fetched_at": "2025-07-16T00:10:50.805266+00:00", "symbol": "ETH-USD"}, {"trade_id": 667678617, "side": "sell", "size": "0.00024002", "price": "3128.68000000", "time": "2025-07-16T00:10:43.700485Z", "fetched_at": "2025-07-16T00:10:50.805266+00:00", "symbol": "ETH-USD"}, {"trade_id": 667678616, "side": "sell", "size": "0.03106925", "price": "3128.67000000", "time": "2025-07-16T00:10:43.648419Z", "fetched_at": "2025-07-16T00:10:50.805266+00:00", "symbol": "ETH-USD"}, {"trade_id": 667678615, "side": "buy", "size": "0.18322282", "price": "3128.21000000", "time": "2025-07-16T00:10:43.598537Z", "fetched_at": "2025-07-16T00:10:50.805266+00:00", "symbol": "ETH-USD"}, {"trade_id": 667678614, "side": "buy", "size": "0.17422278", "price": "3128.22000000", "time": "2025-07-16T00:10:43.598537Z", "fetched_at": "2025-07-16T00:10:50.805266+00:00", "symbol": "ETH-USD"}, {"trade_id": 667678613, "side": "buy", "size": "0.10000000", "price": "3128.23000000", "time": "2025-07-16T00:10:43.598537Z", "fetched_at": "2025-07-16T00:10:50.805266+00:00", "symbol": "ETH-USD"}, {"trade_id": 667678612, "side": "buy", "size": "0.00084163", "price": "3128.24000000", "time": "2025-07-16T00:10:43.598537Z", "fetched_at": "2025-07-16T00:10:50.805266+00:00", "symbol": "ETH-USD"}, {"trade_id": 667678611, "side": "buy", "size": "0.06954041", "price": "3128.24000000", "time": "2025-07-16T00:10:43.598537Z", "fetched_at": "2025-07-16T00:10:50.805266+00:00", "symbol": "ETH-USD"}, {"trade_id": 667678610, "side": "buy", "size": "0.00181236", "price": "3128.25000000", "time": "2025-07-16T00:10:43.598537Z", "fetched_at": "2025-07-16T00:10:50.805266+00:00", "symbol": "ETH-USD"}, {"trade_id": 667678609, "side": "buy", "size": "0.00036000", "price": "3128.67000000", "time": "2025-07-16T00:10:43.598537Z", "fetched_at": "2025-07-16T00:10:50.805266+00:00", "symbol": "ETH-USD"}, {"trade_id": 667678608, "side": "sell", "size": "0.00094922", "price": "3128.68000000", "time": "2025-07-16T00:10:42.555173Z", "fetched_at": "2025-07-16T00:10:50.805266+00:00", "symbol": "ETH-USD"}, {"trade_id": 667678607, "side": "buy", "size": "0.00186860", "price": "3128.16000000", "time": "2025-07-16T00:10:42.235437Z", "fetched_at": "2025-07-16T00:10:50.805266+00:00", "symbol": "ETH-USD"}, {"trade_id": 667678606, "side": "buy", "size": "0.00035000", "price": "3128.24000000", "time": "2025-07-16T00:10:42.235437Z", "fetched_at": "2025-07-16T00:10:50.805266+00:00", "symbol": "ETH-USD"}, {"trade_id": 667678605, "side": "buy", "size": "0.00035000", "price": "3128.62000000", "time": "2025-07-16T00:10:42.235437Z", "fetched_at": "2025-07-16T00:10:50.805266+00:00", "symbol": "ETH-USD"}, {"trade_id": 667678604, "side": "buy", "size": "0.00181213", "price": "3128.65000000", "time": "2025-07-16T00:10:42.235437Z", "fetched_at": "2025-07-16T00:10:50.805266+00:00", "symbol": "ETH-USD"}, {"trade_id": 667678603, "side": "sell", "size": "0.01740252", "price": "3128.63000000", "time": "2025-07-16T00:10:41.680137Z", "fetched_at": "2025-07-16T00:10:50.805266+00:00", "symbol": "ETH-USD"}, {"trade_id": 667678602, "side": "sell", "size": "0.01823727", "price": "3128.69000000", "time": "2025-07-16T00:10:41.116941Z", "fetched_at": "2025-07-16T00:10:50.805266+00:00", "symbol": "ETH-USD"}, {"trade_id": 667678601, "side": "sell", "size": "0.00100000", "price": "3128.69000000", "time": "2025-07-16T00:10:41.116941Z", "fetched_at": "2025-07-16T00:10:50.805266+00:00", "symbol": "ETH-USD"}, {"trade_id": 667678600, "side": "sell", "size": "0.00319641", "price": "3128.68000000", "time": "2025-07-16T00:10:41.116941Z", "fetched_at": "2025-07-16T00:10:50.805266+00:00", "symbol": "ETH-USD"}, {"trade_id": 667678599, "side": "sell", "size": "0.00070151", "price": "3128.68000000", "time": "2025-07-16T00:10:41.116941Z", "fetched_at": "2025-07-16T00:10:50.805266+00:00", "symbol": "ETH-USD"}, {"trade_id": 667678598, "side": "sell", "size": "0.00793406", "price": "3128.25000000", "time": "2025-07-16T00:10:41.116941Z", "fetched_at": "2025-07-16T00:10:50.805266+00:00", "symbol": "ETH-USD"}, {"trade_id": 667678597, "side": "buy", "size": "0.00960000", "price": "3128.57000000", "time": "2025-07-16T00:10:40.209277Z", "fetched_at": "2025-07-16T00:10:50.805266+00:00", "symbol": "ETH-USD"}, {"trade_id": 667678596, "side": "sell", "size": "0.03163889", "price": "3128.48000000", "time": "2025-07-16T00:10:39.562365Z", "fetched_at": "2025-07-16T00:10:50.805266+00:00", "symbol": "ETH-USD"}, {"trade_id": 667678595, "side": "sell", "size": "0.22959989", "price": "3128.64000000", "time": "2025-07-16T00:10:39.075996Z", "fetched_at": "2025-07-16T00:10:50.805266+00:00", "symbol": "ETH-USD"}, {"trade_id": 667678594, "side": "sell", "size": "0.47944154", "price": "3128.63000000", "time": "2025-07-16T00:10:39.075996Z", "fetched_at": "2025-07-16T00:10:50.805266+00:00", "symbol": "ETH-USD"}, {"trade_id": 667678593, "side": "sell", "size": "0.12793940", "price": "3128.62000000", "time": "2025-07-16T00:10:39.075996Z", "fetched_at": "2025-07-16T00:10:50.805266+00:00", "symbol": "ETH-USD"}, {"trade_id": 667678592, "side": "sell", "size": "0.00319664", "price": "3128.61000000", "time": "2025-07-16T00:10:39.075996Z", "fetched_at": "2025-07-16T00:10:50.805266+00:00", "symbol": "ETH-USD"}, {"trade_id": 667678591, "side": "sell", "size": "0.15982253", "price": "3128.47000000", "time": "2025-07-16T00:10:39.075996Z", "fetched_at": "2025-07-16T00:10:50.805266+00:00", "symbol": "ETH-USD"}, {"trade_id": 667678590, "side": "buy", "size": "0.00100000", "price": "3128.03000000", "time": "2025-07-16T00:10:38.749509Z", "fetched_at": "2025-07-16T00:10:50.805266+00:00", "symbol": "ETH-USD"}, {"trade_id": 667678589, "side": "sell", "size": "0.02362184", "price": "3128.63000000", "time": "2025-07-16T00:10:38.081042Z", "fetched_at": "2025-07-16T00:10:50.805266+00:00", "symbol": "ETH-USD"}, {"trade_id": 667678588, "side": "sell", "size": "0.00319654", "price": "3128.62000000", "time": "2025-07-16T00:10:38.081042Z", "fetched_at": "2025-07-16T00:10:50.805266+00:00", "symbol": "ETH-USD"}, {"trade_id": 667678587, "side": "sell", "size": "0.00100000", "price": "3128.46000000", "time": "2025-07-16T00:10:38.081042Z", "fetched_at": "2025-07-16T00:10:50.805266+00:00", "symbol": "ETH-USD"}, {"trade_id": 667678586, "side": "sell", "size": "0.00005588", "price": "3128.31000000", "time": "2025-07-16T00:10:38.081042Z", "fetched_at": "2025-07-16T00:10:50.805266+00:00", "symbol": "ETH-USD"}, {"trade_id": 667678585, "side": "sell", "size": "0.00024001", "price": "3128.31000000", "time": "2025-07-16T00:10:38.081042Z", "fetched_at": "2025-07-16T00:10:50.805266+00:00", "symbol": "ETH-USD"}, {"trade_id": 667678584, "side": "sell", "size": "0.00010335", "price": "3128.30000000", "time": "2025-07-16T00:10:38.081042Z", "fetched_at": "2025-07-16T00:10:50.805266+00:00", "symbol": "ETH-USD"}, {"trade_id": 667678583, "side": "buy", "size": "0.00473000", "price": "3127.94000000", "time": "2025-07-16T00:10:37.624243Z", "fetched_at": "2025-07-16T00:10:50.805266+00:00", "symbol": "ETH-USD"}, {"trade_id": 667678582, "side": "sell", "size": "0.00621103", "price": "3128.31000000", "time": "2025-07-16T00:10:37.489404Z", "fetched_at": "2025-07-16T00:10:50.805266+00:00", "symbol": "ETH-USD"}, {"trade_id": 667678581, "side": "buy", "size": "0.15295745", "price": "3128.08000000", "time": "2025-07-16T00:10:37.117099Z", "fetched_at": "2025-07-16T00:10:50.805266+00:00", "symbol": "ETH-USD"}, {"trade_id": 667678580, "side": "buy", "size": "0.00171725", "price": "3128.09000000", "time": "2025-07-16T00:10:37.117099Z", "fetched_at": "2025-07-16T00:10:50.805266+00:00", "symbol": "ETH-USD"}, {"trade_id": 667678579, "side": "buy", "size": "0.14374494", "price": "3128.39000000", "time": "2025-07-16T00:10:36.420154Z", "fetched_at": "2025-07-16T00:10:50.805266+00:00", "symbol": "ETH-USD"}, {"trade_id": 667678578, "side": "sell", "size": "0.24823227", "price": "3128.41000000", "time": "2025-07-16T00:10:36.040771Z", "fetched_at": "2025-07-16T00:10:50.805266+00:00", "symbol": "ETH-USD"}, {"trade_id": 667678577, "side": "sell", "size": "0.07138735", "price": "3128.38000000", "time": "2025-07-16T00:10:36.040771Z", "fetched_at": "2025-07-16T00:10:50.805266+00:00", "symbol": "ETH-USD"}, {"trade_id": 667678576, "side": "sell", "size": "0.10000000", "price": "3128.37000000", "time": "2025-07-16T00:10:36.040771Z", "fetched_at": "2025-07-16T00:10:50.805266+00:00", "symbol": "ETH-USD"}, {"trade_id": 667678575, "side": "sell", "size": "0.10000000", "price": "3128.37000000", "time": "2025-07-16T00:10:36.040771Z", "fetched_at": "2025-07-16T00:10:50.805266+00:00", "symbol": "ETH-USD"}, {"trade_id": 667678574, "side": "sell", "size": "0.15982764", "price": "3128.37000000", "time": "2025-07-16T00:10:36.040771Z", "fetched_at": "2025-07-16T00:10:50.805266+00:00", "symbol": "ETH-USD"}, {"trade_id": 667678573, "side": "sell", "size": "0.06333723", "price": "3128.36000000", "time": "2025-07-16T00:10:36.040771Z", "fetched_at": "2025-07-16T00:10:50.805266+00:00", "symbol": "ETH-USD"}, {"trade_id": 667678572, "side": "sell", "size": "0.10000000", "price": "3128.33000000", "time": "2025-07-16T00:10:36.040771Z", "fetched_at": "2025-07-16T00:10:50.805266+00:00", "symbol": "ETH-USD"}, {"trade_id": 667678571, "side": "sell", "size": "0.18167000", "price": "3128.33000000", "time": "2025-07-16T00:10:36.040771Z", "fetched_at": "2025-07-16T00:10:50.805266+00:00", "symbol": "ETH-USD"}, {"trade_id": 667678570, "side": "sell", "size": "0.05545997", "price": "3128.33000000", "time": "2025-07-16T00:10:35.940748Z", "fetched_at": "2025-07-16T00:10:50.805266+00:00", "symbol": "ETH-USD"}, {"trade_id": 667678569, "side": "sell", "size": "0.00319688", "price": "3128.32000000", "time": "2025-07-16T00:10:35.940748Z", "fetched_at": "2025-07-16T00:10:50.805266+00:00", "symbol": "ETH-USD"}, {"trade_id": 667678568, "side": "sell", "size": "0.00005589", "price": "3128.17000000", "time": "2025-07-16T00:10:35.940748Z", "fetched_at": "2025-07-16T00:10:50.805266+00:00", "symbol": "ETH-USD"}, {"trade_id": 667678567, "side": "sell", "size": "0.00024001", "price": "3128.17000000", "time": "2025-07-16T00:10:35.940748Z", "fetched_at": "2025-07-16T00:10:50.805266+00:00", "symbol": "ETH-USD"}, {"trade_id": 667678566, "side": "buy", "size": "0.00177697", "price": "3128.07000000", "time": "2025-07-16T00:10:34.087403Z", "fetched_at": "2025-07-16T00:10:50.805266+00:00", "symbol": "ETH-USD"}, {"trade_id": 667678565, "side": "buy", "size": "0.00177694", "price": "3128.12000000", "time": "2025-07-16T00:10:34.069165Z", "fetched_at": "2025-07-16T00:10:50.805266+00:00", "symbol": "ETH-USD"}, {"trade_id": 667678564, "side": "buy", "size": "0.00177693", "price": "3128.13000000", "time": "2025-07-16T00:10:34.050854Z", "fetched_at": "2025-07-16T00:10:50.805266+00:00", "symbol": "ETH-USD"}, {"trade_id": 667678563, "side": "buy", "size": "0.00179022", "price": "3128.15000000", "time": "2025-07-16T00:10:34.033492Z", "fetched_at": "2025-07-16T00:10:50.805266+00:00", "symbol": "ETH-USD"}, {"trade_id": 667678562, "side": "buy", "size": "0.00179021", "price": "3128.16000000", "time": "2025-07-16T00:10:34.005122Z", "fetched_at": "2025-07-16T00:10:50.805266+00:00", "symbol": "ETH-USD"}, {"trade_id": 667678561, "side": "sell", "size": "0.30000000", "price": "3127.90000000", "time": "2025-07-16T00:10:33.896325Z", "fetched_at": "2025-07-16T00:10:50.805266+00:00", "symbol": "ETH-USD"}, {"trade_id": 667678560, "side": "sell", "size": "0.30000000", "price": "3127.80000000", "time": "2025-07-16T00:10:33.893673Z", "fetched_at": "2025-07-16T00:10:50.805266+00:00", "symbol": "ETH-USD"}, {"trade_id": 667678559, "side": "sell", "size": "0.00010334", "price": "3127.78000000", "time": "2025-07-16T00:10:33.893673Z", "fetched_at": "2025-07-16T00:10:50.805266+00:00", "symbol": "ETH-USD"}, {"trade_id": 667678558, "side": "buy", "size": "0.00201976", "price": "3127.77000000", "time": "2025-07-16T00:10:32.631804Z", "fetched_at": "2025-07-16T00:10:50.805266+00:00", "symbol": "ETH-USD"}, {"trade_id": 667678557, "side": "buy", "size": "0.00100000", "price": "3127.77000000", "time": "2025-07-16T00:10:32.514661Z", "fetched_at": "2025-07-16T00:10:50.805266+00:00", "symbol": "ETH-USD"}, {"trade_id": 667678556, "side": "buy", "size": "0.00100000", "price": "3128.00000000", "time": "2025-07-16T00:10:32.486299Z", "fetched_at": "2025-07-16T00:10:50.805266+00:00", "symbol": "ETH-USD"}, {"trade_id": 667678555, "side": "buy", "size": "0.00201952", "price": "3128.15000000", "time": "2025-07-16T00:10:32.476067Z", "fetched_at": "2025-07-16T00:10:50.805266+00:00", "symbol": "ETH-USD"}, {"trade_id": 667678554, "side": "sell", "size": "0.07052923", "price": "3128.16000000", "time": "2025-07-16T00:10:32.470926Z", "fetched_at": "2025-07-16T00:10:50.805266+00:00", "symbol": "ETH-USD"}, {"trade_id": 667678553, "side": "buy", "size": "0.00201951", "price": "3128.16000000", "time": "2025-07-16T00:10:32.430629Z", "fetched_at": "2025-07-16T00:10:50.805266+00:00", "symbol": "ETH-USD"}, {"trade_id": 667678552, "side": "buy", "size": "0.00040000", "price": "3128.19000000", "time": "2025-07-16T00:10:32.396197Z", "fetched_at": "2025-07-16T00:10:50.805266+00:00", "symbol": "ETH-USD"}, {"trade_id": 667678551, "side": "buy", "size": "0.00201949", "price": "3128.19000000", "time": "2025-07-16T00:10:32.396197Z", "fetched_at": "2025-07-16T00:10:50.805266+00:00", "symbol": "ETH-USD"}, {"trade_id": 667678550, "side": "buy", "size": "0.00201943", "price": "3128.29000000", "time": "2025-07-16T00:10:32.067993Z", "fetched_at": "2025-07-16T00:10:50.805266+00:00", "symbol": "ETH-USD"}, {"trade_id": 667678549, "side": "buy", "size": "0.00201939", "price": "3128.34000000", "time": "2025-07-16T00:10:32.036643Z", "fetched_at": "2025-07-16T00:10:50.805266+00:00", "symbol": "ETH-USD"}, {"trade_id": 667678548, "side": "buy", "size": "0.00040000", "price": "3128.34000000", "time": "2025-07-16T00:10:32.025527Z", "fetched_at": "2025-07-16T00:10:50.805266+00:00", "symbol": "ETH-USD"}, {"trade_id": 667678547, "side": "buy", "size": "0.00201939", "price": "3128.34000000", "time": "2025-07-16T00:10:32.012822Z", "fetched_at": "2025-07-16T00:10:50.805266+00:00", "symbol": "ETH-USD"}, {"trade_id": 667678546, "side": "buy", "size": "0.00201939", "price": "3128.34000000", "time": "2025-07-16T00:10:31.995243Z", "fetched_at": "2025-07-16T00:10:50.805266+00:00", "symbol": "ETH-USD"}, {"trade_id": 667678545, "side": "buy", "size": "0.00201939", "price": "3128.35000000", "time": "2025-07-16T00:10:31.975745Z", "fetched_at": "2025-07-16T00:10:50.805266+00:00", "symbol": "ETH-USD"}, {"trade_id": 667678544, "side": "buy", "size": "0.00224724", "price": "3128.29000000", "time": "2025-07-16T00:10:31.920800Z", "fetched_at": "2025-07-16T00:10:50.805266+00:00", "symbol": "ETH-USD"}, {"trade_id": 667678543, "side": "sell", "size": "0.00369355", "price": "3128.31000000", "time": "2025-07-16T00:10:31.910664Z", "fetched_at": "2025-07-16T00:10:50.805266+00:00", "symbol": "ETH-USD"}, {"trade_id": 667678542, "side": "buy", "size": "0.00224723", "price": "3128.31000000", "time": "2025-07-16T00:10:31.902981Z", "fetched_at": "2025-07-16T00:10:50.805266+00:00", "symbol": "ETH-USD"}, {"trade_id": 667678541, "side": "buy", "size": "0.00224713", "price": "3128.44000000", "time": "2025-07-16T00:10:31.884216Z", "fetched_at": "2025-07-16T00:10:50.805266+00:00", "symbol": "ETH-USD"}, {"trade_id": 667678540, "side": "buy", "size": "0.00224713", "price": "3128.44000000", "time": "2025-07-16T00:10:31.866420Z", "fetched_at": "2025-07-16T00:10:50.805266+00:00", "symbol": "ETH-USD"}, {"trade_id": 667678539, "side": "buy", "size": "0.00100000", "price": "3128.23000000", "time": "2025-07-16T00:10:31.841711Z", "fetched_at": "2025-07-16T00:10:50.805266+00:00", "symbol": "ETH-USD"}, {"trade_id": 667678538, "side": "buy", "size": "0.94500000", "price": "3128.26000000", "time": "2025-07-16T00:10:31.831359Z", "fetched_at": "2025-07-16T00:10:50.805266+00:00", "symbol": "ETH-USD"}, {"trade_id": 667678537, "side": "buy", "size": "0.00224696", "price": "3128.68000000", "time": "2025-07-16T00:10:31.820239Z", "fetched_at": "2025-07-16T00:10:50.805266+00:00", "symbol": "ETH-USD"}, {"trade_id": 667678536, "side": "buy", "size": "0.00100000", "price": "3128.46000000", "time": "2025-07-16T00:10:31.778607Z", "fetched_at": "2025-07-16T00:10:50.805266+00:00", "symbol": "ETH-USD"}, {"trade_id": 667678535, "side": "buy", "size": "0.00224692", "price": "3128.74000000", "time": "2025-07-16T00:10:31.717269Z", "fetched_at": "2025-07-16T00:10:50.805266+00:00", "symbol": "ETH-USD"}, {"trade_id": 667678534, "side": "buy", "size": "0.00224690", "price": "3128.76000000", "time": "2025-07-16T00:10:31.699232Z", "fetched_at": "2025-07-16T00:10:50.805266+00:00", "symbol": "ETH-USD"}, {"trade_id": 667678533, "side": "buy", "size": "0.00224693", "price": "3128.73000000", "time": "2025-07-16T00:10:31.681628Z", "fetched_at": "2025-07-16T00:10:50.805266+00:00", "symbol": "ETH-USD"}, {"trade_id": 667678532, "side": "buy", "size": "0.00224684", "price": "3128.85000000", "time": "2025-07-16T00:10:31.662932Z", "fetched_at": "2025-07-16T00:10:50.805266+00:00", "symbol": "ETH-USD"}, {"trade_id": 667678531, "side": "buy", "size": "0.00224672", "price": "3129.01000000", "time": "2025-07-16T00:10:31.643718Z", "fetched_at": "2025-07-16T00:10:50.805266+00:00", "symbol": "ETH-USD"}, {"trade_id": 667678530, "side": "buy", "size": "0.00224672", "price": "3129.01000000", "time": "2025-07-16T00:10:31.624704Z", "fetched_at": "2025-07-16T00:10:50.805266+00:00", "symbol": "ETH-USD"}, {"trade_id": 667678529, "side": "buy", "size": "0.00302614", "price": "3128.97000000", "time": "2025-07-16T00:10:31.606705Z", "fetched_at": "2025-07-16T00:10:50.805266+00:00", "symbol": "ETH-USD"}, {"trade_id": 667678528, "side": "buy", "size": "0.00302609", "price": "3129.03000000", "time": "2025-07-16T00:10:31.569200Z", "fetched_at": "2025-07-16T00:10:50.805266+00:00", "symbol": "ETH-USD"}, {"trade_id": 667678527, "side": "buy", "size": "0.18061387", "price": "3128.93000000", "time": "2025-07-16T00:10:31.530680Z", "fetched_at": "2025-07-16T00:10:50.805266+00:00", "symbol": "ETH-USD"}, {"trade_id": 667678526, "side": "buy", "size": "0.00302613", "price": "3128.98000000", "time": "2025-07-16T00:10:31.530680Z", "fetched_at": "2025-07-16T00:10:50.805266+00:00", "symbol": "ETH-USD"}, {"trade_id": 667678525, "side": "buy", "size": "0.00302618", "price": "3128.93000000", "time": "2025-07-16T00:10:31.519495Z", "fetched_at": "2025-07-16T00:10:50.805266+00:00", "symbol": "ETH-USD"}, {"trade_id": 667678524, "side": "buy", "size": "0.18364000", "price": "3128.93000000", "time": "2025-07-16T00:10:31.509576Z", "fetched_at": "2025-07-16T00:10:50.805266+00:00", "symbol": "ETH-USD"}, {"trade_id": 667678523, "side": "buy", "size": "0.00302618", "price": "3128.93000000", "time": "2025-07-16T00:10:31.476517Z", "fetched_at": "2025-07-16T00:10:50.805266+00:00", "symbol": "ETH-USD"}, {"trade_id": 667678522, "side": "buy", "size": "0.18364000", "price": "3128.93000000", "time": "2025-07-16T00:10:31.459840Z", "fetched_at": "2025-07-16T00:10:50.805266+00:00", "symbol": "ETH-USD"}, {"trade_id": 667678521, "side": "buy", "size": "0.00302616", "price": "3128.95000000", "time": "2025-07-16T00:10:31.440203Z", "fetched_at": "2025-07-16T00:10:50.805266+00:00", "symbol": "ETH-USD"}, {"trade_id": 667678520, "side": "buy", "size": "0.00302616", "price": "3128.95000000", "time": "2025-07-16T00:10:31.422186Z", "fetched_at": "2025-07-16T00:10:50.805266+00:00", "symbol": "ETH-USD"}, {"trade_id": 667678519, "side": "buy", "size": "0.00302616", "price": "3128.95000000", "time": "2025-07-16T00:10:31.404630Z", "fetched_at": "2025-07-16T00:10:50.805266+00:00", "symbol": "ETH-USD"}, {"trade_id": 667678518, "side": "buy", "size": "0.00302614", "price": "3128.97000000", "time": "2025-07-16T00:10:31.386551Z", "fetched_at": "2025-07-16T00:10:50.805266+00:00", "symbol": "ETH-USD"}, {"trade_id": 667678517, "side": "buy", "size": "0.00302614", "price": "3128.97000000", "time": "2025-07-16T00:10:31.366247Z", "fetched_at": "2025-07-16T00:10:50.805266+00:00", "symbol": "ETH-USD"}, {"trade_id": 667678516, "side": "buy", "size": "0.00302623", "price": "3128.88000000", "time": "2025-07-16T00:10:31.339797Z", "fetched_at": "2025-07-16T00:10:50.805266+00:00", "symbol": "ETH-USD"}, {"trade_id": 667678515, "side": "buy", "size": "0.18364000", "price": "3128.88000000", "time": "2025-07-16T00:10:31.339797Z", "fetched_at": "2025-07-16T00:10:50.805266+00:00", "symbol": "ETH-USD"}, {"trade_id": 667678514, "side": "buy", "size": "0.00302622", "price": "3128.89000000", "time": "2025-07-16T00:10:31.184564Z", "fetched_at": "2025-07-16T00:10:50.805266+00:00", "symbol": "ETH-USD"}, {"trade_id": 667678513, "side": "buy", "size": "0.00302622", "price": "3128.89000000", "time": "2025-07-16T00:10:31.144958Z", "fetched_at": "2025-07-16T00:10:50.805266+00:00", "symbol": "ETH-USD"}, {"trade_id": 667678512, "side": "buy", "size": "0.00302620", "price": "3128.91000000", "time": "2025-07-16T00:10:31.108331Z", "fetched_at": "2025-07-16T00:10:50.805266+00:00", "symbol": "ETH-USD"}, {"trade_id": 667678511, "side": "buy", "size": "0.00302620", "price": "3128.91000000", "time": "2025-07-16T00:10:31.089887Z", "fetched_at": "2025-07-16T00:10:50.805266+00:00", "symbol": "ETH-USD"}, {"trade_id": 667678510, "side": "buy", "size": "0.00302620", "price": "3128.91000000", "time": "2025-07-16T00:10:31.074285Z", "fetched_at": "2025-07-16T00:10:50.805266+00:00", "symbol": "ETH-USD"}, {"trade_id": 667678509, "side": "buy", "size": "0.00319601", "price": "3128.91000000", "time": "2025-07-16T00:10:31.062337Z", "fetched_at": "2025-07-16T00:10:50.805266+00:00", "symbol": "ETH-USD"}, {"trade_id": 667678508, "side": "buy", "size": "0.00063000", "price": "3128.91000000", "time": "2025-07-16T00:10:31.050935Z", "fetched_at": "2025-07-16T00:10:50.805266+00:00", "symbol": "ETH-USD"}, {"trade_id": 667678507, "side": "buy", "size": "0.00319601", "price": "3128.91000000", "time": "2025-07-16T00:10:31.037457Z", "fetched_at": "2025-07-16T00:10:50.805266+00:00", "symbol": "ETH-USD"}, {"trade_id": 667678506, "side": "buy", "size": "0.00319604", "price": "3128.88000000", "time": "2025-07-16T00:10:31.006771Z", "fetched_at": "2025-07-16T00:10:50.805266+00:00", "symbol": "ETH-USD"}, {"trade_id": 667678505, "side": "buy", "size": "0.00063000", "price": "3128.88000000", "time": "2025-07-16T00:10:30.997125Z", "fetched_at": "2025-07-16T00:10:50.805266+00:00", "symbol": "ETH-USD"}, {"trade_id": 667678504, "side": "buy", "size": "0.00319604", "price": "3128.88000000", "time": "2025-07-16T00:10:30.979475Z", "fetched_at": "2025-07-16T00:10:50.805266+00:00", "symbol": "ETH-USD"}, {"trade_id": 667678503, "side": "buy", "size": "0.00319603", "price": "3128.89000000", "time": "2025-07-16T00:10:30.959942Z", "fetched_at": "2025-07-16T00:10:50.805266+00:00", "symbol": "ETH-USD"}, {"trade_id": 667678502, "side": "buy", "size": "0.00319600", "price": "3128.92000000", "time": "2025-07-16T00:10:30.903686Z", "fetched_at": "2025-07-16T00:10:50.805266+00:00", "symbol": "ETH-USD"}, {"trade_id": 667678501, "side": "buy", "size": "0.00319600", "price": "3128.92000000", "time": "2025-07-16T00:10:30.885453Z", "fetched_at": "2025-07-16T00:10:50.805266+00:00", "symbol": "ETH-USD"}, {"trade_id": 667678500, "side": "buy", "size": "0.00319599", "price": "3128.93000000", "time": "2025-07-16T00:10:30.867355Z", "fetched_at": "2025-07-16T00:10:50.805266+00:00", "symbol": "ETH-USD"}, {"trade_id": 667678499, "side": "buy", "size": "0.00319598", "price": "3128.94000000", "time": "2025-07-16T00:10:30.848795Z", "fetched_at": "2025-07-16T00:10:50.805266+00:00", "symbol": "ETH-USD"}, {"trade_id": 667678498, "side": "buy", "size": "0.00319598", "price": "3128.94000000", "time": "2025-07-16T00:10:30.829946Z", "fetched_at": "2025-07-16T00:10:50.805266+00:00", "symbol": "ETH-USD"}, {"trade_id": 667678497, "side": "buy", "size": "0.00319597", "price": "3128.95000000", "time": "2025-07-16T00:10:30.811232Z", "fetched_at": "2025-07-16T00:10:50.805266+00:00", "symbol": "ETH-USD"}, {"trade_id": 667678496, "side": "buy", "size": "0.00319592", "price": "3128.99000000", "time": "2025-07-16T00:10:30.793269Z", "fetched_at": "2025-07-16T00:10:50.805266+00:00", "symbol": "ETH-USD"}, {"trade_id": 667678495, "side": "buy", "size": "0.00319608", "price": "3128.84000000", "time": "2025-07-16T00:10:30.759165Z", "fetched_at": "2025-07-16T00:10:50.805266+00:00", "symbol": "ETH-USD"}, {"trade_id": 667678494, "side": "buy", "size": "0.00319607", "price": "3128.85000000", "time": "2025-07-16T00:10:30.737870Z", "fetched_at": "2025-07-16T00:10:50.805266+00:00", "symbol": "ETH-USD"}, {"trade_id": 667678493, "side": "buy", "size": "0.00319594", "price": "3128.97000000", "time": "2025-07-16T00:10:30.720990Z", "fetched_at": "2025-07-16T00:10:50.805266+00:00", "symbol": "ETH-USD"}, {"trade_id": 667678492, "side": "buy", "size": "0.00319594", "price": "3128.97000000", "time": "2025-07-16T00:10:30.701846Z", "fetched_at": "2025-07-16T00:10:50.805266+00:00", "symbol": "ETH-USD"}, {"trade_id": 667678491, "side": "buy", "size": "0.00319594", "price": "3128.97000000", "time": "2025-07-16T00:10:30.685114Z", "fetched_at": "2025-07-16T00:10:50.805266+00:00", "symbol": "ETH-USD"}, {"trade_id": 667678490, "side": "buy", "size": "0.00063000", "price": "3128.90000000", "time": "2025-07-16T00:10:30.673989Z", "fetched_at": "2025-07-16T00:10:50.805266+00:00", "symbol": "ETH-USD"}, {"trade_id": 667678489, "side": "buy", "size": "0.00319583", "price": "3129.08000000", "time": "2025-07-16T00:10:30.663766Z", "fetched_at": "2025-07-16T00:10:50.805266+00:00", "symbol": "ETH-USD"}, {"trade_id": 667678488, "side": "buy", "size": "0.00319579", "price": "3129.12000000", "time": "2025-07-16T00:10:30.646263Z", "fetched_at": "2025-07-16T00:10:50.805266+00:00", "symbol": "ETH-USD"}, {"trade_id": 667678487, "side": "buy", "size": "0.00319597", "price": "3128.95000000", "time": "2025-07-16T00:10:30.619792Z", "fetched_at": "2025-07-16T00:10:50.805266+00:00", "symbol": "ETH-USD"}, {"trade_id": 667678486, "side": "buy", "size": "0.27546000", "price": "3128.95000000", "time": "2025-07-16T00:10:30.619792Z", "fetched_at": "2025-07-16T00:10:50.805266+00:00", "symbol": "ETH-USD"}, {"trade_id": 667678485, "side": "sell", "size": "0.15339356", "price": "3128.96000000", "time": "2025-07-16T00:10:30.614005Z", "fetched_at": "2025-07-16T00:10:50.805266+00:00", "symbol": "ETH-USD"}, {"trade_id": 667678484, "side": "buy", "size": "0.18364000", "price": "3128.94000000", "time": "2025-07-16T00:10:30.573274Z", "fetched_at": "2025-07-16T00:10:50.805266+00:00", "symbol": "ETH-USD"}, {"trade_id": 667678483, "side": "buy", "size": "0.00319602", "price": "3128.90000000", "time": "2025-07-16T00:10:30.482705Z", "fetched_at": "2025-07-16T00:10:50.805266+00:00", "symbol": "ETH-USD"}, {"trade_id": 667678482, "side": "buy", "size": "0.00319602", "price": "3128.90000000", "time": "2025-07-16T00:10:30.463277Z", "fetched_at": "2025-07-16T00:10:50.805266+00:00", "symbol": "ETH-USD"}, {"trade_id": 667678481, "side": "buy", "size": "0.00319602", "price": "3128.90000000", "time": "2025-07-16T00:10:30.443932Z", "fetched_at": "2025-07-16T00:10:50.805266+00:00", "symbol": "ETH-USD"}, {"trade_id": 667678480, "side": "buy", "size": "0.00319602", "price": "3128.90000000", "time": "2025-07-16T00:10:30.432301Z", "fetched_at": "2025-07-16T00:10:50.805266+00:00", "symbol": "ETH-USD"}, {"trade_id": 667678479, "side": "buy", "size": "0.18364000", "price": "3128.90000000", "time": "2025-07-16T00:10:30.421737Z", "fetched_at": "2025-07-16T00:10:50.805266+00:00", "symbol": "ETH-USD"}, {"trade_id": 667678478, "side": "buy", "size": "0.00319601", "price": "3128.91000000", "time": "2025-07-16T00:10:30.407461Z", "fetched_at": "2025-07-16T00:10:50.805266+00:00", "symbol": "ETH-USD"}, {"trade_id": 667678477, "side": "buy", "size": "0.00319601", "price": "3128.91000000", "time": "2025-07-16T00:10:30.389264Z", "fetched_at": "2025-07-16T00:10:50.805266+00:00", "symbol": "ETH-USD"}, {"trade_id": 667678476, "side": "buy", "size": "0.00319601", "price": "3128.91000000", "time": "2025-07-16T00:10:30.379535Z", "fetched_at": "2025-07-16T00:10:50.805266+00:00", "symbol": "ETH-USD"}, {"trade_id": 667678475, "side": "buy", "size": "0.00063000", "price": "3128.91000000", "time": "2025-07-16T00:10:30.333760Z", "fetched_at": "2025-07-16T00:10:50.805266+00:00", "symbol": "ETH-USD"}, {"trade_id": 667678474, "side": "buy", "size": "0.00319601", "price": "3128.91000000", "time": "2025-07-16T00:10:30.327106Z", "fetched_at": "2025-07-16T00:10:50.805266+00:00", "symbol": "ETH-USD"}, {"trade_id": 667678473, "side": "buy", "size": "0.00319601", "price": "3128.91000000", "time": "2025-07-16T00:10:30.300059Z", "fetched_at": "2025-07-16T00:10:50.805266+00:00", "symbol": "ETH-USD"}, {"trade_id": 667678472, "side": "buy", "size": "0.00319601", "price": "3128.91000000", "time": "2025-07-16T00:10:30.280503Z", "fetched_at": "2025-07-16T00:10:50.805266+00:00", "symbol": "ETH-USD"}, {"trade_id": 667678471, "side": "buy", "size": "0.00319601", "price": "3128.91000000", "time": "2025-07-16T00:10:30.270441Z", "fetched_at": "2025-07-16T00:10:50.805266+00:00", "symbol": "ETH-USD"}, {"trade_id": 667678470, "side": "buy", "size": "0.18364000", "price": "3128.91000000", "time": "2025-07-16T00:10:30.248882Z", "fetched_at": "2025-07-16T00:10:50.805266+00:00", "symbol": "ETH-USD"}, {"trade_id": 667678469, "side": "buy", "size": "0.00319600", "price": "3128.92000000", "time": "2025-07-16T00:10:30.231940Z", "fetched_at": "2025-07-16T00:10:50.805266+00:00", "symbol": "ETH-USD"}, {"trade_id": 667678468, "side": "buy", "size": "0.00319600", "price": "3128.92000000", "time": "2025-07-16T00:10:30.214331Z", "fetched_at": "2025-07-16T00:10:50.805266+00:00", "symbol": "ETH-USD"}, {"trade_id": 667678467, "side": "buy", "size": "0.18364000", "price": "3128.92000000", "time": "2025-07-16T00:10:30.203433Z", "fetched_at": "2025-07-16T00:10:50.805266+00:00", "symbol": "ETH-USD"}, {"trade_id": 667678466, "side": "buy", "size": "0.00319599", "price": "3128.93000000", "time": "2025-07-16T00:10:30.186971Z", "fetched_at": "2025-07-16T00:10:50.805266+00:00", "symbol": "ETH-USD"}, {"trade_id": 667678465, "side": "buy", "size": "0.00319599", "price": "3128.93000000", "time": "2025-07-16T00:10:30.175598Z", "fetched_at": "2025-07-16T00:10:50.805266+00:00", "symbol": "ETH-USD"}, {"trade_id": 667678464, "side": "buy", "size": "0.18364000", "price": "3128.93000000", "time": "2025-07-16T00:10:30.165926Z", "fetched_at": "2025-07-16T00:10:50.805266+00:00", "symbol": "ETH-USD"}, {"trade_id": 667678463, "side": "buy", "size": "0.00319601", "price": "3128.91000000", "time": "2025-07-16T00:10:30.149883Z", "fetched_at": "2025-07-16T00:10:50.805266+00:00", "symbol": "ETH-USD"}, {"trade_id": 667678462, "side": "buy", "size": "0.00319601", "price": "3128.91000000", "time": "2025-07-16T00:10:30.139515Z", "fetched_at": "2025-07-16T00:10:50.805266+00:00", "symbol": "ETH-USD"}, {"trade_id": 667678461, "side": "buy", "size": "0.18364000", "price": "3128.91000000", "time": "2025-07-16T00:10:30.139515Z", "fetched_at": "2025-07-16T00:10:50.805266+00:00", "symbol": "ETH-USD"}, {"trade_id": 667678460, "side": "sell", "size": "0.02120978", "price": "3128.92000000", "time": "2025-07-16T00:10:30.135599Z", "fetched_at": "2025-07-16T00:10:50.805266+00:00", "symbol": "ETH-USD"}, {"trade_id": 667678459, "side": "sell", "size": "0.00302947", "price": "3128.92000000", "time": "2025-07-16T00:10:30.081026Z", "fetched_at": "2025-07-16T00:10:50.805266+00:00", "symbol": "ETH-USD"}, {"trade_id": 667678458, "side": "buy", "size": "0.00319601", "price": "3128.91000000", "time": "2025-07-16T00:10:30.022137Z", "fetched_at": "2025-07-16T00:10:50.805266+00:00", "symbol": "ETH-USD"}, {"trade_id": 667678457, "side": "buy", "size": "0.18364000", "price": "3128.91000000", "time": "2025-07-16T00:10:30.014181Z", "fetched_at": "2025-07-16T00:10:50.805266+00:00", "symbol": "ETH-USD"}, {"trade_id": 667678456, "side": "buy", "size": "0.00319600", "price": "3128.92000000", "time": "2025-07-16T00:10:29.997291Z", "fetched_at": "2025-07-16T00:10:50.805266+00:00", "symbol": "ETH-USD"}, {"trade_id": 667678455, "side": "buy", "size": "0.00319598", "price": "3128.94000000", "time": "2025-07-16T00:10:29.979296Z", "fetched_at": "2025-07-16T00:10:50.805266+00:00", "symbol": "ETH-USD"}, {"trade_id": 667678454, "side": "buy", "size": "0.00319598", "price": "3128.94000000", "time": "2025-07-16T00:10:29.961967Z", "fetched_at": "2025-07-16T00:10:50.805266+00:00", "symbol": "ETH-USD"}, {"trade_id": 667678453, "side": "buy", "size": "0.18364000", "price": "3128.94000000", "time": "2025-07-16T00:10:29.951261Z", "fetched_at": "2025-07-16T00:10:50.805266+00:00", "symbol": "ETH-USD"}, {"trade_id": 667678452, "side": "buy", "size": "0.00319598", "price": "3128.94000000", "time": "2025-07-16T00:10:29.940798Z", "fetched_at": "2025-07-16T00:10:50.805266+00:00", "symbol": "ETH-USD"}, {"trade_id": 667678451, "side": "buy", "size": "0.00319590", "price": "3129.01000000", "time": "2025-07-16T00:10:29.903987Z", "fetched_at": "2025-07-16T00:10:50.805266+00:00", "symbol": "ETH-USD"}, {"trade_id": 667678450, "side": "buy", "size": "0.18364000", "price": "3128.99000000", "time": "2025-07-16T00:10:29.871588Z", "fetched_at": "2025-07-16T00:10:50.805266+00:00", "symbol": "ETH-USD"}, {"trade_id": 667678449, "side": "buy", "size": "0.00319582", "price": "3129.09000000", "time": "2025-07-16T00:10:29.856099Z", "fetched_at": "2025-07-16T00:10:50.805266+00:00", "symbol": "ETH-USD"}, {"trade_id": 667678448, "side": "buy", "size": "0.18364000", "price": "3129.09000000", "time": "2025-07-16T00:10:29.840781Z", "fetched_at": "2025-07-16T00:10:50.805266+00:00", "symbol": "ETH-USD"}, {"trade_id": 667678447, "side": "buy", "size": "0.00319575", "price": "3129.16000000", "time": "2025-07-16T00:10:29.828080Z", "fetched_at": "2025-07-16T00:10:50.805266+00:00", "symbol": "ETH-USD"}, {"trade_id": 667678446, "side": "buy", "size": "0.00319569", "price": "3129.22000000", "time": "2025-07-16T00:10:29.809960Z", "fetched_at": "2025-07-16T00:10:50.805266+00:00", "symbol": "ETH-USD"}, {"trade_id": 667678445, "side": "buy", "size": "0.00319588", "price": "3129.03000000", "time": "2025-07-16T00:10:29.789867Z", "fetched_at": "2025-07-16T00:10:50.805266+00:00", "symbol": "ETH-USD"}, {"trade_id": 667678444, "side": "buy", "size": "0.00319583", "price": "3129.08000000", "time": "2025-07-16T00:10:29.771666Z", "fetched_at": "2025-07-16T00:10:50.805266+00:00", "symbol": "ETH-USD"}, {"trade_id": 667678443, "side": "buy", "size": "0.18364000", "price": "3128.87000000", "time": "2025-07-16T00:10:29.690292Z", "fetched_at": "2025-07-16T00:10:50.805266+00:00", "symbol": "ETH-USD"}, {"trade_id": 667678442, "side": "buy", "size": "0.65600000", "price": "3128.84000000", "time": "2025-07-16T00:10:29.669386Z", "fetched_at": "2025-07-16T00:10:50.805266+00:00", "symbol": "ETH-USD"}, {"trade_id": 667678441, "side": "buy", "size": "0.18364000", "price": "3129.25000000", "time": "2025-07-16T00:10:29.654379Z", "fetched_at": "2025-07-16T00:10:50.805266+00:00", "symbol": "ETH-USD"}, {"trade_id": 667678440, "side": "buy", "size": "0.00063000", "price": "3129.25000000", "time": "2025-07-16T00:10:29.654379Z", "fetched_at": "2025-07-16T00:10:50.805266+00:00", "symbol": "ETH-USD"}, {"trade_id": 667678439, "side": "buy", "size": "0.00319566", "price": "3129.25000000", "time": "2025-07-16T00:10:29.654379Z", "fetched_at": "2025-07-16T00:10:50.805266+00:00", "symbol": "ETH-USD"}, {"trade_id": 667678438, "side": "sell", "size": "0.03122410", "price": "3129.20000000", "time": "2025-07-16T00:10:29.368061Z", "fetched_at": "2025-07-16T00:10:50.805266+00:00", "symbol": "ETH-USD"}, {"trade_id": 667678437, "side": "sell", "size": "0.00010334", "price": "3129.06000000", "time": "2025-07-16T00:10:29.368061Z", "fetched_at": "2025-07-16T00:10:50.805266+00:00", "symbol": "ETH-USD"}, {"trade_id": 667678436, "side": "sell", "size": "0.00005588", "price": "3129.06000000", "time": "2025-07-16T00:10:29.368061Z", "fetched_at": "2025-07-16T00:10:50.805266+00:00", "symbol": "ETH-USD"}, {"trade_id": 667678435, "side": "sell", "size": "0.00024001", "price": "3129.06000000", "time": "2025-07-16T00:10:29.368061Z", "fetched_at": "2025-07-16T00:10:50.805266+00:00", "symbol": "ETH-USD"}, {"trade_id": 667678434, "side": "buy", "size": "0.14335088", "price": "3128.51000000", "time": "2025-07-16T00:10:29.152592Z", "fetched_at": "2025-07-16T00:10:50.805266+00:00", "symbol": "ETH-USD"}, {"trade_id": 667678433, "side": "buy", "size": "0.15981575", "price": "3128.60000000", "time": "2025-07-16T00:10:29.152592Z", "fetched_at": "2025-07-16T00:10:50.805266+00:00", "symbol": "ETH-USD"}, {"trade_id": 667678432, "side": "buy", "size": "0.57951016", "price": "3128.60000000", "time": "2025-07-16T00:10:29.152592Z", "fetched_at": "2025-07-16T00:10:50.805266+00:00", "symbol": "ETH-USD"}, {"trade_id": 667678431, "side": "buy", "size": "0.87422138", "price": "3128.64000000", "time": "2025-07-16T00:10:29.152592Z", "fetched_at": "2025-07-16T00:10:50.805266+00:00", "symbol": "ETH-USD"}, {"trade_id": 667678430, "side": "buy", "size": "0.08667085", "price": "3128.65000000", "time": "2025-07-16T00:10:29.152592Z", "fetched_at": "2025-07-16T00:10:50.805266+00:00", "symbol": "ETH-USD"}, {"trade_id": 667678429, "side": "buy", "size": "0.10000000", "price": "3128.65000000", "time": "2025-07-16T00:10:29.152592Z", "fetched_at": "2025-07-16T00:10:50.805266+00:00", "symbol": "ETH-USD"}, {"trade_id": 667678428, "side": "buy", "size": "0.10000000", "price": "3128.66000000", "time": "2025-07-16T00:10:29.152592Z", "fetched_at": "2025-07-16T00:10:50.805266+00:00", "symbol": "ETH-USD"}, {"trade_id": 667678427, "side": "buy", "size": "0.00100000", "price": "3128.69000000", "time": "2025-07-16T00:10:29.152592Z", "fetched_at": "2025-07-16T00:10:50.805266+00:00", "symbol": "ETH-USD"}, {"trade_id": 667678426, "side": "buy", "size": "0.00100000", "price": "3128.92000000", "time": "2025-07-16T00:10:29.152592Z", "fetched_at": "2025-07-16T00:10:50.805266+00:00", "symbol": "ETH-USD"}, {"trade_id": 667678425, "side": "buy", "size": "0.18364000", "price": "3129.05000000", "time": "2025-07-16T00:10:29.152592Z", "fetched_at": "2025-07-16T00:10:50.805266+00:00", "symbol": "ETH-USD"}, {"trade_id": 667678424, "side": "buy", "size": "0.00319586", "price": "3129.05000000", "time": "2025-07-16T00:10:29.152592Z", "fetched_at": "2025-07-16T00:10:50.805266+00:00", "symbol": "ETH-USD"}, {"trade_id": 667678423, "side": "sell", "size": "0.00605851", "price": "3129.06000000", "time": "2025-07-16T00:10:27.490146Z", "fetched_at": "2025-07-16T00:10:50.805266+00:00", "symbol": "ETH-USD"}, {"trade_id": 667678422, "side": "buy", "size": "0.00319573", "price": "3129.18000000", "time": "2025-07-16T00:10:27.340525Z", "fetched_at": "2025-07-16T00:10:50.805266+00:00", "symbol": "ETH-USD"}, {"trade_id": 667678421, "side": "buy", "size": "0.00000319", "price": "3129.18000000", "time": "2025-07-16T00:10:27.291949Z", "fetched_at": "2025-07-16T00:10:50.805266+00:00", "symbol": "ETH-USD"}, {"trade_id": 667678420, "side": "buy", "size": "0.00064553", "price": "3129.18000000", "time": "2025-07-16T00:10:27.276223Z", "fetched_at": "2025-07-16T00:10:50.805266+00:00", "symbol": "ETH-USD"}, {"trade_id": 667678419, "side": "buy", "size": "0.00319576", "price": "3129.15000000", "time": "2025-07-16T00:10:27.020160Z", "fetched_at": "2025-07-16T00:10:50.805266+00:00", "symbol": "ETH-USD"}, {"trade_id": 667678418, "side": "buy", "size": "0.00100000", "price": "3129.15000000", "time": "2025-07-16T00:10:27.020160Z", "fetched_at": "2025-07-16T00:10:50.805266+00:00", "symbol": "ETH-USD"}, {"trade_id": 667678417, "side": "buy", "size": "0.00073785", "price": "3129.15000000", "time": "2025-07-16T00:10:27.020160Z", "fetched_at": "2025-07-16T00:10:50.805266+00:00", "symbol": "ETH-USD"}, {"trade_id": 667678416, "side": "buy", "size": "0.00033745", "price": "3129.15000000", "time": "2025-07-16T00:10:27.020160Z", "fetched_at": "2025-07-16T00:10:50.805266+00:00", "symbol": "ETH-USD"}, {"trade_id": 667678415, "side": "buy", "size": "1.20010346", "price": "3129.15000000", "time": "2025-07-16T00:10:27.020160Z", "fetched_at": "2025-07-16T00:10:50.805266+00:00", "symbol": "ETH-USD"}, {"trade_id": 667678414, "side": "buy", "size": "0.19251829", "price": "3129.15000000", "time": "2025-07-16T00:10:27.020160Z", "fetched_at": "2025-07-16T00:10:50.805266+00:00", "symbol": "ETH-USD"}, {"trade_id": 667678413, "side": "buy", "size": "0.09302988", "price": "3129.15000000", "time": "2025-07-16T00:10:27.020160Z", "fetched_at": "2025-07-16T00:10:50.805266+00:00", "symbol": "ETH-USD"}, {"trade_id": 667678412, "side": "buy", "size": "0.11614688", "price": "3129.15000000", "time": "2025-07-16T00:10:27.020160Z", "fetched_at": "2025-07-16T00:10:50.805266+00:00", "symbol": "ETH-USD"}, {"trade_id": 667678411, "side": "buy", "size": "0.04093237", "price": "3129.15000000", "time": "2025-07-16T00:10:26.969979Z", "fetched_at": "2025-07-16T00:10:50.805266+00:00", "symbol": "ETH-USD"}, {"trade_id": 667678410, "side": "buy", "size": "0.28028379", "price": "3129.15000000", "time": "2025-07-16T00:10:26.969979Z", "fetched_at": "2025-07-16T00:10:50.805266+00:00", "symbol": "ETH-USD"}, {"trade_id": 667678409, "side": "buy", "size": "2.46960729", "price": "3129.15000000", "time": "2025-07-16T00:10:26.944043Z", "fetched_at": "2025-07-16T00:10:50.805266+00:00", "symbol": "ETH-USD"}, {"trade_id": 667678408, "side": "buy", "size": "0.00319553", "price": "3129.38000000", "time": "2025-07-16T00:10:26.766691Z", "fetched_at": "2025-07-16T00:10:50.805266+00:00", "symbol": "ETH-USD"}, {"trade_id": 667678407, "side": "buy", "size": "0.00100000", "price": "3129.38000000", "time": "2025-07-16T00:10:26.766691Z", "fetched_at": "2025-07-16T00:10:50.805266+00:00", "symbol": "ETH-USD"}, {"trade_id": 667678406, "side": "buy", "size": "0.00319551", "price": "3129.40000000", "time": "2025-07-16T00:10:26.731513Z", "fetched_at": "2025-07-16T00:10:50.805266+00:00", "symbol": "ETH-USD"}, {"trade_id": 667678405, "side": "buy", "size": "0.10000000", "price": "3129.40000000", "time": "2025-07-16T00:10:26.731513Z", "fetched_at": "2025-07-16T00:10:50.805266+00:00", "symbol": "ETH-USD"}, {"trade_id": 667678404, "side": "buy", "size": "0.00063000", "price": "3129.42000000", "time": "2025-07-16T00:10:26.691831Z", "fetched_at": "2025-07-16T00:10:50.805266+00:00", "symbol": "ETH-USD"}, {"trade_id": 667678403, "side": "buy", "size": "0.00319549", "price": "3129.42000000", "time": "2025-07-16T00:10:26.691831Z", "fetched_at": "2025-07-16T00:10:50.805266+00:00", "symbol": "ETH-USD"}, {"trade_id": 667678402, "side": "buy", "size": "0.00063000", "price": "3129.42000000", "time": "2025-07-16T00:10:26.673875Z", "fetched_at": "2025-07-16T00:10:50.805266+00:00", "symbol": "ETH-USD"}, {"trade_id": 667678401, "side": "buy", "size": "0.00319549", "price": "3129.42000000", "time": "2025-07-16T00:10:26.673875Z", "fetched_at": "2025-07-16T00:10:50.805266+00:00", "symbol": "ETH-USD"}, {"trade_id": 667678400, "side": "buy", "size": "0.00100000", "price": "3129.61000000", "time": "2025-07-16T00:10:26.620712Z", "fetched_at": "2025-07-16T00:10:50.805266+00:00", "symbol": "ETH-USD"}, {"trade_id": 667678399, "side": "buy", "size": "0.00319515", "price": "3129.75000000", "time": "2025-07-16T00:10:26.619182Z", "fetched_at": "2025-07-16T00:10:50.805266+00:00", "symbol": "ETH-USD"}, {"trade_id": 667678398, "side": "buy", "size": "0.00100000", "price": "3129.84000000", "time": "2025-07-16T00:10:26.554452Z", "fetched_at": "2025-07-16T00:10:50.805266+00:00", "symbol": "ETH-USD"}, {"trade_id": 667678397, "side": "buy", "size": "0.34400000", "price": "3130.03000000", "time": "2025-07-16T00:10:26.530484Z", "fetched_at": "2025-07-16T00:10:50.805266+00:00", "symbol": "ETH-USD"}, {"trade_id": 667678396, "side": "buy", "size": "0.00063000", "price": "3130.15000000", "time": "2025-07-16T00:10:26.530484Z", "fetched_at": "2025-07-16T00:10:50.805266+00:00", "symbol": "ETH-USD"}, {"trade_id": 667678395, "side": "buy", "size": "0.00319474", "price": "3130.15000000", "time": "2025-07-16T00:10:26.530484Z", "fetched_at": "2025-07-16T00:10:50.805266+00:00", "symbol": "ETH-USD"}, {"trade_id": 667678394, "side": "sell", "size": "0.06000000", "price": "3130.16000000", "time": "2025-07-16T00:10:24.546704Z", "fetched_at": "2025-07-16T00:10:50.805266+00:00", "symbol": "ETH-USD"}, {"trade_id": 667678393, "side": "buy", "size": "0.30319990", "price": "3129.91000000", "time": "2025-07-16T00:10:23.427980Z", "fetched_at": "2025-07-16T00:10:50.805266+00:00", "symbol": "ETH-USD"}, {"trade_id": 667678392, "side": "buy", "size": "0.13659222", "price": "3129.93000000", "time": "2025-07-16T00:10:23.427980Z", "fetched_at": "2025-07-16T00:10:50.805266+00:00", "symbol": "ETH-USD"}, {"trade_id": 667678391, "side": "buy", "size": "0.02097754", "price": "3129.94000000", "time": "2025-07-16T00:10:23.427980Z", "fetched_at": "2025-07-16T00:10:50.805266+00:00", "symbol": "ETH-USD"}, {"trade_id": 667678390, "side": "buy", "size": "0.14644757", "price": "3129.95000000", "time": "2025-07-16T00:10:23.427980Z", "fetched_at": "2025-07-16T00:10:50.805266+00:00", "symbol": "ETH-USD"}, {"trade_id": 667678389, "side": "buy", "size": "0.00184438", "price": "3129.96000000", "time": "2025-07-16T00:10:23.427980Z", "fetched_at": "2025-07-16T00:10:50.805266+00:00", "symbol": "ETH-USD"}, {"trade_id": 667678388, "side": "buy", "size": "0.03101399", "price": "3129.97000000", "time": "2025-07-16T00:10:23.427980Z", "fetched_at": "2025-07-16T00:10:50.805266+00:00", "symbol": "ETH-USD"}, {"trade_id": 667678387, "side": "buy", "size": "0.00100000", "price": "3130.07000000", "time": "2025-07-16T00:10:23.427980Z", "fetched_at": "2025-07-16T00:10:50.805266+00:00", "symbol": "ETH-USD"}, {"trade_id": 667678386, "side": "buy", "size": "0.00319459", "price": "3130.30000000", "time": "2025-07-16T00:10:23.427980Z", "fetched_at": "2025-07-16T00:10:50.805266+00:00", "symbol": "ETH-USD"}, {"trade_id": 667678385, "side": "buy", "size": "0.00100000", "price": "3130.30000000", "time": "2025-07-16T00:10:23.427980Z", "fetched_at": "2025-07-16T00:10:50.805266+00:00", "symbol": "ETH-USD"}, {"trade_id": 667678384, "side": "buy", "size": "0.65535723", "price": "3130.47000000", "time": "2025-07-16T00:10:23.294458Z", "fetched_at": "2025-07-16T00:10:50.805266+00:00", "symbol": "ETH-USD"}, {"trade_id": 667678383, "side": "buy", "size": "0.34464277", "price": "3130.47000000", "time": "2025-07-16T00:10:23.294395Z", "fetched_at": "2025-07-16T00:10:50.805266+00:00", "symbol": "ETH-USD"}, {"trade_id": 667678382, "side": "buy", "size": "2.76108502", "price": "3130.52000000", "time": "2025-07-16T00:10:23.291513Z", "fetched_at": "2025-07-16T00:10:50.805266+00:00", "symbol": "ETH-USD"}, {"trade_id": 667678381, "side": "buy", "size": "0.28676463", "price": "3130.52000000", "time": "2025-07-16T00:10:23.291490Z", "fetched_at": "2025-07-16T00:10:50.805266+00:00", "symbol": "ETH-USD"}, {"trade_id": 667678380, "side": "buy", "size": "0.84198040", "price": "3130.52000000", "time": "2025-07-16T00:10:23.291296Z", "fetched_at": "2025-07-16T00:10:50.805266+00:00", "symbol": "ETH-USD"}, {"trade_id": 667678379, "side": "buy", "size": "0.86016038", "price": "3130.52000000", "time": "2025-07-16T00:10:23.290610Z", "fetched_at": "2025-07-16T00:10:50.805266+00:00", "symbol": "ETH-USD"}, {"trade_id": 667678378, "side": "buy", "size": "2.13538422", "price": "3130.52000000", "time": "2025-07-16T00:10:23.290436Z", "fetched_at": "2025-07-16T00:10:50.805266+00:00", "symbol": "ETH-USD"}, {"trade_id": 667678377, "side": "buy", "size": "4.22173509", "price": "3130.52000000", "time": "2025-07-16T00:10:23.290421Z", "fetched_at": "2025-07-16T00:10:50.805266+00:00", "symbol": "ETH-USD"}, {"trade_id": 667678376, "side": "buy", "size": "0.65535723", "price": "3130.52000000", "time": "2025-07-16T00:10:23.290414Z", "fetched_at": "2025-07-16T00:10:50.805266+00:00", "symbol": "ETH-USD"}, {"trade_id": 667678375, "side": "buy", "size": "2.85032757", "price": "3130.52000000", "time": "2025-07-16T00:10:23.290388Z", "fetched_at": "2025-07-16T00:10:50.805266+00:00", "symbol": "ETH-USD"}, {"trade_id": 667678374, "side": "buy", "size": "1.62139677", "price": "3130.52000000", "time": "2025-07-16T00:10:23.290353Z", "fetched_at": "2025-07-16T00:10:50.805266+00:00", "symbol": "ETH-USD"}, {"trade_id": 667678373, "side": "buy", "size": "2.80816192", "price": "3130.52000000", "time": "2025-07-16T00:10:23.286506Z", "fetched_at": "2025-07-16T00:10:50.805266+00:00", "symbol": "ETH-USD"}, {"trade_id": 667678372, "side": "buy", "size": "0.18364000", "price": "3130.72000000", "time": "2025-07-16T00:10:23.177520Z", "fetched_at": "2025-07-16T00:10:50.805266+00:00", "symbol": "ETH-USD"}, {"trade_id": 667678371, "side": "sell", "size": "0.30000000", "price": "3130.70000000", "time": "2025-07-16T00:10:22.853789Z", "fetched_at": "2025-07-16T00:10:50.805266+00:00", "symbol": "ETH-USD"}, {"trade_id": 667678370, "side": "sell", "size": "0.00010334", "price": "3130.60000000", "time": "2025-07-16T00:10:22.851753Z", "fetched_at": "2025-07-16T00:10:50.805266+00:00", "symbol": "ETH-USD"}, {"trade_id": 667678369, "side": "sell", "size": "0.00005589", "price": "3130.60000000", "time": "2025-07-16T00:10:22.851753Z", "fetched_at": "2025-07-16T00:10:50.805266+00:00", "symbol": "ETH-USD"}, {"trade_id": 667678368, "side": "sell", "size": "0.00024003", "price": "3130.60000000", "time": "2025-07-16T00:10:22.851753Z", "fetched_at": "2025-07-16T00:10:50.805266+00:00", "symbol": "ETH-USD"}, {"trade_id": 667678367, "side": "sell", "size": "0.00686000", "price": "3130.60000000", "time": "2025-07-16T00:10:22.851753Z", "fetched_at": "2025-07-16T00:10:50.805266+00:00", "symbol": "ETH-USD"}, {"trade_id": 667678366, "side": "sell", "size": "0.26102629", "price": "3130.60000000", "time": "2025-07-16T00:10:22.851753Z", "fetched_at": "2025-07-16T00:10:50.805266+00:00", "symbol": "ETH-USD"}, {"trade_id": 667678365, "side": "sell", "size": "0.00908782", "price": "3130.60000000", "time": "2025-07-16T00:10:22.121874Z", "fetched_at": "2025-07-16T00:10:50.805266+00:00", "symbol": "ETH-USD"}, {"trade_id": 667678364, "side": "sell", "size": "0.00125275", "price": "3130.60000000", "time": "2025-07-16T00:10:21.753745Z", "fetched_at": "2025-07-16T00:10:50.805266+00:00", "symbol": "ETH-USD"}, {"trade_id": 667678363, "side": "sell", "size": "0.02135277", "price": "3130.60000000", "time": "2025-07-16T00:10:21.104699Z", "fetched_at": "2025-07-16T00:10:50.805266+00:00", "symbol": "ETH-USD"}, {"trade_id": 667678362, "side": "sell", "size": "0.00042037", "price": "3130.60000000", "time": "2025-07-16T00:10:20.955402Z", "fetched_at": "2025-07-16T00:10:50.805266+00:00", "symbol": "ETH-USD"}, {"trade_id": 667678361, "side": "sell", "size": "0.00098858", "price": "3130.55000000", "time": "2025-07-16T00:10:20.955402Z", "fetched_at": "2025-07-16T00:10:50.805266+00:00", "symbol": "ETH-USD"}, {"trade_id": 667678360, "side": "sell", "size": "0.00146073", "price": "3130.55000000", "time": "2025-07-16T00:10:20.514215Z", "fetched_at": "2025-07-16T00:10:50.805266+00:00", "symbol": "ETH-USD"}, {"trade_id": 667678359, "side": "sell", "size": "0.00686522", "price": "3130.60000000", "time": "2025-07-16T00:10:18.970115Z", "fetched_at": "2025-07-16T00:10:50.805266+00:00", "symbol": "ETH-USD"}, {"trade_id": 667678358, "side": "sell", "size": "0.00247840", "price": "3130.53000000", "time": "2025-07-16T00:10:18.970115Z", "fetched_at": "2025-07-16T00:10:50.805266+00:00", "symbol": "ETH-USD"}, {"trade_id": 667678357, "side": "sell", "size": "0.00005588", "price": "3130.53000000", "time": "2025-07-16T00:10:18.970115Z", "fetched_at": "2025-07-16T00:10:50.805266+00:00", "symbol": "ETH-USD"}, {"trade_id": 667678356, "side": "sell", "size": "0.00024007", "price": "3130.53000000", "time": "2025-07-16T00:10:18.970115Z", "fetched_at": "2025-07-16T00:10:50.805266+00:00", "symbol": "ETH-USD"}, {"trade_id": 667678355, "side": "sell", "size": "0.74017470", "price": "3130.45000000", "time": "2025-07-16T00:10:17.906716Z", "fetched_at": "2025-07-16T00:10:50.805266+00:00", "symbol": "ETH-USD"}, {"trade_id": 667678354, "side": "sell", "size": "0.10000000", "price": "3130.44000000", "time": "2025-07-16T00:10:17.906716Z", "fetched_at": "2025-07-16T00:10:50.805266+00:00", "symbol": "ETH-USD"}, {"trade_id": 667678353, "side": "sell", "size": "0.00010335", "price": "3130.44000000", "time": "2025-07-16T00:10:17.906716Z", "fetched_at": "2025-07-16T00:10:50.805266+00:00", "symbol": "ETH-USD"}, {"trade_id": 667678352, "side": "sell", "size": "0.15972195", "price": "3130.44000000", "time": "2025-07-16T00:10:17.906716Z", "fetched_at": "2025-07-16T00:10:50.805266+00:00", "symbol": "ETH-USD"}, {"trade_id": 667678351, "side": "sell", "size": "0.00303085", "price": "3130.44000000", "time": "2025-07-16T00:10:17.698221Z", "fetched_at": "2025-07-16T00:10:50.805266+00:00", "symbol": "ETH-USD"}, {"trade_id": 667678350, "side": "buy", "size": "1.00000000", "price": "3130.47000000", "time": "2025-07-16T00:10:17.586537Z", "fetched_at": "2025-07-16T00:10:50.805266+00:00", "symbol": "ETH-USD"}, {"trade_id": 667678349, "side": "sell", "size": "0.00151548", "price": "3130.50000000", "time": "2025-07-16T00:10:16.224594Z", "fetched_at": "2025-07-16T00:10:50.805266+00:00", "symbol": "ETH-USD"}, {"trade_id": 667678348, "side": "buy", "size": "0.18364000", "price": "3131.06000000", "time": "2025-07-16T00:10:15.734929Z", "fetched_at": "2025-07-16T00:10:50.805266+00:00", "symbol": "ETH-USD"}, {"trade_id": 667678347, "side": "buy", "size": "0.18364000", "price": "3131.07000000", "time": "2025-07-16T00:10:15.445290Z", "fetched_at": "2025-07-16T00:10:50.805266+00:00", "symbol": "ETH-USD"}, {"trade_id": 667678346, "side": "buy", "size": "1.00000000", "price": "3130.47000000", "time": "2025-07-16T00:10:15.314949Z", "fetched_at": "2025-07-16T00:10:50.805266+00:00", "symbol": "ETH-USD"}, {"trade_id": 667678345, "side": "buy", "size": "0.10000000", "price": "3130.48000000", "time": "2025-07-16T00:10:15.314949Z", "fetched_at": "2025-07-16T00:10:50.805266+00:00", "symbol": "ETH-USD"}, {"trade_id": 667678344, "side": "buy", "size": "0.00100000", "price": "3130.53000000", "time": "2025-07-16T00:10:15.314949Z", "fetched_at": "2025-07-16T00:10:50.805266+00:00", "symbol": "ETH-USD"}, {"trade_id": 667678343, "side": "buy", "size": "0.60251663", "price": "3130.55000000", "time": "2025-07-16T00:10:15.314949Z", "fetched_at": "2025-07-16T00:10:50.805266+00:00", "symbol": "ETH-USD"}, {"trade_id": 667678342, "side": "buy", "size": "1.77594000", "price": "3130.56000000", "time": "2025-07-16T00:10:15.314949Z", "fetched_at": "2025-07-16T00:10:50.805266+00:00", "symbol": "ETH-USD"}, {"trade_id": 667678341, "side": "buy", "size": "0.54730474", "price": "3130.56000000", "time": "2025-07-16T00:10:15.314949Z", "fetched_at": "2025-07-16T00:10:50.805266+00:00", "symbol": "ETH-USD"}, {"trade_id": 667678340, "side": "buy", "size": "0.94500000", "price": "3130.56000000", "time": "2025-07-16T00:10:15.314949Z", "fetched_at": "2025-07-16T00:10:50.805266+00:00", "symbol": "ETH-USD"}, {"trade_id": 667678339, "side": "buy", "size": "0.10000000", "price": "3130.56000000", "time": "2025-07-16T00:10:15.314949Z", "fetched_at": "2025-07-16T00:10:50.805266+00:00", "symbol": "ETH-USD"}, {"trade_id": 667678338, "side": "buy", "size": "0.18364000", "price": "3130.56000000", "time": "2025-07-16T00:10:15.314949Z", "fetched_at": "2025-07-16T00:10:50.805266+00:00", "symbol": "ETH-USD"}, {"trade_id": 667678337, "side": "sell", "size": "0.08830520", "price": "3131.08000000", "time": "2025-07-16T00:10:13.008585Z", "fetched_at": "2025-07-16T00:10:50.805266+00:00", "symbol": "ETH-USD"}, {"trade_id": 667678336, "side": "sell", "size": "0.79846063", "price": "3131.03000000", "time": "2025-07-16T00:10:13.008585Z", "fetched_at": "2025-07-16T00:10:50.805266+00:00", "symbol": "ETH-USD"}, {"trade_id": 667678335, "side": "sell", "size": "0.47907638", "price": "3131.02000000", "time": "2025-07-16T00:10:13.008585Z", "fetched_at": "2025-07-16T00:10:50.805266+00:00", "symbol": "ETH-USD"}, {"trade_id": 667678334, "side": "sell", "size": "0.18285097", "price": "3131.01000000", "time": "2025-07-16T00:10:13.008585Z", "fetched_at": "2025-07-16T00:10:50.805266+00:00", "symbol": "ETH-USD"}, {"trade_id": 667678333, "side": "sell", "size": "0.00009172", "price": "3130.99000000", "time": "2025-07-16T00:10:13.008585Z", "fetched_at": "2025-07-16T00:10:50.805266+00:00", "symbol": "ETH-USD"}, {"trade_id": 667678332, "side": "sell", "size": "0.00039377", "price": "3130.99000000", "time": "2025-07-16T00:10:13.008585Z", "fetched_at": "2025-07-16T00:10:50.805266+00:00", "symbol": "ETH-USD"}, {"trade_id": 667678331, "side": "sell", "size": "0.00014636", "price": "3130.93000000", "time": "2025-07-16T00:10:13.008585Z", "fetched_at": "2025-07-16T00:10:50.805266+00:00", "symbol": "ETH-USD"}, {"trade_id": 667678330, "side": "sell", "size": "0.00262513", "price": "3130.57000000", "time": "2025-07-16T00:10:13.008585Z", "fetched_at": "2025-07-16T00:10:50.805266+00:00", "symbol": "ETH-USD"}, {"trade_id": 667678329, "side": "buy", "size": "0.01636000", "price": "3130.56000000", "time": "2025-07-16T00:10:12.935306Z", "fetched_at": "2025-07-16T00:10:50.805266+00:00", "symbol": "ETH-USD"}, {"trade_id": 667678328, "side": "buy", "size": "0.18364000", "price": "3130.56000000", "time": "2025-07-16T00:10:12.935306Z", "fetched_at": "2025-07-16T00:10:50.805266+00:00", "symbol": "ETH-USD"}, {"trade_id": 667678327, "side": "buy", "size": "0.04082369", "price": "3131.00000000", "time": "2025-07-16T00:10:11.539929Z", "fetched_at": "2025-07-16T00:10:50.805266+00:00", "symbol": "ETH-USD"}, {"trade_id": 667678326, "side": "sell", "size": "0.06211493", "price": "3130.96000000", "time": "2025-07-16T00:10:11.471649Z", "fetched_at": "2025-07-16T00:10:50.805266+00:00", "symbol": "ETH-USD"}, {"trade_id": 667678325, "side": "sell", "size": "0.01250533", "price": "3130.95000000", "time": "2025-07-16T00:10:11.346247Z", "fetched_at": "2025-07-16T00:10:50.805266+00:00", "symbol": "ETH-USD"}, {"trade_id": 667678324, "side": "sell", "size": "0.00264922", "price": "3130.61000000", "time": "2025-07-16T00:10:11.346247Z", "fetched_at": "2025-07-16T00:10:50.805266+00:00", "symbol": "ETH-USD"}, {"trade_id": 667678323, "side": "buy", "size": "0.10446396", "price": "3130.17000000", "time": "2025-07-16T00:10:10.921680Z", "fetched_at": "2025-07-16T00:10:50.805266+00:00", "symbol": "ETH-USD"}, {"trade_id": 667678322, "side": "buy", "size": "0.44113293", "price": "3130.18000000", "time": "2025-07-16T00:10:10.921680Z", "fetched_at": "2025-07-16T00:10:50.805266+00:00", "symbol": "ETH-USD"}, {"trade_id": 667678321, "side": "buy", "size": "0.56700000", "price": "3130.18000000", "time": "2025-07-16T00:10:10.921680Z", "fetched_at": "2025-07-16T00:10:50.805266+00:00", "symbol": "ETH-USD"}, {"trade_id": 667678320, "side": "buy", "size": "0.15486123", "price": "3130.19000000", "time": "2025-07-16T00:10:10.921680Z", "fetched_at": "2025-07-16T00:10:50.805266+00:00", "symbol": "ETH-USD"}, {"trade_id": 667678319, "side": "buy", "size": "0.15973240", "price": "3130.23000000", "time": "2025-07-16T00:10:10.921680Z", "fetched_at": "2025-07-16T00:10:50.805266+00:00", "symbol": "ETH-USD"}, {"trade_id": 667678318, "side": "buy", "size": "0.00319465", "price": "3130.24000000", "time": "2025-07-16T00:10:10.921680Z", "fetched_at": "2025-07-16T00:10:50.805266+00:00", "symbol": "ETH-USD"}, {"trade_id": 667678317, "side": "buy", "size": "0.18364000", "price": "3130.75000000", "time": "2025-07-16T00:10:10.921680Z", "fetched_at": "2025-07-16T00:10:50.805266+00:00", "symbol": "ETH-USD"}, {"trade_id": 667678316, "side": "sell", "size": "0.01557276", "price": "3130.99000000", "time": "2025-07-16T00:10:10.854719Z", "fetched_at": "2025-07-16T00:10:50.805266+00:00", "symbol": "ETH-USD"}, {"trade_id": 667678315, "side": "sell", "size": "0.00100000", "price": "3130.99000000", "time": "2025-07-16T00:10:10.854719Z", "fetched_at": "2025-07-16T00:10:50.805266+00:00", "symbol": "ETH-USD"}, {"trade_id": 667678314, "side": "sell", "size": "0.00264921", "price": "3130.98000000", "time": "2025-07-16T00:10:10.854719Z", "fetched_at": "2025-07-16T00:10:50.805266+00:00", "symbol": "ETH-USD"}, {"trade_id": 667678313, "side": "sell", "size": "0.00100000", "price": "3130.76000000", "time": "2025-07-16T00:10:10.854719Z", "fetched_at": "2025-07-16T00:10:50.805266+00:00", "symbol": "ETH-USD"}, {"trade_id": 667678312, "side": "sell", "size": "0.00100000", "price": "3130.53000000", "time": "2025-07-16T00:10:10.854719Z", "fetched_at": "2025-07-16T00:10:50.805266+00:00", "symbol": "ETH-USD"}, {"trade_id": 667678311, "side": "sell", "size": "1.54927327", "price": "3130.50000000", "time": "2025-07-16T00:10:10.656553Z", "fetched_at": "2025-07-16T00:10:50.805266+00:00", "symbol": "ETH-USD"}, {"trade_id": 667678310, "side": "sell", "size": "0.00100000", "price": "3130.30000000", "time": "2025-07-16T00:10:10.083047Z", "fetched_at": "2025-07-16T00:10:50.805266+00:00", "symbol": "ETH-USD"}, {"trade_id": 667678309, "side": "sell", "size": "0.13251952", "price": "3130.23000000", "time": "2025-07-16T00:10:10.079550Z", "fetched_at": "2025-07-16T00:10:50.805266+00:00", "symbol": "ETH-USD"}, {"trade_id": 667678308, "side": "sell", "size": "0.00100000", "price": "3130.07000000", "time": "2025-07-16T00:10:10.075929Z", "fetched_at": "2025-07-16T00:10:50.805266+00:00", "symbol": "ETH-USD"}, {"trade_id": 667678307, "side": "sell", "size": "0.18218278", "price": "3130.03000000", "time": "2025-07-16T00:10:10.075929Z", "fetched_at": "2025-07-16T00:10:50.805266+00:00", "symbol": "ETH-USD"}, {"trade_id": 667678306, "side": "sell", "size": "0.20000000", "price": "3130.00000000", "time": "2025-07-16T00:10:10.075672Z", "fetched_at": "2025-07-16T00:10:50.805266+00:00", "symbol": "ETH-USD"}, {"trade_id": 667678305, "side": "sell", "size": "4.98477000", "price": "3130.00000000", "time": "2025-07-16T00:10:10.075672Z", "fetched_at": "2025-07-16T00:10:50.805266+00:00", "symbol": "ETH-USD"}, {"trade_id": 667678304, "side": "sell", "size": "0.01523000", "price": "3130.00000000", "time": "2025-07-16T00:10:09.683752Z", "fetched_at": "2025-07-16T00:10:50.805266+00:00", "symbol": "ETH-USD"}, {"trade_id": 667678303, "side": "sell", "size": "0.00100000", "price": "3129.84000000", "time": "2025-07-16T00:10:09.683752Z", "fetched_at": "2025-07-16T00:10:50.805266+00:00", "symbol": "ETH-USD"}, {"trade_id": 667678302, "side": "sell", "size": "0.30000000", "price": "3129.80000000", "time": "2025-07-16T00:10:09.552813Z", "fetched_at": "2025-07-16T00:10:50.805266+00:00", "symbol": "ETH-USD"}, {"trade_id": 667678301, "side": "sell", "size": "0.14118770", "price": "3129.69000000", "time": "2025-07-16T00:10:09.552813Z", "fetched_at": "2025-07-16T00:10:50.805266+00:00", "symbol": "ETH-USD"}, {"trade_id": 667678300, "side": "sell", "size": "0.00100000", "price": "3129.61000000", "time": "2025-07-16T00:10:09.552813Z", "fetched_at": "2025-07-16T00:10:50.805266+00:00", "symbol": "ETH-USD"}, {"trade_id": 667678299, "side": "buy", "size": "0.10431668", "price": "3129.60000000", "time": "2025-07-16T00:10:09.523607Z", "fetched_at": "2025-07-16T00:10:50.805266+00:00", "symbol": "ETH-USD"}, {"trade_id": 667678298, "side": "buy", "size": "0.03632807", "price": "3129.60000000", "time": "2025-07-16T00:10:09.523607Z", "fetched_at": "2025-07-16T00:10:50.805266+00:00", "symbol": "ETH-USD"}, {"trade_id": 667678297, "side": "buy", "size": "0.00319530", "price": "3129.60000000", "time": "2025-07-16T00:10:09.523607Z", "fetched_at": "2025-07-16T00:10:50.805266+00:00", "symbol": "ETH-USD"}, {"trade_id": 667678296, "side": "sell", "size": "0.30000000", "price": "3129.40000000", "time": "2025-07-16T00:10:08.437273Z", "fetched_at": "2025-07-16T00:10:50.805266+00:00", "symbol": "ETH-USD"}, {"trade_id": 667678295, "side": "buy", "size": "0.00319566", "price": "3129.25000000", "time": "2025-07-16T00:10:07.599347Z", "fetched_at": "2025-07-16T00:10:50.805266+00:00", "symbol": "ETH-USD"}, {"trade_id": 667678294, "side": "buy", "size": "0.00319569", "price": "3129.22000000", "time": "2025-07-16T00:10:07.539945Z", "fetched_at": "2025-07-16T00:10:50.805266+00:00", "symbol": "ETH-USD"}, {"trade_id": 667678293, "side": "buy", "size": "0.00319569", "price": "3129.22000000", "time": "2025-07-16T00:10:07.522395Z", "fetched_at": "2025-07-16T00:10:50.805266+00:00", "symbol": "ETH-USD"}, {"trade_id": 667678292, "side": "buy", "size": "0.00319569", "price": "3129.22000000", "time": "2025-07-16T00:10:07.500099Z", "fetched_at": "2025-07-16T00:10:50.805266+00:00", "symbol": "ETH-USD"}, {"trade_id": 667678291, "side": "buy", "size": "0.00319569", "price": "3129.22000000", "time": "2025-07-16T00:10:07.480156Z", "fetched_at": "2025-07-16T00:10:50.805266+00:00", "symbol": "ETH-USD"}, {"trade_id": 667678290, "side": "buy", "size": "0.00319571", "price": "3129.20000000", "time": "2025-07-16T00:10:07.452472Z", "fetched_at": "2025-07-16T00:10:50.805266+00:00", "symbol": "ETH-USD"}, {"trade_id": 667678289, "side": "buy", "size": "0.00319569", "price": "3129.22000000", "time": "2025-07-16T00:10:07.400198Z", "fetched_at": "2025-07-16T00:10:50.805266+00:00", "symbol": "ETH-USD"}, {"trade_id": 667678288, "side": "buy", "size": "0.00319566", "price": "3129.25000000", "time": "2025-07-16T00:10:07.374162Z", "fetched_at": "2025-07-16T00:10:50.805266+00:00", "symbol": "ETH-USD"}, {"trade_id": 667678287, "side": "buy", "size": "0.00319566", "price": "3129.25000000", "time": "2025-07-16T00:10:07.355499Z", "fetched_at": "2025-07-16T00:10:50.805266+00:00", "symbol": "ETH-USD"}, {"trade_id": 667678286, "side": "buy", "size": "0.00319565", "price": "3129.26000000", "time": "2025-07-16T00:10:07.336205Z", "fetched_at": "2025-07-16T00:10:50.805266+00:00", "symbol": "ETH-USD"}, {"trade_id": 667678285, "side": "buy", "size": "0.00319570", "price": "3129.21000000", "time": "2025-07-16T00:10:07.315339Z", "fetched_at": "2025-07-16T00:10:50.805266+00:00", "symbol": "ETH-USD"}, {"trade_id": 667678284, "side": "buy", "size": "0.00319561", "price": "3129.30000000", "time": "2025-07-16T00:10:07.295334Z", "fetched_at": "2025-07-16T00:10:50.805266+00:00", "symbol": "ETH-USD"}, {"trade_id": 667678283, "side": "buy", "size": "0.00319559", "price": "3129.32000000", "time": "2025-07-16T00:10:07.275530Z", "fetched_at": "2025-07-16T00:10:50.805266+00:00", "symbol": "ETH-USD"}, {"trade_id": 667678282, "side": "sell", "size": "0.03967118", "price": "3129.33000000", "time": "2025-07-16T00:10:07.266421Z", "fetched_at": "2025-07-16T00:10:50.805266+00:00", "symbol": "ETH-USD"}, {"trade_id": 667678281, "side": "sell", "size": "0.10000000", "price": "3129.32000000", "time": "2025-07-16T00:10:07.266421Z", "fetched_at": "2025-07-16T00:10:50.805266+00:00", "symbol": "ETH-USD"}, {"trade_id": 667678280, "side": "sell", "size": "0.10364421", "price": "3129.32000000", "time": "2025-07-16T00:10:07.266421Z", "fetched_at": "2025-07-16T00:10:50.805266+00:00", "symbol": "ETH-USD"}, {"trade_id": 667678279, "side": "sell", "size": "0.11532725", "price": "3129.23000000", "time": "2025-07-16T00:10:07.266421Z", "fetched_at": "2025-07-16T00:10:50.805266+00:00", "symbol": "ETH-USD"}, {"trade_id": 667678278, "side": "buy", "size": "0.00319569", "price": "3129.22000000", "time": "2025-07-16T00:10:07.256369Z", "fetched_at": "2025-07-16T00:10:50.805266+00:00", "symbol": "ETH-USD"}, {"trade_id": 667678277, "side": "buy", "size": "0.00319558", "price": "3129.33000000", "time": "2025-07-16T00:10:07.227299Z", "fetched_at": "2025-07-16T00:10:50.805266+00:00", "symbol": "ETH-USD"}, {"trade_id": 667678276, "side": "buy", "size": "0.18364000", "price": "3129.15000000", "time": "2025-07-16T00:10:06.349934Z", "fetched_at": "2025-07-16T00:10:50.805266+00:00", "symbol": "ETH-USD"}, {"trade_id": 667678275, "side": "sell", "size": "0.00909281", "price": "3129.16000000", "time": "2025-07-16T00:10:06.300100Z", "fetched_at": "2025-07-16T00:10:50.805266+00:00", "symbol": "ETH-USD"}, {"trade_id": 667678274, "side": "sell", "size": "0.10000000", "price": "3128.92000000", "time": "2025-07-16T00:10:05.906865Z", "fetched_at": "2025-07-16T00:10:50.805266+00:00", "symbol": "ETH-USD"}, {"trade_id": 667678273, "side": "buy", "size": "1.33604258", "price": "3128.78000000", "time": "2025-07-16T00:10:05.904300Z", "fetched_at": "2025-07-16T00:10:50.805266+00:00", "symbol": "ETH-USD"}, {"trade_id": 667678272, "side": "buy", "size": "0.94500000", "price": "3128.86000000", "time": "2025-07-16T00:10:05.904300Z", "fetched_at": "2025-07-16T00:10:50.805266+00:00", "symbol": "ETH-USD"}, {"trade_id": 667678271, "side": "buy", "size": "0.94500000", "price": "3128.82000000", "time": "2025-07-16T00:10:05.900042Z", "fetched_at": "2025-07-16T00:10:50.805266+00:00", "symbol": "ETH-USD"}, {"trade_id": 667678270, "side": "buy", "size": "0.06831304", "price": "3128.83000000", "time": "2025-07-16T00:10:05.900042Z", "fetched_at": "2025-07-16T00:10:50.805266+00:00", "symbol": "ETH-USD"}, {"trade_id": 667678269, "side": "buy", "size": "0.11904513", "price": "3128.83000000", "time": "2025-07-16T00:10:05.899134Z", "fetched_at": "2025-07-16T00:10:50.805266+00:00", "symbol": "ETH-USD"}, {"trade_id": 667678268, "side": "buy", "size": "0.10000000", "price": "3128.86000000", "time": "2025-07-16T00:10:05.899134Z", "fetched_at": "2025-07-16T00:10:50.805266+00:00", "symbol": "ETH-USD"}, {"trade_id": 667678267, "side": "buy", "size": "0.54082000", "price": "3128.93000000", "time": "2025-07-16T00:10:05.899117Z", "fetched_at": "2025-07-16T00:10:50.805266+00:00", "symbol": "ETH-USD"}, {"trade_id": 667678266, "side": "buy", "size": "1.09909990", "price": "3128.96000000", "time": "2025-07-16T00:10:05.899117Z", "fetched_at": "2025-07-16T00:10:50.805266+00:00", "symbol": "ETH-USD"}, {"trade_id": 667678265, "side": "buy", "size": "0.02947457", "price": "3128.96000000", "time": "2025-07-16T00:10:05.899100Z", "fetched_at": "2025-07-16T00:10:50.805266+00:00", "symbol": "ETH-USD"}, {"trade_id": 667678264, "side": "buy", "size": "0.12651947", "price": "3128.99000000", "time": "2025-07-16T00:10:05.899100Z", "fetched_at": "2025-07-16T00:10:50.805266+00:00", "symbol": "ETH-USD"}, {"trade_id": 667678263, "side": "buy", "size": "0.79895954", "price": "3129.06000000", "time": "2025-07-16T00:10:05.899100Z", "fetched_at": "2025-07-16T00:10:50.805266+00:00", "symbol": "ETH-USD"}, {"trade_id": 667678262, "side": "buy", "size": "0.42186905", "price": "3129.07000000", "time": "2025-07-16T00:10:05.898915Z", "fetched_at": "2025-07-16T00:10:50.805266+00:00", "symbol": "ETH-USD"}, {"trade_id": 667678261, "side": "buy", "size": "0.60137788", "price": "3129.07000000", "time": "2025-07-16T00:10:05.898915Z", "fetched_at": "2025-07-16T00:10:50.805266+00:00", "symbol": "ETH-USD"}, {"trade_id": 667678260, "side": "buy", "size": "0.84495316", "price": "3129.14000000", "time": "2025-07-16T00:10:05.898915Z", "fetched_at": "2025-07-16T00:10:50.805266+00:00", "symbol": "ETH-USD"}, {"trade_id": 667678259, "side": "buy", "size": "0.10004684", "price": "3129.14000000", "time": "2025-07-16T00:10:05.898761Z", "fetched_at": "2025-07-16T00:10:50.805266+00:00", "symbol": "ETH-USD"}, {"trade_id": 667678258, "side": "buy", "size": "0.10000000", "price": "3129.15000000", "time": "2025-07-16T00:10:05.898761Z", "fetched_at": "2025-07-16T00:10:50.805266+00:00", "symbol": "ETH-USD"}, {"trade_id": 667678257, "side": "buy", "size": "0.68700000", "price": "3129.16000000", "time": "2025-07-16T00:10:05.898761Z", "fetched_at": "2025-07-16T00:10:50.805266+00:00", "symbol": "ETH-USD"}, {"trade_id": 667678256, "side": "buy", "size": "0.30909798", "price": "3129.28000000", "time": "2025-07-16T00:10:05.898643Z", "fetched_at": "2025-07-16T00:10:50.805266+00:00", "symbol": "ETH-USD"}, {"trade_id": 667678255, "side": "buy", "size": "0.61205218", "price": "3129.30000000", "time": "2025-07-16T00:10:05.898643Z", "fetched_at": "2025-07-16T00:10:50.805266+00:00", "symbol": "ETH-USD"}, {"trade_id": 667678254, "side": "buy", "size": "0.15977947", "price": "3129.31000000", "time": "2025-07-16T00:10:05.898461Z", "fetched_at": "2025-07-16T00:10:50.805266+00:00", "symbol": "ETH-USD"}, {"trade_id": 667678253, "side": "buy", "size": "0.55269010", "price": "3129.31000000", "time": "2025-07-16T00:10:05.898461Z", "fetched_at": "2025-07-16T00:10:50.805266+00:00", "symbol": "ETH-USD"}, {"trade_id": 667678252, "side": "buy", "size": "0.94500000", "price": "3129.50000000", "time": "2025-07-16T00:10:05.898461Z", "fetched_at": "2025-07-16T00:10:50.805266+00:00", "symbol": "ETH-USD"}, {"trade_id": 667678251, "side": "buy", "size": "0.56700000", "price": "3129.51000000", "time": "2025-07-16T00:10:05.898461Z", "fetched_at": "2025-07-16T00:10:50.805266+00:00", "symbol": "ETH-USD"}, {"trade_id": 667678250, "side": "buy", "size": "2.06549921", "price": "3129.60000000", "time": "2025-07-16T00:10:05.898284Z", "fetched_at": "2025-07-16T00:10:50.805266+00:00", "symbol": "ETH-USD"}, {"trade_id": 667678249, "side": "buy", "size": "0.14693079", "price": "3129.60000000", "time": "2025-07-16T00:10:05.705860Z", "fetched_at": "2025-07-16T00:10:50.805266+00:00", "symbol": "ETH-USD"}, {"trade_id": 667678248, "side": "buy", "size": "0.18364000", "price": "3129.60000000", "time": "2025-07-16T00:10:05.705860Z", "fetched_at": "2025-07-16T00:10:50.805266+00:00", "symbol": "ETH-USD"}, {"trade_id": 667678247, "side": "sell", "size": "0.00513967", "price": "3129.51000000", "time": "2025-07-16T00:10:05.655720Z", "fetched_at": "2025-07-16T00:10:50.805266+00:00", "symbol": "ETH-USD"}, {"trade_id": 667678246, "side": "sell", "size": "0.00006033", "price": "3129.38000000", "time": "2025-07-16T00:10:05.655720Z", "fetched_at": "2025-07-16T00:10:50.805266+00:00", "symbol": "ETH-USD"}, {"trade_id": 667678245, "side": "sell", "size": "0.00100000", "price": "3129.38000000", "time": "2025-07-16T00:10:05.655720Z", "fetched_at": "2025-07-16T00:10:50.805266+00:00", "symbol": "ETH-USD"}, {"trade_id": 667678244, "side": "sell", "size": "0.00010335", "price": "3129.15000000", "time": "2025-07-16T00:10:05.585185Z", "fetched_at": "2025-07-16T00:10:50.805266+00:00", "symbol": "ETH-USD"}, {"trade_id": 667678243, "side": "sell", "size": "0.00100000", "price": "3129.15000000", "time": "2025-07-16T00:10:05.585185Z", "fetched_at": "2025-07-16T00:10:50.805266+00:00", "symbol": "ETH-USD"}, {"trade_id": 667678242, "side": "sell", "size": "0.00002006", "price": "3128.99000000", "time": "2025-07-16T00:10:04.436090Z", "fetched_at": "2025-07-16T00:10:50.805266+00:00", "symbol": "ETH-USD"}, {"trade_id": 667678241, "side": "sell", "size": "0.00008626", "price": "3128.99000000", "time": "2025-07-16T00:10:04.436090Z", "fetched_at": "2025-07-16T00:10:50.805266+00:00", "symbol": "ETH-USD"}, {"trade_id": 667678240, "side": "sell", "size": "0.50332967", "price": "3128.99000000", "time": "2025-07-16T00:10:04.436090Z", "fetched_at": "2025-07-16T00:10:50.805266+00:00", "symbol": "ETH-USD"}, {"trade_id": 667678239, "side": "sell", "size": "0.00155205", "price": "3128.99000000", "time": "2025-07-16T00:10:04.236082Z", "fetched_at": "2025-07-16T00:10:50.805266+00:00", "symbol": "ETH-USD"}, {"trade_id": 667678238, "side": "sell", "size": "0.00481638", "price": "3128.99000000", "time": "2025-07-16T00:10:04.198364Z", "fetched_at": "2025-07-16T00:10:50.805266+00:00", "symbol": "ETH-USD"}, {"trade_id": 667678237, "side": "sell", "size": "0.00074951", "price": "3128.85000000", "time": "2025-07-16T00:10:04.198364Z", "fetched_at": "2025-07-16T00:10:50.805266+00:00", "symbol": "ETH-USD"}, {"trade_id": 667678236, "side": "sell", "size": "0.00046048", "price": "3128.85000000", "time": "2025-07-16T00:10:04.198364Z", "fetched_at": "2025-07-16T00:10:50.805266+00:00", "symbol": "ETH-USD"}, {"trade_id": 667678235, "side": "sell", "size": "0.00010716", "price": "3128.85000000", "time": "2025-07-16T00:10:04.198364Z", "fetched_at": "2025-07-16T00:10:50.805266+00:00", "symbol": "ETH-USD"}, {"trade_id": 667678234, "side": "sell", "size": "0.00008946", "price": "3128.85000000", "time": "2025-07-16T00:10:04.198364Z", "fetched_at": "2025-07-16T00:10:50.805266+00:00", "symbol": "ETH-USD"}, {"trade_id": 667678233, "side": "buy", "size": "0.43526792", "price": "3128.84000000", "time": "2025-07-16T00:10:03.154878Z", "fetched_at": "2025-07-16T00:10:50.805266+00:00", "symbol": "ETH-USD"}, {"trade_id": 667678232, "side": "buy", "size": "0.18364000", "price": "3128.84000000", "time": "2025-07-16T00:10:03.154878Z", "fetched_at": "2025-07-16T00:10:50.805266+00:00", "symbol": "ETH-USD"}, {"trade_id": 667678231, "side": "buy", "size": "0.00742302", "price": "3128.55000000", "time": "2025-07-16T00:10:02.453927Z", "fetched_at": "2025-07-16T00:10:50.805266+00:00", "symbol": "ETH-USD"}, {"trade_id": 667678230, "side": "buy", "size": "0.18364000", "price": "3128.85000000", "time": "2025-07-16T00:10:02.438053Z", "fetched_at": "2025-07-16T00:10:50.805266+00:00", "symbol": "ETH-USD"}, {"trade_id": 667678229, "side": "sell", "size": "1.28161929", "price": "3128.80000000", "time": "2025-07-16T00:10:02.311933Z", "fetched_at": "2025-07-16T00:10:50.805266+00:00", "symbol": "ETH-USD"}, {"trade_id": 667678228, "side": "sell", "size": "0.44463215", "price": "3128.80000000", "time": "2025-07-16T00:10:02.311933Z", "fetched_at": "2025-07-16T00:10:50.805266+00:00", "symbol": "ETH-USD"}, {"trade_id": 667678227, "side": "sell", "size": "0.16367900", "price": "3128.78000000", "time": "2025-07-16T00:10:02.311933Z", "fetched_at": "2025-07-16T00:10:50.805266+00:00", "symbol": "ETH-USD"}, {"trade_id": 667678226, "side": "sell", "size": "1.19376725", "price": "3128.66000000", "time": "2025-07-16T00:10:02.303833Z", "fetched_at": "2025-07-16T00:10:50.805266+00:00", "symbol": "ETH-USD"}, {"trade_id": 667678225, "side": "sell", "size": "0.33248041", "price": "3128.60000000", "time": "2025-07-16T00:10:02.303833Z", "fetched_at": "2025-07-16T00:10:50.805266+00:00", "symbol": "ETH-USD"}, {"trade_id": 667678224, "side": "sell", "size": "0.30000000", "price": "3128.50000000", "time": "2025-07-16T00:10:02.303833Z", "fetched_at": "2025-07-16T00:10:50.805266+00:00", "symbol": "ETH-USD"}, {"trade_id": 667678223, "side": "sell", "size": "0.37948825", "price": "3128.49000000", "time": "2025-07-16T00:10:02.303833Z", "fetched_at": "2025-07-16T00:10:50.805266+00:00", "symbol": "ETH-USD"}, {"trade_id": 667678222, "side": "sell", "size": "0.59122141", "price": "3128.45000000", "time": "2025-07-16T00:10:02.303833Z", "fetched_at": "2025-07-16T00:10:50.805266+00:00", "symbol": "ETH-USD"}, {"trade_id": 667678221, "side": "sell", "size": "0.20877859", "price": "3128.45000000", "time": "2025-07-16T00:10:02.302687Z", "fetched_at": "2025-07-16T00:10:50.805266+00:00", "symbol": "ETH-USD"}, {"trade_id": 667678220, "side": "sell", "size": "0.09122141", "price": "3128.45000000", "time": "2025-07-16T00:10:02.302687Z", "fetched_at": "2025-07-16T00:10:50.805266+00:00", "symbol": "ETH-USD"}, {"trade_id": 667678219, "side": "sell", "size": "0.70789878", "price": "3128.45000000", "time": "2025-07-16T00:10:02.302571Z", "fetched_at": "2025-07-16T00:10:50.805266+00:00", "symbol": "ETH-USD"}, {"trade_id": 667678218, "side": "sell", "size": "0.30000000", "price": "3128.40000000", "time": "2025-07-16T00:10:02.302571Z", "fetched_at": "2025-07-16T00:10:50.805266+00:00", "symbol": "ETH-USD"}, {"trade_id": 667678217, "side": "sell", "size": "0.15982831", "price": "3128.36000000", "time": "2025-07-16T00:10:02.302571Z", "fetched_at": "2025-07-16T00:10:50.805266+00:00", "symbol": "ETH-USD"}, {"trade_id": 667678216, "side": "sell", "size": "0.00022062", "price": "3128.35000000", "time": "2025-07-16T00:10:02.302571Z", "fetched_at": "2025-07-16T00:10:50.805266+00:00", "symbol": "ETH-USD"}, {"trade_id": 667678215, "side": "sell", "size": "0.00049964", "price": "3128.35000000", "time": "2025-07-16T00:10:02.302571Z", "fetched_at": "2025-07-16T00:10:50.805266+00:00", "symbol": "ETH-USD"}, {"trade_id": 667678214, "side": "sell", "size": "0.00011640", "price": "3128.35000000", "time": "2025-07-16T00:10:02.302571Z", "fetched_at": "2025-07-16T00:10:50.805266+00:00", "symbol": "ETH-USD"}, {"trade_id": 667678213, "side": "sell", "size": "0.79915609", "price": "3128.30000000", "time": "2025-07-16T00:10:02.302571Z", "fetched_at": "2025-07-16T00:10:50.805266+00:00", "symbol": "ETH-USD"}, {"trade_id": 667678212, "side": "sell", "size": "0.25728466", "price": "3128.29000000", "time": "2025-07-16T00:10:02.302571Z", "fetched_at": "2025-07-16T00:10:50.805266+00:00", "symbol": "ETH-USD"}, {"trade_id": 667678211, "side": "sell", "size": "0.76381118", "price": "3128.29000000", "time": "2025-07-16T00:10:02.302550Z", "fetched_at": "2025-07-16T00:10:50.805266+00:00", "symbol": "ETH-USD"}, {"trade_id": 667678210, "side": "sell", "size": "0.21426891", "price": "3128.29000000", "time": "2025-07-16T00:10:02.302531Z", "fetched_at": "2025-07-16T00:10:50.805266+00:00", "symbol": "ETH-USD"}, {"trade_id": 667678209, "side": "buy", "size": "0.00100000", "price": "3128.23000000", "time": "2025-07-16T00:10:01.714223Z", "fetched_at": "2025-07-16T00:10:50.805266+00:00", "symbol": "ETH-USD"}, {"trade_id": 667678208, "side": "buy", "size": "1.00000000", "price": "3128.72000000", "time": "2025-07-16T00:10:01.345124Z", "fetched_at": "2025-07-16T00:10:50.805266+00:00", "symbol": "ETH-USD"}, {"trade_id": 667678207, "side": "sell", "size": "0.01152193", "price": "3128.80000000", "time": "2025-07-16T00:10:01.238908Z", "fetched_at": "2025-07-16T00:10:50.805266+00:00", "symbol": "ETH-USD"}, {"trade_id": 667678206, "side": "buy", "size": "0.09683481", "price": "3128.79000000", "time": "2025-07-16T00:10:01.042293Z", "fetched_at": "2025-07-16T00:10:50.805266+00:00", "symbol": "ETH-USD"}, {"trade_id": 667678205, "side": "sell", "size": "0.10000000", "price": "3129.07000000", "time": "2025-07-16T00:09:59.399934Z", "fetched_at": "2025-07-16T00:10:50.805266+00:00", "symbol": "ETH-USD"}, {"trade_id": 667678204, "side": "buy", "size": "0.15978984", "price": "3128.82000000", "time": "2025-07-16T00:09:58.292833Z", "fetched_at": "2025-07-16T00:10:50.805266+00:00", "symbol": "ETH-USD"}, {"trade_id": 667678203, "side": "buy", "size": "0.24053914", "price": "3128.44000000", "time": "2025-07-16T00:09:58.112612Z", "fetched_at": "2025-07-16T00:10:50.805266+00:00", "symbol": "ETH-USD"}, {"trade_id": 667678202, "side": "buy", "size": "0.45986220", "price": "3128.45000000", "time": "2025-07-16T00:09:58.112612Z", "fetched_at": "2025-07-16T00:10:50.805266+00:00", "symbol": "ETH-USD"}, {"trade_id": 667678201, "side": "buy", "size": "0.00100000", "price": "3128.46000000", "time": "2025-07-16T00:09:58.112612Z", "fetched_at": "2025-07-16T00:10:50.805266+00:00", "symbol": "ETH-USD"}, {"trade_id": 667678200, "side": "buy", "size": "0.30909798", "price": "3128.50000000", "time": "2025-07-16T00:09:58.112612Z", "fetched_at": "2025-07-16T00:10:50.805266+00:00", "symbol": "ETH-USD"}, {"trade_id": 667678199, "side": "buy", "size": "0.31345655", "price": "3128.55000000", "time": "2025-07-16T00:09:58.112612Z", "fetched_at": "2025-07-16T00:10:50.805266+00:00", "symbol": "ETH-USD"}, {"trade_id": 667678198, "side": "buy", "size": "0.79909215", "price": "3128.55000000", "time": "2025-07-16T00:09:58.112612Z", "fetched_at": "2025-07-16T00:10:50.805266+00:00", "symbol": "ETH-USD"}, {"trade_id": 667678197, "side": "buy", "size": "0.12781480", "price": "3128.57000000", "time": "2025-07-16T00:09:58.112612Z", "fetched_at": "2025-07-16T00:10:50.805266+00:00", "symbol": "ETH-USD"}, {"trade_id": 667678196, "side": "buy", "size": "0.66752922", "price": "3128.59000000", "time": "2025-07-16T00:09:58.112612Z", "fetched_at": "2025-07-16T00:10:50.805266+00:00", "symbol": "ETH-USD"}, {"trade_id": 667678195, "side": "buy", "size": "0.15981603", "price": "3128.59000000", "time": "2025-07-16T00:09:58.112612Z", "fetched_at": "2025-07-16T00:10:50.805266+00:00", "symbol": "ETH-USD"}, {"trade_id": 667678194, "side": "buy", "size": "0.08562197", "price": "3128.60000000", "time": "2025-07-16T00:09:58.112612Z", "fetched_at": "2025-07-16T00:10:50.805266+00:00", "symbol": "ETH-USD"}, {"trade_id": 667678193, "side": "buy", "size": "0.61659435", "price": "3128.68000000", "time": "2025-07-16T00:09:58.112612Z", "fetched_at": "2025-07-16T00:10:50.805266+00:00", "symbol": "ETH-USD"}, {"trade_id": 667678192, "side": "buy", "size": "0.00100000", "price": "3128.69000000", "time": "2025-07-16T00:09:58.112612Z", "fetched_at": "2025-07-16T00:10:50.805266+00:00", "symbol": "ETH-USD"}, {"trade_id": 667678191, "side": "buy", "size": "0.05135699", "price": "3128.77000000", "time": "2025-07-16T00:09:58.112612Z", "fetched_at": "2025-07-16T00:10:50.805266+00:00", "symbol": "ETH-USD"}, {"trade_id": 667678190, "side": "buy", "size": "0.40137080", "price": "3128.79000000", "time": "2025-07-16T00:09:58.112612Z", "fetched_at": "2025-07-16T00:10:50.805266+00:00", "symbol": "ETH-USD"}, {"trade_id": 667678189, "side": "buy", "size": "0.94500000", "price": "3129.02000000", "time": "2025-07-16T00:09:58.112612Z", "fetched_at": "2025-07-16T00:10:50.805266+00:00", "symbol": "ETH-USD"}, {"trade_id": 667678188, "side": "buy", "size": "0.10000000", "price": "3129.03000000", "time": "2025-07-16T00:09:58.112612Z", "fetched_at": "2025-07-16T00:10:50.805266+00:00", "symbol": "ETH-USD"}, {"trade_id": 667678187, "side": "buy", "size": "0.62700000", "price": "3129.03000000", "time": "2025-07-16T00:09:58.112612Z", "fetched_at": "2025-07-16T00:10:50.805266+00:00", "symbol": "ETH-USD"}, {"trade_id": 667678186, "side": "sell", "size": "0.03105535", "price": "3129.24000000", "time": "2025-07-16T00:09:57.861070Z", "fetched_at": "2025-07-16T00:10:50.805266+00:00", "symbol": "ETH-USD"}