[{"trade_id": 667709389, "side": "sell", "size": "0.03336915", "price": "3145.83000000", "time": "2025-07-16T01:23:10.279826Z", "fetched_at": "2025-07-16T01:23:25.282557+00:00", "symbol": "ETH-USD"}, {"trade_id": 667709388, "side": "sell", "size": "0.00013926", "price": "3145.70000000", "time": "2025-07-16T01:23:10.279826Z", "fetched_at": "2025-07-16T01:23:25.282557+00:00", "symbol": "ETH-USD"}, {"trade_id": 667709387, "side": "sell", "size": "0.00001604", "price": "3145.70000000", "time": "2025-07-16T01:23:10.279826Z", "fetched_at": "2025-07-16T01:23:25.282557+00:00", "symbol": "ETH-USD"}, {"trade_id": 667709386, "side": "sell", "size": "0.00006888", "price": "3145.70000000", "time": "2025-07-16T01:23:10.279826Z", "fetched_at": "2025-07-16T01:23:25.282557+00:00", "symbol": "ETH-USD"}, {"trade_id": 667709385, "side": "sell", "size": "0.15894874", "price": "3145.67000000", "time": "2025-07-16T01:23:10.279826Z", "fetched_at": "2025-07-16T01:23:25.282557+00:00", "symbol": "ETH-USD"}, {"trade_id": 667709384, "side": "sell", "size": "0.00317906", "price": "3145.60000000", "time": "2025-07-16T01:23:10.279826Z", "fetched_at": "2025-07-16T01:23:25.282557+00:00", "symbol": "ETH-USD"}, {"trade_id": 667709383, "side": "sell", "size": "0.45273111", "price": "3145.60000000", "time": "2025-07-16T01:23:10.279826Z", "fetched_at": "2025-07-16T01:23:25.282557+00:00", "symbol": "ETH-USD"}, {"trade_id": 667709382, "side": "sell", "size": "0.03286441", "price": "3145.60000000", "time": "2025-07-16T01:23:10.266241Z", "fetched_at": "2025-07-16T01:23:25.282557+00:00", "symbol": "ETH-USD"}, {"trade_id": 667709381, "side": "sell", "size": "0.00693358", "price": "3145.60000000", "time": "2025-07-16T01:23:10.055769Z", "fetched_at": "2025-07-16T01:23:25.282557+00:00", "symbol": "ETH-USD"}, {"trade_id": 667709380, "side": "buy", "size": "0.02598368", "price": "3145.59000000", "time": "2025-07-16T01:23:09.990039Z", "fetched_at": "2025-07-16T01:23:25.282557+00:00", "symbol": "ETH-USD"}, {"trade_id": 667709379, "side": "sell", "size": "0.00010000", "price": "3145.58000000", "time": "2025-07-16T01:23:08.241970Z", "fetched_at": "2025-07-16T01:23:25.282557+00:00", "symbol": "ETH-USD"}, {"trade_id": 667709378, "side": "buy", "size": "0.00820549", "price": "3145.22000000", "time": "2025-07-16T01:23:07.727141Z", "fetched_at": "2025-07-16T01:23:25.282557+00:00", "symbol": "ETH-USD"}, {"trade_id": 667709377, "side": "buy", "size": "0.00055613", "price": "3145.23000000", "time": "2025-07-16T01:23:07.727141Z", "fetched_at": "2025-07-16T01:23:25.282557+00:00", "symbol": "ETH-USD"}, {"trade_id": 667709376, "side": "buy", "size": "0.00035289", "price": "3145.39000000", "time": "2025-07-16T01:23:07.727141Z", "fetched_at": "2025-07-16T01:23:25.282557+00:00", "symbol": "ETH-USD"}, {"trade_id": 667709375, "side": "buy", "size": "0.00070579", "price": "3145.39000000", "time": "2025-07-16T01:23:07.727141Z", "fetched_at": "2025-07-16T01:23:25.282557+00:00", "symbol": "ETH-USD"}, {"trade_id": 667709374, "side": "buy", "size": "0.00141476", "price": "3145.39000000", "time": "2025-07-16T01:23:07.727141Z", "fetched_at": "2025-07-16T01:23:25.282557+00:00", "symbol": "ETH-USD"}, {"trade_id": 667709373, "side": "sell", "size": "0.00010000", "price": "3145.52000000", "time": "2025-07-16T01:23:07.093550Z", "fetched_at": "2025-07-16T01:23:25.282557+00:00", "symbol": "ETH-USD"}, {"trade_id": 667709372, "side": "sell", "size": "0.00306727", "price": "3145.52000000", "time": "2025-07-16T01:23:06.804106Z", "fetched_at": "2025-07-16T01:23:25.282557+00:00", "symbol": "ETH-USD"}, {"trade_id": 667709371, "side": "sell", "size": "0.15442595", "price": "3145.40000000", "time": "2025-07-16T01:23:06.341139Z", "fetched_at": "2025-07-16T01:23:25.282557+00:00", "symbol": "ETH-USD"}, {"trade_id": 667709370, "side": "sell", "size": "0.03932217", "price": "3145.40000000", "time": "2025-07-16T01:23:06.176394Z", "fetched_at": "2025-07-16T01:23:25.282557+00:00", "symbol": "ETH-USD"}, {"trade_id": 667709369, "side": "sell", "size": "0.00926492", "price": "3145.40000000", "time": "2025-07-16T01:23:05.506573Z", "fetched_at": "2025-07-16T01:23:25.282557+00:00", "symbol": "ETH-USD"}, {"trade_id": 667709368, "side": "sell", "size": "0.00299661", "price": "3145.40000000", "time": "2025-07-16T01:23:05.503262Z", "fetched_at": "2025-07-16T01:23:25.282557+00:00", "symbol": "ETH-USD"}, {"trade_id": 667709367, "side": "sell", "size": "0.00317895", "price": "3145.39000000", "time": "2025-07-16T01:23:05.503262Z", "fetched_at": "2025-07-16T01:23:25.282557+00:00", "symbol": "ETH-USD"}, {"trade_id": 667709366, "side": "sell", "size": "0.00010000", "price": "3145.37000000", "time": "2025-07-16T01:23:05.258720Z", "fetched_at": "2025-07-16T01:23:25.282557+00:00", "symbol": "ETH-USD"}, {"trade_id": 667709365, "side": "buy", "size": "0.03251528", "price": "3145.24000000", "time": "2025-07-16T01:23:04.896008Z", "fetched_at": "2025-07-16T01:23:25.282557+00:00", "symbol": "ETH-USD"}, {"trade_id": 667709364, "side": "sell", "size": "0.00150752", "price": "3145.50000000", "time": "2025-07-16T01:23:04.872610Z", "fetched_at": "2025-07-16T01:23:25.282557+00:00", "symbol": "ETH-USD"}, {"trade_id": 667709363, "side": "sell", "size": "0.10000000", "price": "3145.49000000", "time": "2025-07-16T01:23:04.872610Z", "fetched_at": "2025-07-16T01:23:25.282557+00:00", "symbol": "ETH-USD"}, {"trade_id": 667709362, "side": "sell", "size": "0.00317853", "price": "3145.34000000", "time": "2025-07-16T01:23:04.872610Z", "fetched_at": "2025-07-16T01:23:25.282557+00:00", "symbol": "ETH-USD"}, {"trade_id": 667709361, "side": "buy", "size": "0.19079768", "price": "3145.42000000", "time": "2025-07-16T01:23:04.682631Z", "fetched_at": "2025-07-16T01:23:25.282557+00:00", "symbol": "ETH-USD"}, {"trade_id": 667709360, "side": "buy", "size": "0.01523000", "price": "3145.44000000", "time": "2025-07-16T01:23:04.680843Z", "fetched_at": "2025-07-16T01:23:25.282557+00:00", "symbol": "ETH-USD"}, {"trade_id": 667709359, "side": "buy", "size": "0.00100000", "price": "3145.44000000", "time": "2025-07-16T01:23:04.680843Z", "fetched_at": "2025-07-16T01:23:25.282557+00:00", "symbol": "ETH-USD"}, {"trade_id": 667709358, "side": "buy", "size": "0.19987631", "price": "3145.61000000", "time": "2025-07-16T01:23:04.673315Z", "fetched_at": "2025-07-16T01:23:25.282557+00:00", "symbol": "ETH-USD"}, {"trade_id": 667709357, "side": "buy", "size": "0.00048900", "price": "3145.68000000", "time": "2025-07-16T01:23:04.672541Z", "fetched_at": "2025-07-16T01:23:25.282557+00:00", "symbol": "ETH-USD"}, {"trade_id": 667709356, "side": "buy", "size": "0.12284427", "price": "3145.69000000", "time": "2025-07-16T01:23:04.672541Z", "fetched_at": "2025-07-16T01:23:25.282557+00:00", "symbol": "ETH-USD"}, {"trade_id": 667709355, "side": "buy", "size": "0.00067658", "price": "3145.69000000", "time": "2025-07-16T01:23:04.672541Z", "fetched_at": "2025-07-16T01:23:25.282557+00:00", "symbol": "ETH-USD"}, {"trade_id": 667709354, "side": "buy", "size": "0.94500000", "price": "3145.69000000", "time": "2025-07-16T01:23:04.672541Z", "fetched_at": "2025-07-16T01:23:25.282557+00:00", "symbol": "ETH-USD"}, {"trade_id": 667709353, "side": "sell", "size": "0.01421478", "price": "3145.70000000", "time": "2025-07-16T01:23:04.141508Z", "fetched_at": "2025-07-16T01:23:25.282557+00:00", "symbol": "ETH-USD"}, {"trade_id": 667709352, "side": "sell", "size": "0.00013620", "price": "3145.69000000", "time": "2025-07-16T01:23:04.141508Z", "fetched_at": "2025-07-16T01:23:25.282557+00:00", "symbol": "ETH-USD"}, {"trade_id": 667709351, "side": "sell", "size": "0.00058492", "price": "3145.69000000", "time": "2025-07-16T01:23:04.141508Z", "fetched_at": "2025-07-16T01:23:25.282557+00:00", "symbol": "ETH-USD"}, {"trade_id": 667709350, "side": "sell", "size": "0.00013235", "price": "3145.69000000", "time": "2025-07-16T01:23:04.141508Z", "fetched_at": "2025-07-16T01:23:25.282557+00:00", "symbol": "ETH-USD"}, {"trade_id": 667709349, "side": "sell", "size": "0.01572992", "price": "3145.69000000", "time": "2025-07-16T01:23:03.990729Z", "fetched_at": "2025-07-16T01:23:25.282557+00:00", "symbol": "ETH-USD"}, {"trade_id": 667709348, "side": "sell", "size": "0.00463089", "price": "3145.69000000", "time": "2025-07-16T01:23:03.787104Z", "fetched_at": "2025-07-16T01:23:25.282557+00:00", "symbol": "ETH-USD"}, {"trade_id": 667709347, "side": "buy", "size": "0.00051100", "price": "3145.68000000", "time": "2025-07-16T01:23:03.360434Z", "fetched_at": "2025-07-16T01:23:25.282557+00:00", "symbol": "ETH-USD"}, {"trade_id": 667709346, "side": "sell", "size": "0.03088097", "price": "3145.69000000", "time": "2025-07-16T01:23:02.917405Z", "fetched_at": "2025-07-16T01:23:25.282557+00:00", "symbol": "ETH-USD"}, {"trade_id": 667709345, "side": "buy", "size": "0.00100000", "price": "3145.92000000", "time": "2025-07-16T01:23:02.765734Z", "fetched_at": "2025-07-16T01:23:25.282557+00:00", "symbol": "ETH-USD"}, {"trade_id": 667709344, "side": "buy", "size": "0.12367307", "price": "3145.92000000", "time": "2025-07-16T01:23:02.765734Z", "fetched_at": "2025-07-16T01:23:25.282557+00:00", "symbol": "ETH-USD"}, {"trade_id": 667709343, "side": "buy", "size": "0.00068461", "price": "3145.93000000", "time": "2025-07-16T01:23:02.765734Z", "fetched_at": "2025-07-16T01:23:25.282557+00:00", "symbol": "ETH-USD"}, {"trade_id": 667709342, "side": "buy", "size": "0.00068457", "price": "3146.12000000", "time": "2025-07-16T01:23:02.751630Z", "fetched_at": "2025-07-16T01:23:25.282557+00:00", "symbol": "ETH-USD"}, {"trade_id": 667709341, "side": "buy", "size": "0.05607159", "price": "3146.12000000", "time": "2025-07-16T01:23:02.738804Z", "fetched_at": "2025-07-16T01:23:25.282557+00:00", "symbol": "ETH-USD"}, {"trade_id": 667709340, "side": "buy", "size": "0.02064568", "price": "3146.12000000", "time": "2025-07-16T01:23:02.738804Z", "fetched_at": "2025-07-16T01:23:25.282557+00:00", "symbol": "ETH-USD"}, {"trade_id": 667709339, "side": "buy", "size": "0.05521836", "price": "3146.12000000", "time": "2025-07-16T01:23:02.738804Z", "fetched_at": "2025-07-16T01:23:25.282557+00:00", "symbol": "ETH-USD"}, {"trade_id": 667709338, "side": "buy", "size": "0.05397866", "price": "3146.12000000", "time": "2025-07-16T01:23:02.738804Z", "fetched_at": "2025-07-16T01:23:25.282557+00:00", "symbol": "ETH-USD"}, {"trade_id": 667709337, "side": "buy", "size": "0.00100000", "price": "3146.16000000", "time": "2025-07-16T01:23:02.626922Z", "fetched_at": "2025-07-16T01:23:25.282557+00:00", "symbol": "ETH-USD"}, {"trade_id": 667709336, "side": "buy", "size": "0.81099858", "price": "3146.37000000", "time": "2025-07-16T01:23:02.612638Z", "fetched_at": "2025-07-16T01:23:25.282557+00:00", "symbol": "ETH-USD"}, {"trade_id": 667709335, "side": "buy", "size": "2.36249976", "price": "3146.37000000", "time": "2025-07-16T01:23:02.611986Z", "fetched_at": "2025-07-16T01:23:25.282557+00:00", "symbol": "ETH-USD"}, {"trade_id": 667709334, "side": "buy", "size": "0.12249989", "price": "3146.37000000", "time": "2025-07-16T01:23:02.611986Z", "fetched_at": "2025-07-16T01:23:25.282557+00:00", "symbol": "ETH-USD"}, {"trade_id": 667709333, "side": "buy", "size": "0.00068387", "price": "3146.38000000", "time": "2025-07-16T01:23:02.611986Z", "fetched_at": "2025-07-16T01:23:25.282557+00:00", "symbol": "ETH-USD"}, {"trade_id": 667709332, "side": "buy", "size": "0.00092486", "price": "3146.40000000", "time": "2025-07-16T01:23:02.611986Z", "fetched_at": "2025-07-16T01:23:25.282557+00:00", "symbol": "ETH-USD"}, {"trade_id": 667709331, "side": "buy", "size": "0.06266732", "price": "3146.40000000", "time": "2025-07-16T01:23:02.611986Z", "fetched_at": "2025-07-16T01:23:25.282557+00:00", "symbol": "ETH-USD"}, {"trade_id": 667709330, "side": "buy", "size": "0.00184651", "price": "3146.47000000", "time": "2025-07-16T01:23:01.892917Z", "fetched_at": "2025-07-16T01:23:25.282557+00:00", "symbol": "ETH-USD"}, {"trade_id": 667709329, "side": "buy", "size": "0.33569260", "price": "3146.40000000", "time": "2025-07-16T01:23:01.011542Z", "fetched_at": "2025-07-16T01:23:25.282557+00:00", "symbol": "ETH-USD"}, {"trade_id": 667709328, "side": "buy", "size": "0.00090385", "price": "3146.47000000", "time": "2025-07-16T01:23:01.011542Z", "fetched_at": "2025-07-16T01:23:25.282557+00:00", "symbol": "ETH-USD"}, {"trade_id": 667709327, "side": "buy", "size": "0.01031030", "price": "3146.40000000", "time": "2025-07-16T01:23:00.884295Z", "fetched_at": "2025-07-16T01:23:25.282557+00:00", "symbol": "ETH-USD"}, {"trade_id": 667709326, "side": "buy", "size": "0.00100000", "price": "3146.40000000", "time": "2025-07-16T01:23:00.884295Z", "fetched_at": "2025-07-16T01:23:25.282557+00:00", "symbol": "ETH-USD"}, {"trade_id": 667709325, "side": "buy", "size": "0.00367085", "price": "3146.41000000", "time": "2025-07-16T01:23:00.884295Z", "fetched_at": "2025-07-16T01:23:25.282557+00:00", "symbol": "ETH-USD"}, {"trade_id": 667709324, "side": "buy", "size": "0.00090696", "price": "3146.43000000", "time": "2025-07-16T01:23:00.884295Z", "fetched_at": "2025-07-16T01:23:25.282557+00:00", "symbol": "ETH-USD"}, {"trade_id": 667709323, "side": "buy", "size": "0.00089195", "price": "3146.67000000", "time": "2025-07-16T01:22:59.550255Z", "fetched_at": "2025-07-16T01:23:25.282557+00:00", "symbol": "ETH-USD"}, {"trade_id": 667709322, "side": "buy", "size": "1.56422252", "price": "3147.07000000", "time": "2025-07-16T01:22:59.225542Z", "fetched_at": "2025-07-16T01:23:25.282557+00:00", "symbol": "ETH-USD"}, {"trade_id": 667709321, "side": "buy", "size": "1.53563983", "price": "3147.07000000", "time": "2025-07-16T01:22:59.210234Z", "fetched_at": "2025-07-16T01:23:25.282557+00:00", "symbol": "ETH-USD"}, {"trade_id": 667709320, "side": "buy", "size": "0.19318813", "price": "3147.07000000", "time": "2025-07-16T01:22:59.194401Z", "fetched_at": "2025-07-16T01:23:25.282557+00:00", "symbol": "ETH-USD"}, {"trade_id": 667709319, "side": "buy", "size": "0.51699752", "price": "3147.07000000", "time": "2025-07-16T01:22:59.182481Z", "fetched_at": "2025-07-16T01:23:25.282557+00:00", "symbol": "ETH-USD"}, {"trade_id": 667709318, "side": "buy", "size": "2.19241657", "price": "3147.07000000", "time": "2025-07-16T01:22:59.171522Z", "fetched_at": "2025-07-16T01:23:25.282557+00:00", "symbol": "ETH-USD"}, {"trade_id": 667709317, "side": "sell", "size": "0.02121141", "price": "3146.89000000", "time": "2025-07-16T01:22:58.138885Z", "fetched_at": "2025-07-16T01:23:25.282557+00:00", "symbol": "ETH-USD"}, {"trade_id": 667709316, "side": "sell", "size": "0.00498947", "price": "3146.89000000", "time": "2025-07-16T01:22:57.884756Z", "fetched_at": "2025-07-16T01:23:25.282557+00:00", "symbol": "ETH-USD"}, {"trade_id": 667709315, "side": "sell", "size": "0.00019701", "price": "3146.89000000", "time": "2025-07-16T01:22:57.199803Z", "fetched_at": "2025-07-16T01:23:25.282557+00:00", "symbol": "ETH-USD"}, {"trade_id": 667709314, "side": "sell", "size": "0.03087891", "price": "3147.27000000", "time": "2025-07-16T01:22:56.967846Z", "fetched_at": "2025-07-16T01:23:25.282557+00:00", "symbol": "ETH-USD"}, {"trade_id": 667709313, "side": "sell", "size": "0.94742974", "price": "3147.38000000", "time": "2025-07-16T01:22:56.923368Z", "fetched_at": "2025-07-16T01:23:25.282557+00:00", "symbol": "ETH-USD"}, {"trade_id": 667709312, "side": "sell", "size": "0.15888945", "price": "3147.36000000", "time": "2025-07-16T01:22:56.923368Z", "fetched_at": "2025-07-16T01:23:25.282557+00:00", "symbol": "ETH-USD"}, {"trade_id": 667709311, "side": "sell", "size": "0.00100000", "price": "3147.36000000", "time": "2025-07-16T01:22:56.923368Z", "fetched_at": "2025-07-16T01:23:25.282557+00:00", "symbol": "ETH-USD"}, {"trade_id": 667709310, "side": "sell", "size": "0.94500000", "price": "3147.33000000", "time": "2025-07-16T01:22:56.923368Z", "fetched_at": "2025-07-16T01:23:25.282557+00:00", "symbol": "ETH-USD"}, {"trade_id": 667709309, "side": "sell", "size": "0.00003847", "price": "3147.30000000", "time": "2025-07-16T01:22:56.923368Z", "fetched_at": "2025-07-16T01:23:25.282557+00:00", "symbol": "ETH-USD"}, {"trade_id": 667709308, "side": "sell", "size": "0.00003146", "price": "3147.30000000", "time": "2025-07-16T01:22:56.923368Z", "fetched_at": "2025-07-16T01:23:25.282557+00:00", "symbol": "ETH-USD"}, {"trade_id": 667709307, "side": "sell", "size": "0.00013514", "price": "3147.30000000", "time": "2025-07-16T01:22:56.923368Z", "fetched_at": "2025-07-16T01:23:25.282557+00:00", "symbol": "ETH-USD"}, {"trade_id": 667709306, "side": "sell", "size": "0.56887247", "price": "3147.30000000", "time": "2025-07-16T01:22:56.923368Z", "fetched_at": "2025-07-16T01:23:25.282557+00:00", "symbol": "ETH-USD"}, {"trade_id": 667709305, "side": "sell", "size": "0.13261064", "price": "3147.29000000", "time": "2025-07-16T01:22:56.923368Z", "fetched_at": "2025-07-16T01:23:25.282557+00:00", "symbol": "ETH-USD"}, {"trade_id": 667709304, "side": "sell", "size": "0.31026966", "price": "3147.28000000", "time": "2025-07-16T01:22:56.923368Z", "fetched_at": "2025-07-16T01:23:25.282557+00:00", "symbol": "ETH-USD"}, {"trade_id": 667709303, "side": "sell", "size": "1.25769077", "price": "3147.20000000", "time": "2025-07-16T01:22:56.923368Z", "fetched_at": "2025-07-16T01:23:25.282557+00:00", "symbol": "ETH-USD"}, {"trade_id": 667709302, "side": "sell", "size": "0.31468838", "price": "3147.11000000", "time": "2025-07-16T01:22:56.923368Z", "fetched_at": "2025-07-16T01:23:25.282557+00:00", "symbol": "ETH-USD"}, {"trade_id": 667709301, "side": "sell", "size": "0.79438465", "price": "3147.09000000", "time": "2025-07-16T01:22:56.923368Z", "fetched_at": "2025-07-16T01:23:25.282557+00:00", "symbol": "ETH-USD"}, {"trade_id": 667709300, "side": "sell", "size": "0.79442029", "price": "3146.95000000", "time": "2025-07-16T01:22:56.923368Z", "fetched_at": "2025-07-16T01:23:25.282557+00:00", "symbol": "ETH-USD"}, {"trade_id": 667709299, "side": "sell", "size": "0.00317782", "price": "3146.94000000", "time": "2025-07-16T01:22:56.923368Z", "fetched_at": "2025-07-16T01:23:25.282557+00:00", "symbol": "ETH-USD"}, {"trade_id": 667709298, "side": "sell", "size": "0.00301404", "price": "3147.11000000", "time": "2025-07-16T01:22:55.116312Z", "fetched_at": "2025-07-16T01:23:25.282557+00:00", "symbol": "ETH-USD"}, {"trade_id": 667709297, "side": "buy", "size": "0.00522320", "price": "3146.77000000", "time": "2025-07-16T01:22:52.848670Z", "fetched_at": "2025-07-16T01:23:25.282557+00:00", "symbol": "ETH-USD"}, {"trade_id": 667709296, "side": "buy", "size": "0.00144680", "price": "3147.07000000", "time": "2025-07-16T01:22:52.848670Z", "fetched_at": "2025-07-16T01:23:25.282557+00:00", "symbol": "ETH-USD"}, {"trade_id": 667709295, "side": "buy", "size": "0.00139838", "price": "3147.07000000", "time": "2025-07-16T01:22:52.648251Z", "fetched_at": "2025-07-16T01:23:25.282557+00:00", "symbol": "ETH-USD"}, {"trade_id": 667709294, "side": "buy", "size": "0.02408037", "price": "3146.70000000", "time": "2025-07-16T01:22:52.172222Z", "fetched_at": "2025-07-16T01:23:25.282557+00:00", "symbol": "ETH-USD"}, {"trade_id": 667709293, "side": "buy", "size": "0.08559153", "price": "3146.70000000", "time": "2025-07-16T01:22:52.172222Z", "fetched_at": "2025-07-16T01:23:25.282557+00:00", "symbol": "ETH-USD"}, {"trade_id": 667709292, "side": "buy", "size": "0.51918958", "price": "3146.70000000", "time": "2025-07-16T01:22:52.172222Z", "fetched_at": "2025-07-16T01:23:25.282557+00:00", "symbol": "ETH-USD"}, {"trade_id": 667709291, "side": "buy", "size": "0.06969603", "price": "3146.71000000", "time": "2025-07-16T01:22:52.172222Z", "fetched_at": "2025-07-16T01:23:25.282557+00:00", "symbol": "ETH-USD"}, {"trade_id": 667709290, "side": "buy", "size": "0.00144249", "price": "3147.09000000", "time": "2025-07-16T01:22:52.172222Z", "fetched_at": "2025-07-16T01:23:25.282557+00:00", "symbol": "ETH-USD"}, {"trade_id": 667709289, "side": "sell", "size": "0.00308673", "price": "3147.20000000", "time": "2025-07-16T01:22:51.479788Z", "fetched_at": "2025-07-16T01:23:25.282557+00:00", "symbol": "ETH-USD"}, {"trade_id": 667709288, "side": "buy", "size": "0.15909504", "price": "3146.95000000", "time": "2025-07-16T01:22:50.578566Z", "fetched_at": "2025-07-16T01:23:25.282557+00:00", "symbol": "ETH-USD"}, {"trade_id": 667709287, "side": "buy", "size": "0.00142728", "price": "3146.96000000", "time": "2025-07-16T01:22:50.578566Z", "fetched_at": "2025-07-16T01:23:25.282557+00:00", "symbol": "ETH-USD"}, {"trade_id": 667709286, "side": "sell", "size": "0.03645524", "price": "3147.30000000", "time": "2025-07-16T01:22:50.522804Z", "fetched_at": "2025-07-16T01:23:25.282557+00:00", "symbol": "ETH-USD"}, {"trade_id": 667709285, "side": "sell", "size": "0.62647108", "price": "3147.29000000", "time": "2025-07-16T01:22:50.522804Z", "fetched_at": "2025-07-16T01:23:25.282557+00:00", "symbol": "ETH-USD"}, {"trade_id": 667709284, "side": "sell", "size": "0.17463049", "price": "3147.28000000", "time": "2025-07-16T01:22:50.522804Z", "fetched_at": "2025-07-16T01:23:25.282557+00:00", "symbol": "ETH-USD"}, {"trade_id": 667709283, "side": "sell", "size": "0.00010336", "price": "3147.12000000", "time": "2025-07-16T01:22:50.522804Z", "fetched_at": "2025-07-16T01:23:25.282557+00:00", "symbol": "ETH-USD"}, {"trade_id": 667709282, "side": "sell", "size": "0.00024001", "price": "3147.12000000", "time": "2025-07-16T01:22:50.522804Z", "fetched_at": "2025-07-16T01:23:25.282557+00:00", "symbol": "ETH-USD"}, {"trade_id": 667709281, "side": "sell", "size": "0.00005589", "price": "3147.12000000", "time": "2025-07-16T01:22:50.522804Z", "fetched_at": "2025-07-16T01:23:25.282557+00:00", "symbol": "ETH-USD"}, {"trade_id": 667709280, "side": "sell", "size": "0.15887592", "price": "3147.11000000", "time": "2025-07-16T01:22:50.522804Z", "fetched_at": "2025-07-16T01:23:25.282557+00:00", "symbol": "ETH-USD"}, {"trade_id": 667709279, "side": "sell", "size": "0.00317774", "price": "3147.10000000", "time": "2025-07-16T01:22:50.522804Z", "fetched_at": "2025-07-16T01:23:25.282557+00:00", "symbol": "ETH-USD"}, {"trade_id": 667709278, "side": "sell", "size": "0.00616564", "price": "3147.27000000", "time": "2025-07-16T01:22:50.105924Z", "fetched_at": "2025-07-16T01:23:25.282557+00:00", "symbol": "ETH-USD"}, {"trade_id": 667709277, "side": "sell", "size": "0.00010000", "price": "3147.16000000", "time": "2025-07-16T01:22:50.105924Z", "fetched_at": "2025-07-16T01:23:25.282557+00:00", "symbol": "ETH-USD"}, {"trade_id": 667709276, "side": "sell", "size": "0.00038852", "price": "3147.12000000", "time": "2025-07-16T01:22:50.105924Z", "fetched_at": "2025-07-16T01:23:25.282557+00:00", "symbol": "ETH-USD"}, {"trade_id": 667709275, "side": "sell", "size": "0.00009046", "price": "3147.12000000", "time": "2025-07-16T01:22:50.105924Z", "fetched_at": "2025-07-16T01:23:25.282557+00:00", "symbol": "ETH-USD"}, {"trade_id": 667709274, "side": "sell", "size": "0.00020668", "price": "3147.12000000", "time": "2025-07-16T01:22:50.105924Z", "fetched_at": "2025-07-16T01:23:25.282557+00:00", "symbol": "ETH-USD"}, {"trade_id": 667709273, "side": "sell", "size": "0.00100000", "price": "3147.12000000", "time": "2025-07-16T01:22:50.105924Z", "fetched_at": "2025-07-16T01:23:25.282557+00:00", "symbol": "ETH-USD"}, {"trade_id": 667709272, "side": "sell", "size": "0.00100000", "price": "3147.12000000", "time": "2025-07-16T01:22:50.105924Z", "fetched_at": "2025-07-16T01:23:25.282557+00:00", "symbol": "ETH-USD"}, {"trade_id": 667709271, "side": "buy", "size": "0.08705703", "price": "3146.60000000", "time": "2025-07-16T01:22:49.154613Z", "fetched_at": "2025-07-16T01:23:25.282557+00:00", "symbol": "ETH-USD"}, {"trade_id": 667709270, "side": "buy", "size": "0.10000000", "price": "3146.61000000", "time": "2025-07-16T01:22:49.154613Z", "fetched_at": "2025-07-16T01:23:25.282557+00:00", "symbol": "ETH-USD"}, {"trade_id": 667709269, "side": "buy", "size": "0.11420826", "price": "3146.61000000", "time": "2025-07-16T01:22:49.154613Z", "fetched_at": "2025-07-16T01:23:25.282557+00:00", "symbol": "ETH-USD"}, {"trade_id": 667709268, "side": "buy", "size": "0.03373471", "price": "3146.90000000", "time": "2025-07-16T01:22:49.154613Z", "fetched_at": "2025-07-16T01:23:25.282557+00:00", "symbol": "ETH-USD"}, {"trade_id": 667709267, "side": "buy", "size": "0.15500000", "price": "3147.11000000", "time": "2025-07-16T01:22:49.154613Z", "fetched_at": "2025-07-16T01:23:25.282557+00:00", "symbol": "ETH-USD"}, {"trade_id": 667709266, "side": "sell", "size": "0.07536432", "price": "3146.91000000", "time": "2025-07-16T01:22:49.007535Z", "fetched_at": "2025-07-16T01:23:25.282557+00:00", "symbol": "ETH-USD"}, {"trade_id": 667709265, "side": "buy", "size": "0.00724847", "price": "3146.90000000", "time": "2025-07-16T01:22:47.452556Z", "fetched_at": "2025-07-16T01:23:25.282557+00:00", "symbol": "ETH-USD"}, {"trade_id": 667709264, "side": "sell", "size": "0.01541264", "price": "3146.91000000", "time": "2025-07-16T01:22:46.818348Z", "fetched_at": "2025-07-16T01:23:25.282557+00:00", "symbol": "ETH-USD"}, {"trade_id": 667709263, "side": "sell", "size": "0.00003128", "price": "3146.91000000", "time": "2025-07-16T01:22:46.818348Z", "fetched_at": "2025-07-16T01:23:25.282557+00:00", "symbol": "ETH-USD"}, {"trade_id": 667709262, "side": "buy", "size": "0.03209958", "price": "3146.90000000", "time": "2025-07-16T01:22:46.796978Z", "fetched_at": "2025-07-16T01:23:25.282557+00:00", "symbol": "ETH-USD"}, {"trade_id": 667709261, "side": "sell", "size": "0.00314647", "price": "3146.91000000", "time": "2025-07-16T01:22:46.745239Z", "fetched_at": "2025-07-16T01:23:25.282557+00:00", "symbol": "ETH-USD"}, {"trade_id": 667709260, "side": "buy", "size": "0.10000000", "price": "3146.59000000", "time": "2025-07-16T01:22:46.107068Z", "fetched_at": "2025-07-16T01:23:25.282557+00:00", "symbol": "ETH-USD"}, {"trade_id": 667709259, "side": "sell", "size": "0.05711372", "price": "3146.91000000", "time": "2025-07-16T01:22:46.096430Z", "fetched_at": "2025-07-16T01:23:25.282557+00:00", "symbol": "ETH-USD"}, {"trade_id": 667709258, "side": "sell", "size": "0.00317785", "price": "3146.90000000", "time": "2025-07-16T01:22:46.096430Z", "fetched_at": "2025-07-16T01:23:25.282557+00:00", "symbol": "ETH-USD"}, {"trade_id": 667709257, "side": "sell", "size": "0.79439675", "price": "3147.05000000", "time": "2025-07-16T01:22:44.104575Z", "fetched_at": "2025-07-16T01:23:25.282557+00:00", "symbol": "ETH-USD"}, {"trade_id": 667709256, "side": "sell", "size": "0.21247899", "price": "3147.00000000", "time": "2025-07-16T01:22:44.104575Z", "fetched_at": "2025-07-16T01:23:25.282557+00:00", "symbol": "ETH-USD"}, {"trade_id": 667709255, "side": "sell", "size": "0.79442232", "price": "3146.95000000", "time": "2025-07-16T01:22:44.104575Z", "fetched_at": "2025-07-16T01:23:25.282557+00:00", "symbol": "ETH-USD"}, {"trade_id": 667709254, "side": "sell", "size": "0.10000000", "price": "3146.94000000", "time": "2025-07-16T01:22:44.104575Z", "fetched_at": "2025-07-16T01:23:25.282557+00:00", "symbol": "ETH-USD"}, {"trade_id": 667709253, "side": "sell", "size": "0.00317826", "price": "3146.93000000", "time": "2025-07-16T01:22:44.104575Z", "fetched_at": "2025-07-16T01:23:25.282557+00:00", "symbol": "ETH-USD"}, {"trade_id": 667709252, "side": "sell", "size": "0.15889258", "price": "3146.78000000", "time": "2025-07-16T01:22:44.104575Z", "fetched_at": "2025-07-16T01:23:25.282557+00:00", "symbol": "ETH-USD"}, {"trade_id": 667709251, "side": "buy", "size": "0.07048051", "price": "3146.62000000", "time": "2025-07-16T01:22:43.449887Z", "fetched_at": "2025-07-16T01:23:25.282557+00:00", "symbol": "ETH-USD"}, {"trade_id": 667709250, "side": "buy", "size": "0.56700000", "price": "3146.63000000", "time": "2025-07-16T01:22:43.449887Z", "fetched_at": "2025-07-16T01:23:25.282557+00:00", "symbol": "ETH-USD"}, {"trade_id": 667709249, "side": "buy", "size": "0.10000000", "price": "3146.63000000", "time": "2025-07-16T01:22:43.449887Z", "fetched_at": "2025-07-16T01:23:25.282557+00:00", "symbol": "ETH-USD"}, {"trade_id": 667709248, "side": "buy", "size": "0.00092079", "price": "3146.64000000", "time": "2025-07-16T01:22:43.449887Z", "fetched_at": "2025-07-16T01:23:25.282557+00:00", "symbol": "ETH-USD"}, {"trade_id": 667709247, "side": "sell", "size": "0.04717826", "price": "3147.00000000", "time": "2025-07-16T01:22:43.309469Z", "fetched_at": "2025-07-16T01:23:25.282557+00:00", "symbol": "ETH-USD"}, {"trade_id": 667709246, "side": "sell", "size": "0.04138020", "price": "3147.00000000", "time": "2025-07-16T01:22:43.190689Z", "fetched_at": "2025-07-16T01:23:25.282557+00:00", "symbol": "ETH-USD"}, {"trade_id": 667709245, "side": "sell", "size": "0.00010000", "price": "3146.97000000", "time": "2025-07-16T01:22:43.190689Z", "fetched_at": "2025-07-16T01:23:25.282557+00:00", "symbol": "ETH-USD"}, {"trade_id": 667709244, "side": "sell", "size": "0.00100000", "price": "3146.88000000", "time": "2025-07-16T01:22:43.190689Z", "fetched_at": "2025-07-16T01:23:25.282557+00:00", "symbol": "ETH-USD"}, {"trade_id": 667709243, "side": "sell", "size": "0.00317827", "price": "3146.78000000", "time": "2025-07-16T01:22:43.190689Z", "fetched_at": "2025-07-16T01:23:25.282557+00:00", "symbol": "ETH-USD"}, {"trade_id": 667709242, "side": "sell", "size": "0.13251622", "price": "3146.83000000", "time": "2025-07-16T01:22:43.155701Z", "fetched_at": "2025-07-16T01:23:25.282557+00:00", "symbol": "ETH-USD"}, {"trade_id": 667709241, "side": "sell", "size": "0.15889220", "price": "3146.79000000", "time": "2025-07-16T01:22:43.155701Z", "fetched_at": "2025-07-16T01:23:25.282557+00:00", "symbol": "ETH-USD"}, {"trade_id": 667709240, "side": "sell", "size": "0.00317827", "price": "3146.78000000", "time": "2025-07-16T01:22:43.155701Z", "fetched_at": "2025-07-16T01:23:25.282557+00:00", "symbol": "ETH-USD"}, {"trade_id": 667709239, "side": "sell", "size": "0.00010000", "price": "3146.78000000", "time": "2025-07-16T01:22:43.155701Z", "fetched_at": "2025-07-16T01:23:25.282557+00:00", "symbol": "ETH-USD"}, {"trade_id": 667709238, "side": "sell", "size": "0.00100000", "price": "3146.64000000", "time": "2025-07-16T01:22:43.155701Z", "fetched_at": "2025-07-16T01:23:25.282557+00:00", "symbol": "ETH-USD"}, {"trade_id": 667709237, "side": "sell", "size": "0.00006820", "price": "3146.38000000", "time": "2025-07-16T01:22:43.155701Z", "fetched_at": "2025-07-16T01:23:25.282557+00:00", "symbol": "ETH-USD"}, {"trade_id": 667709236, "side": "sell", "size": "0.00029288", "price": "3146.38000000", "time": "2025-07-16T01:22:43.155701Z", "fetched_at": "2025-07-16T01:23:25.282557+00:00", "symbol": "ETH-USD"}, {"trade_id": 667709235, "side": "sell", "size": "0.00010642", "price": "3146.38000000", "time": "2025-07-16T01:22:43.155701Z", "fetched_at": "2025-07-16T01:23:25.282557+00:00", "symbol": "ETH-USD"}, {"trade_id": 667709234, "side": "buy", "size": "0.00648523", "price": "3146.37000000", "time": "2025-07-16T01:22:43.098693Z", "fetched_at": "2025-07-16T01:23:25.282557+00:00", "symbol": "ETH-USD"}, {"trade_id": 667709233, "side": "buy", "size": "0.00057741", "price": "3146.37000000", "time": "2025-07-16T01:22:43.098693Z", "fetched_at": "2025-07-16T01:23:25.282557+00:00", "symbol": "ETH-USD"}, {"trade_id": 667709232, "side": "buy", "size": "0.03280123", "price": "3146.37000000", "time": "2025-07-16T01:22:42.846990Z", "fetched_at": "2025-07-16T01:23:25.282557+00:00", "symbol": "ETH-USD"}, {"trade_id": 667709231, "side": "buy", "size": "0.00885203", "price": "3146.37000000", "time": "2025-07-16T01:22:42.294023Z", "fetched_at": "2025-07-16T01:23:25.282557+00:00", "symbol": "ETH-USD"}, {"trade_id": 667709230, "side": "buy", "size": "0.08027240", "price": "3146.37000000", "time": "2025-07-16T01:22:42.291025Z", "fetched_at": "2025-07-16T01:23:25.282557+00:00", "symbol": "ETH-USD"}, {"trade_id": 667709229, "side": "buy", "size": "0.07460892", "price": "3146.37000000", "time": "2025-07-16T01:22:40.182862Z", "fetched_at": "2025-07-16T01:23:25.282557+00:00", "symbol": "ETH-USD"}, {"trade_id": 667709228, "side": "buy", "size": "0.00088351", "price": "3146.37000000", "time": "2025-07-16T01:22:40.182862Z", "fetched_at": "2025-07-16T01:23:25.282557+00:00", "symbol": "ETH-USD"}, {"trade_id": 667709227, "side": "buy", "size": "0.15500000", "price": "3146.37000000", "time": "2025-07-16T01:22:40.182862Z", "fetched_at": "2025-07-16T01:23:25.282557+00:00", "symbol": "ETH-USD"}, {"trade_id": 667709226, "side": "buy", "size": "0.00305167", "price": "3145.92000000", "time": "2025-07-16T01:22:39.088330Z", "fetched_at": "2025-07-16T01:23:25.282557+00:00", "symbol": "ETH-USD"}, {"trade_id": 667709225, "side": "buy", "size": "0.00085761", "price": "3145.97000000", "time": "2025-07-16T01:22:39.088330Z", "fetched_at": "2025-07-16T01:23:25.282557+00:00", "symbol": "ETH-USD"}, {"trade_id": 667709224, "side": "sell", "size": "0.01100000", "price": "3145.98000000", "time": "2025-07-16T01:22:38.905086Z", "fetched_at": "2025-07-16T01:23:25.282557+00:00", "symbol": "ETH-USD"}, {"trade_id": 667709223, "side": "buy", "size": "0.07337531", "price": "3145.92000000", "time": "2025-07-16T01:22:38.492642Z", "fetched_at": "2025-07-16T01:23:25.282557+00:00", "symbol": "ETH-USD"}, {"trade_id": 667709222, "side": "buy", "size": "0.07282096", "price": "3145.92000000", "time": "2025-07-16T01:22:38.492642Z", "fetched_at": "2025-07-16T01:23:25.282557+00:00", "symbol": "ETH-USD"}, {"trade_id": 667709221, "side": "buy", "size": "0.02587022", "price": "3145.92000000", "time": "2025-07-16T01:22:38.492642Z", "fetched_at": "2025-07-16T01:23:25.282557+00:00", "symbol": "ETH-USD"}, {"trade_id": 667709220, "side": "buy", "size": "0.06252750", "price": "3145.92000000", "time": "2025-07-16T01:22:38.492642Z", "fetched_at": "2025-07-16T01:23:25.282557+00:00", "symbol": "ETH-USD"}, {"trade_id": 667709219, "side": "buy", "size": "0.06344839", "price": "3145.92000000", "time": "2025-07-16T01:22:38.492642Z", "fetched_at": "2025-07-16T01:23:25.282557+00:00", "symbol": "ETH-USD"}, {"trade_id": 667709218, "side": "buy", "size": "0.00100000", "price": "3145.92000000", "time": "2025-07-16T01:22:38.492642Z", "fetched_at": "2025-07-16T01:23:25.282557+00:00", "symbol": "ETH-USD"}, {"trade_id": 667709217, "side": "buy", "size": "0.00085762", "price": "3145.93000000", "time": "2025-07-16T01:22:38.492642Z", "fetched_at": "2025-07-16T01:23:25.282557+00:00", "symbol": "ETH-USD"}, {"trade_id": 667709216, "side": "buy", "size": "0.00010000", "price": "3146.03000000", "time": "2025-07-16T01:22:38.492642Z", "fetched_at": "2025-07-16T01:23:25.282557+00:00", "symbol": "ETH-USD"}, {"trade_id": 667709215, "side": "buy", "size": "0.05661786", "price": "3146.07000000", "time": "2025-07-16T01:22:37.924020Z", "fetched_at": "2025-07-16T01:23:25.282557+00:00", "symbol": "ETH-USD"}, {"trade_id": 667709214, "side": "buy", "size": "0.04746465", "price": "3146.12000000", "time": "2025-07-16T01:22:37.924020Z", "fetched_at": "2025-07-16T01:23:25.282557+00:00", "symbol": "ETH-USD"}, {"trade_id": 667709213, "side": "buy", "size": "0.06867441", "price": "3146.12000000", "time": "2025-07-16T01:22:37.924020Z", "fetched_at": "2025-07-16T01:23:25.282557+00:00", "symbol": "ETH-USD"}, {"trade_id": 667709212, "side": "buy", "size": "0.07059929", "price": "3146.12000000", "time": "2025-07-16T01:22:37.924020Z", "fetched_at": "2025-07-16T01:23:25.282557+00:00", "symbol": "ETH-USD"}, {"trade_id": 667709211, "side": "buy", "size": "0.00031920", "price": "3146.15000000", "time": "2025-07-16T01:22:37.924020Z", "fetched_at": "2025-07-16T01:23:25.282557+00:00", "symbol": "ETH-USD"}, {"trade_id": 667709210, "side": "buy", "size": "0.00000635", "price": "3146.16000000", "time": "2025-07-16T01:22:37.924020Z", "fetched_at": "2025-07-16T01:23:25.282557+00:00", "symbol": "ETH-USD"}, {"trade_id": 667709209, "side": "buy", "size": "0.00001271", "price": "3146.16000000", "time": "2025-07-16T01:22:37.924020Z", "fetched_at": "2025-07-16T01:23:25.282557+00:00", "symbol": "ETH-USD"}, {"trade_id": 667709208, "side": "buy", "size": "0.00100000", "price": "3146.16000000", "time": "2025-07-16T01:22:37.924020Z", "fetched_at": "2025-07-16T01:23:25.282557+00:00", "symbol": "ETH-USD"}, {"trade_id": 667709207, "side": "sell", "size": "0.01207506", "price": "3146.17000000", "time": "2025-07-16T01:22:37.409004Z", "fetched_at": "2025-07-16T01:23:25.282557+00:00", "symbol": "ETH-USD"}, {"trade_id": 667709206, "side": "sell", "size": "0.01572883", "price": "3146.17000000", "time": "2025-07-16T01:22:36.899389Z", "fetched_at": "2025-07-16T01:23:25.282557+00:00", "symbol": "ETH-USD"}, {"trade_id": 667709205, "side": "sell", "size": "0.00463028", "price": "3146.17000000", "time": "2025-07-16T01:22:36.809952Z", "fetched_at": "2025-07-16T01:23:25.282557+00:00", "symbol": "ETH-USD"}, {"trade_id": 667709204, "side": "buy", "size": "0.00105653", "price": "3146.37000000", "time": "2025-07-16T01:22:35.639983Z", "fetched_at": "2025-07-16T01:23:25.282557+00:00", "symbol": "ETH-USD"}, {"trade_id": 667709203, "side": "buy", "size": "0.09044666", "price": "3146.37000000", "time": "2025-07-16T01:22:35.639983Z", "fetched_at": "2025-07-16T01:23:25.282557+00:00", "symbol": "ETH-USD"}, {"trade_id": 667709202, "side": "buy", "size": "0.03250772", "price": "3146.37000000", "time": "2025-07-16T01:22:35.195388Z", "fetched_at": "2025-07-16T01:23:25.282557+00:00", "symbol": "ETH-USD"}, {"trade_id": 667709201, "side": "sell", "size": "0.15441123", "price": "3146.32000000", "time": "2025-07-16T01:22:33.175246Z", "fetched_at": "2025-07-16T01:23:25.282557+00:00", "symbol": "ETH-USD"}, {"trade_id": 667709200, "side": "buy", "size": "0.39692541", "price": "3146.19000000", "time": "2025-07-16T01:22:32.744109Z", "fetched_at": "2025-07-16T01:23:25.282557+00:00", "symbol": "ETH-USD"}, {"trade_id": 667709199, "side": "sell", "size": "0.01623000", "price": "3146.23000000", "time": "2025-07-16T01:22:32.743249Z", "fetched_at": "2025-07-16T01:23:25.282557+00:00", "symbol": "ETH-USD"}, {"trade_id": 667709198, "side": "buy", "size": "0.00171625", "price": "3146.39000000", "time": "2025-07-16T01:22:32.729855Z", "fetched_at": "2025-07-16T01:23:25.282557+00:00", "symbol": "ETH-USD"}, {"trade_id": 667709197, "side": "buy", "size": "0.00343250", "price": "3146.39000000", "time": "2025-07-16T01:22:32.729855Z", "fetched_at": "2025-07-16T01:23:25.282557+00:00", "symbol": "ETH-USD"}, {"trade_id": 667709196, "side": "buy", "size": "0.00100000", "price": "3146.40000000", "time": "2025-07-16T01:22:32.729855Z", "fetched_at": "2025-07-16T01:23:25.282557+00:00", "symbol": "ETH-USD"}, {"trade_id": 667709195, "side": "buy", "size": "0.00085812", "price": "3146.40000000", "time": "2025-07-16T01:22:32.729855Z", "fetched_at": "2025-07-16T01:23:25.282557+00:00", "symbol": "ETH-USD"}, {"trade_id": 667709194, "side": "buy", "size": "0.00136980", "price": "3146.43000000", "time": "2025-07-16T01:22:32.729855Z", "fetched_at": "2025-07-16T01:23:25.282557+00:00", "symbol": "ETH-USD"}, {"trade_id": 667709193, "side": "buy", "size": "0.00124671", "price": "3146.43000000", "time": "2025-07-16T01:22:32.729855Z", "fetched_at": "2025-07-16T01:23:25.282557+00:00", "symbol": "ETH-USD"}, {"trade_id": 667709192, "side": "buy", "size": "0.15772440", "price": "3146.41000000", "time": "2025-07-16T01:22:32.491767Z", "fetched_at": "2025-07-16T01:23:25.282557+00:00", "symbol": "ETH-USD"}, {"trade_id": 667709191, "side": "buy", "size": "0.00118335", "price": "3146.48000000", "time": "2025-07-16T01:22:32.491767Z", "fetched_at": "2025-07-16T01:23:25.282557+00:00", "symbol": "ETH-USD"}, {"trade_id": 667709190, "side": "buy", "size": "0.00089119", "price": "3146.48000000", "time": "2025-07-16T01:22:32.229921Z", "fetched_at": "2025-07-16T01:23:25.282557+00:00", "symbol": "ETH-USD"}, {"trade_id": 667709189, "side": "sell", "size": "0.00603027", "price": "3146.49000000", "time": "2025-07-16T01:22:32.186362Z", "fetched_at": "2025-07-16T01:23:25.282557+00:00", "symbol": "ETH-USD"}, {"trade_id": 667709188, "side": "buy", "size": "0.12276325", "price": "3146.87000000", "time": "2025-07-16T01:22:31.515673Z", "fetched_at": "2025-07-16T01:23:25.282557+00:00", "symbol": "ETH-USD"}, {"trade_id": 667709187, "side": "buy", "size": "0.00125207", "price": "3146.88000000", "time": "2025-07-16T01:22:31.505489Z", "fetched_at": "2025-07-16T01:23:25.282557+00:00", "symbol": "ETH-USD"}, {"trade_id": 667709186, "side": "buy", "size": "0.00081442", "price": "3147.08000000", "time": "2025-07-16T01:22:31.456078Z", "fetched_at": "2025-07-16T01:23:25.282557+00:00", "symbol": "ETH-USD"}, {"trade_id": 667709185, "side": "buy", "size": "0.15500000", "price": "3147.08000000", "time": "2025-07-16T01:22:31.456078Z", "fetched_at": "2025-07-16T01:23:25.282557+00:00", "symbol": "ETH-USD"}, {"trade_id": 667709184, "side": "sell", "size": "0.03305421", "price": "3147.09000000", "time": "2025-07-16T01:22:31.093599Z", "fetched_at": "2025-07-16T01:23:25.282557+00:00", "symbol": "ETH-USD"}, {"trade_id": 667709183, "side": "sell", "size": "0.00317769", "price": "3147.08000000", "time": "2025-07-16T01:22:31.093599Z", "fetched_at": "2025-07-16T01:23:25.282557+00:00", "symbol": "ETH-USD"}, {"trade_id": 667709182, "side": "sell", "size": "0.36131531", "price": "3147.24000000", "time": "2025-07-16T01:22:30.016091Z", "fetched_at": "2025-07-16T01:23:25.282557+00:00", "symbol": "ETH-USD"}, {"trade_id": 667709181, "side": "sell", "size": "0.10000000", "price": "3147.23000000", "time": "2025-07-16T01:22:30.016091Z", "fetched_at": "2025-07-16T01:23:25.282557+00:00", "symbol": "ETH-USD"}, {"trade_id": 667709180, "side": "sell", "size": "0.30000000", "price": "3147.20000000", "time": "2025-07-16T01:22:30.016091Z", "fetched_at": "2025-07-16T01:23:25.282557+00:00", "symbol": "ETH-USD"}, {"trade_id": 667709179, "side": "sell", "size": "0.00317752", "price": "3147.19000000", "time": "2025-07-16T01:22:30.016091Z", "fetched_at": "2025-07-16T01:23:25.282557+00:00", "symbol": "ETH-USD"}, {"trade_id": 667709178, "side": "sell", "size": "0.15888444", "price": "3146.95000000", "time": "2025-07-16T01:22:30.016091Z", "fetched_at": "2025-07-16T01:23:25.282557+00:00", "symbol": "ETH-USD"}, {"trade_id": 667709177, "side": "sell", "size": "0.06339048", "price": "3147.16000000", "time": "2025-07-16T01:22:29.284327Z", "fetched_at": "2025-07-16T01:23:25.282557+00:00", "symbol": "ETH-USD"}, {"trade_id": 667709176, "side": "sell", "size": "0.06061674", "price": "3147.16000000", "time": "2025-07-16T01:22:29.018691Z", "fetched_at": "2025-07-16T01:23:25.282557+00:00", "symbol": "ETH-USD"}, {"trade_id": 667709175, "side": "sell", "size": "0.00000900", "price": "3147.12000000", "time": "2025-07-16T01:22:29.018691Z", "fetched_at": "2025-07-16T01:23:25.282557+00:00", "symbol": "ETH-USD"}, {"trade_id": 667709174, "side": "sell", "size": "0.00003868", "price": "3147.12000000", "time": "2025-07-16T01:22:29.018691Z", "fetched_at": "2025-07-16T01:23:25.282557+00:00", "symbol": "ETH-USD"}, {"trade_id": 667709173, "side": "sell", "size": "0.00010027", "price": "3147.12000000", "time": "2025-07-16T01:22:29.018691Z", "fetched_at": "2025-07-16T01:23:25.282557+00:00", "symbol": "ETH-USD"}, {"trade_id": 667709172, "side": "sell", "size": "0.00100000", "price": "3147.12000000", "time": "2025-07-16T01:22:29.018691Z", "fetched_at": "2025-07-16T01:23:25.282557+00:00", "symbol": "ETH-USD"}, {"trade_id": 667709171, "side": "sell", "size": "0.30000000", "price": "3146.90000000", "time": "2025-07-16T01:22:28.510524Z", "fetched_at": "2025-07-16T01:23:25.282557+00:00", "symbol": "ETH-USD"}, {"trade_id": 667709170, "side": "sell", "size": "0.00010334", "price": "3146.88000000", "time": "2025-07-16T01:22:28.510524Z", "fetched_at": "2025-07-16T01:23:25.282557+00:00", "symbol": "ETH-USD"}, {"trade_id": 667709169, "side": "sell", "size": "0.00011177", "price": "3146.88000000", "time": "2025-07-16T01:22:28.510524Z", "fetched_at": "2025-07-16T01:23:25.282557+00:00", "symbol": "ETH-USD"}, {"trade_id": 667709168, "side": "sell", "size": "0.00048003", "price": "3146.88000000", "time": "2025-07-16T01:22:28.510524Z", "fetched_at": "2025-07-16T01:23:25.282557+00:00", "symbol": "ETH-USD"}, {"trade_id": 667709167, "side": "sell", "size": "0.00069168", "price": "3146.88000000", "time": "2025-07-16T01:22:28.510524Z", "fetched_at": "2025-07-16T01:23:25.282557+00:00", "symbol": "ETH-USD"}, {"trade_id": 667709166, "side": "sell", "size": "0.00030832", "price": "3146.88000000", "time": "2025-07-16T01:22:28.211424Z", "fetched_at": "2025-07-16T01:23:25.282557+00:00", "symbol": "ETH-USD"}, {"trade_id": 667709165, "side": "sell", "size": "0.30000000", "price": "3146.60000000", "time": "2025-07-16T01:22:27.016274Z", "fetched_at": "2025-07-16T01:23:25.282557+00:00", "symbol": "ETH-USD"}, {"trade_id": 667709164, "side": "sell", "size": "0.00039925", "price": "3146.57000000", "time": "2025-07-16T01:22:27.016073Z", "fetched_at": "2025-07-16T01:23:25.282557+00:00", "symbol": "ETH-USD"}, {"trade_id": 667709163, "side": "sell", "size": "0.15850401", "price": "3146.57000000", "time": "2025-07-16T01:22:27.015427Z", "fetched_at": "2025-07-16T01:23:25.282557+00:00", "symbol": "ETH-USD"}, {"trade_id": 667709162, "side": "sell", "size": "0.14149599", "price": "3146.56000000", "time": "2025-07-16T01:22:27.015427Z", "fetched_at": "2025-07-16T01:23:25.282557+00:00", "symbol": "ETH-USD"}, {"trade_id": 667709161, "side": "sell", "size": "0.65302423", "price": "3146.56000000", "time": "2025-07-16T01:22:27.014806Z", "fetched_at": "2025-07-16T01:23:25.282557+00:00", "symbol": "ETH-USD"}, {"trade_id": 667709160, "side": "sell", "size": "0.00317826", "price": "3146.55000000", "time": "2025-07-16T01:22:27.014806Z", "fetched_at": "2025-07-16T01:23:25.282557+00:00", "symbol": "ETH-USD"}, {"trade_id": 667709159, "side": "sell", "size": "0.30000000", "price": "3146.50000000", "time": "2025-07-16T01:22:27.014806Z", "fetched_at": "2025-07-16T01:23:25.282557+00:00", "symbol": "ETH-USD"}, {"trade_id": 667709158, "side": "sell", "size": "0.00005589", "price": "3146.41000000", "time": "2025-07-16T01:22:27.014806Z", "fetched_at": "2025-07-16T01:23:25.282557+00:00", "symbol": "ETH-USD"}, {"trade_id": 667709157, "side": "sell", "size": "0.00024002", "price": "3146.41000000", "time": "2025-07-16T01:22:27.014806Z", "fetched_at": "2025-07-16T01:23:25.282557+00:00", "symbol": "ETH-USD"}, {"trade_id": 667709156, "side": "sell", "size": "0.00010334", "price": "3146.41000000", "time": "2025-07-16T01:22:27.014806Z", "fetched_at": "2025-07-16T01:23:25.282557+00:00", "symbol": "ETH-USD"}, {"trade_id": 667709155, "side": "sell", "size": "0.42500529", "price": "3146.40000000", "time": "2025-07-16T01:22:24.895995Z", "fetched_at": "2025-07-16T01:23:25.282557+00:00", "symbol": "ETH-USD"}, {"trade_id": 667709154, "side": "sell", "size": "0.19324525", "price": "3146.40000000", "time": "2025-07-16T01:22:24.895995Z", "fetched_at": "2025-07-16T01:23:25.282557+00:00", "symbol": "ETH-USD"}, {"trade_id": 667709153, "side": "buy", "size": "0.00129125", "price": "3146.39000000", "time": "2025-07-16T01:22:24.655719Z", "fetched_at": "2025-07-16T01:23:25.282557+00:00", "symbol": "ETH-USD"}, {"trade_id": 667709152, "side": "buy", "size": "0.00129125", "price": "3146.39000000", "time": "2025-07-16T01:22:24.645475Z", "fetched_at": "2025-07-16T01:23:25.282557+00:00", "symbol": "ETH-USD"}, {"trade_id": 667709151, "side": "buy", "size": "0.00129122", "price": "3146.40000000", "time": "2025-07-16T01:22:24.624423Z", "fetched_at": "2025-07-16T01:23:25.282557+00:00", "symbol": "ETH-USD"}, {"trade_id": 667709150, "side": "sell", "size": "0.10000000", "price": "3146.41000000", "time": "2025-07-16T01:22:24.276610Z", "fetched_at": "2025-07-16T01:23:25.282557+00:00", "symbol": "ETH-USD"}, {"trade_id": 667709149, "side": "buy", "size": "0.00132403", "price": "3146.46000000", "time": "2025-07-16T01:22:24.182691Z", "fetched_at": "2025-07-16T01:23:25.282557+00:00", "symbol": "ETH-USD"}, {"trade_id": 667709148, "side": "buy", "size": "0.00132403", "price": "3146.46000000", "time": "2025-07-16T01:22:24.170870Z", "fetched_at": "2025-07-16T01:23:25.282557+00:00", "symbol": "ETH-USD"}, {"trade_id": 667709147, "side": "buy", "size": "0.00132403", "price": "3146.46000000", "time": "2025-07-16T01:22:24.159848Z", "fetched_at": "2025-07-16T01:23:25.282557+00:00", "symbol": "ETH-USD"}, {"trade_id": 667709146, "side": "buy", "size": "0.12166470", "price": "3146.36000000", "time": "2025-07-16T01:22:23.829995Z", "fetched_at": "2025-07-16T01:23:25.282557+00:00", "symbol": "ETH-USD"}, {"trade_id": 667709145, "side": "buy", "size": "0.00132402", "price": "3146.47000000", "time": "2025-07-16T01:22:23.829995Z", "fetched_at": "2025-07-16T01:23:25.282557+00:00", "symbol": "ETH-USD"}, {"trade_id": 667709144, "side": "buy", "size": "0.01576910", "price": "3146.66000000", "time": "2025-07-16T01:22:23.713283Z", "fetched_at": "2025-07-16T01:23:25.282557+00:00", "symbol": "ETH-USD"}, {"trade_id": 667709143, "side": "buy", "size": "0.00000635", "price": "3146.72000000", "time": "2025-07-16T01:22:23.702641Z", "fetched_at": "2025-07-16T01:23:25.282557+00:00", "symbol": "ETH-USD"}, {"trade_id": 667709142, "side": "buy", "size": "0.12248906", "price": "3146.73000000", "time": "2025-07-16T01:22:23.702641Z", "fetched_at": "2025-07-16T01:23:25.282557+00:00", "symbol": "ETH-USD"}, {"trade_id": 667709141, "side": "buy", "size": "0.00127098", "price": "3146.73000000", "time": "2025-07-16T01:22:23.702641Z", "fetched_at": "2025-07-16T01:23:25.282557+00:00", "symbol": "ETH-USD"}, {"trade_id": 667709140, "side": "sell", "size": "0.00000317", "price": "3146.73000000", "time": "2025-07-16T01:22:21.404089Z", "fetched_at": "2025-07-16T01:23:25.282557+00:00", "symbol": "ETH-USD"}, {"trade_id": 667709139, "side": "sell", "size": "0.00001270", "price": "3146.73000000", "time": "2025-07-16T01:22:21.386761Z", "fetched_at": "2025-07-16T01:23:25.282557+00:00", "symbol": "ETH-USD"}, {"trade_id": 667709138, "side": "sell", "size": "0.03144547", "price": "3146.73000000", "time": "2025-07-16T01:22:21.371556Z", "fetched_at": "2025-07-16T01:23:25.282557+00:00", "symbol": "ETH-USD"}, {"trade_id": 667709137, "side": "buy", "size": "0.14058764", "price": "3146.31000000", "time": "2025-07-16T01:22:20.682509Z", "fetched_at": "2025-07-16T01:23:25.282557+00:00", "symbol": "ETH-USD"}, {"trade_id": 667709136, "side": "buy", "size": "0.08362164", "price": "3146.32000000", "time": "2025-07-16T01:22:20.682509Z", "fetched_at": "2025-07-16T01:23:25.282557+00:00", "symbol": "ETH-USD"}, {"trade_id": 667709135, "side": "buy", "size": "0.06430512", "price": "3146.32000000", "time": "2025-07-16T01:22:20.682509Z", "fetched_at": "2025-07-16T01:23:25.282557+00:00", "symbol": "ETH-USD"}, {"trade_id": 667709134, "side": "buy", "size": "0.00010000", "price": "3146.39000000", "time": "2025-07-16T01:22:20.682509Z", "fetched_at": "2025-07-16T01:23:25.282557+00:00", "symbol": "ETH-USD"}, {"trade_id": 667709133, "side": "buy", "size": "0.06052631", "price": "3146.40000000", "time": "2025-07-16T01:22:20.682509Z", "fetched_at": "2025-07-16T01:23:25.282557+00:00", "symbol": "ETH-USD"}, {"trade_id": 667709132, "side": "buy", "size": "0.00004213", "price": "3146.40000000", "time": "2025-07-16T01:22:20.682509Z", "fetched_at": "2025-07-16T01:23:25.282557+00:00", "symbol": "ETH-USD"}, {"trade_id": 667709131, "side": "buy", "size": "0.00010000", "price": "3146.65000000", "time": "2025-07-16T01:22:20.682509Z", "fetched_at": "2025-07-16T01:23:25.282557+00:00", "symbol": "ETH-USD"}, {"trade_id": 667709130, "side": "buy", "size": "0.00102225", "price": "3146.66000000", "time": "2025-07-16T01:22:20.682509Z", "fetched_at": "2025-07-16T01:23:25.282557+00:00", "symbol": "ETH-USD"}, {"trade_id": 667709129, "side": "sell", "size": "0.00675475", "price": "3146.67000000", "time": "2025-07-16T01:22:20.665388Z", "fetched_at": "2025-07-16T01:23:25.282557+00:00", "symbol": "ETH-USD"}, {"trade_id": 667709128, "side": "buy", "size": "0.00108783", "price": "3146.84000000", "time": "2025-07-16T01:22:20.450999Z", "fetched_at": "2025-07-16T01:23:25.282557+00:00", "symbol": "ETH-USD"}, {"trade_id": 667709127, "side": "buy", "size": "0.00108783", "price": "3146.84000000", "time": "2025-07-16T01:22:20.440764Z", "fetched_at": "2025-07-16T01:23:25.282557+00:00", "symbol": "ETH-USD"}, {"trade_id": 667709126, "side": "buy", "size": "0.00108783", "price": "3146.84000000", "time": "2025-07-16T01:22:20.429563Z", "fetched_at": "2025-07-16T01:23:25.282557+00:00", "symbol": "ETH-USD"}, {"trade_id": 667709125, "side": "buy", "size": "0.00108783", "price": "3146.84000000", "time": "2025-07-16T01:22:20.420483Z", "fetched_at": "2025-07-16T01:23:25.282557+00:00", "symbol": "ETH-USD"}, {"trade_id": 667709124, "side": "buy", "size": "0.00108783", "price": "3146.84000000", "time": "2025-07-16T01:22:20.409036Z", "fetched_at": "2025-07-16T01:23:25.282557+00:00", "symbol": "ETH-USD"}, {"trade_id": 667709123, "side": "buy", "size": "0.00108783", "price": "3146.84000000", "time": "2025-07-16T01:22:20.397600Z", "fetched_at": "2025-07-16T01:23:25.282557+00:00", "symbol": "ETH-USD"}, {"trade_id": 667709122, "side": "buy", "size": "0.00108783", "price": "3146.84000000", "time": "2025-07-16T01:22:20.386393Z", "fetched_at": "2025-07-16T01:23:25.282557+00:00", "symbol": "ETH-USD"}, {"trade_id": 667709121, "side": "buy", "size": "0.00108783", "price": "3146.85000000", "time": "2025-07-16T01:22:20.364436Z", "fetched_at": "2025-07-16T01:23:25.282557+00:00", "symbol": "ETH-USD"}, {"trade_id": 667709120, "side": "buy", "size": "0.00108783", "price": "3146.85000000", "time": "2025-07-16T01:22:20.353636Z", "fetched_at": "2025-07-16T01:23:25.282557+00:00", "symbol": "ETH-USD"}, {"trade_id": 667709119, "side": "buy", "size": "0.00136904", "price": "3146.91000000", "time": "2025-07-16T01:22:20.109669Z", "fetched_at": "2025-07-16T01:23:25.282557+00:00", "symbol": "ETH-USD"}, {"trade_id": 667709118, "side": "buy", "size": "0.00136904", "price": "3146.91000000", "time": "2025-07-16T01:22:20.099794Z", "fetched_at": "2025-07-16T01:23:25.282557+00:00", "symbol": "ETH-USD"}, {"trade_id": 667709117, "side": "buy", "size": "0.00136904", "price": "3146.91000000", "time": "2025-07-16T01:22:20.089567Z", "fetched_at": "2025-07-16T01:23:25.282557+00:00", "symbol": "ETH-USD"}, {"trade_id": 667709116, "side": "buy", "size": "0.00136904", "price": "3146.91000000", "time": "2025-07-16T01:22:20.078902Z", "fetched_at": "2025-07-16T01:23:25.282557+00:00", "symbol": "ETH-USD"}, {"trade_id": 667709115, "side": "buy", "size": "0.00136904", "price": "3146.91000000", "time": "2025-07-16T01:22:20.068593Z", "fetched_at": "2025-07-16T01:23:25.282557+00:00", "symbol": "ETH-USD"}, {"trade_id": 667709114, "side": "buy", "size": "0.00136904", "price": "3146.91000000", "time": "2025-07-16T01:22:20.056623Z", "fetched_at": "2025-07-16T01:23:25.282557+00:00", "symbol": "ETH-USD"}, {"trade_id": 667709113, "side": "buy", "size": "0.00136904", "price": "3146.91000000", "time": "2025-07-16T01:22:20.026764Z", "fetched_at": "2025-07-16T01:23:25.282557+00:00", "symbol": "ETH-USD"}, {"trade_id": 667709112, "side": "buy", "size": "0.00136904", "price": "3146.91000000", "time": "2025-07-16T01:22:20.014982Z", "fetched_at": "2025-07-16T01:23:25.282557+00:00", "symbol": "ETH-USD"}, {"trade_id": 667709111, "side": "buy", "size": "0.00136904", "price": "3146.91000000", "time": "2025-07-16T01:22:19.995562Z", "fetched_at": "2025-07-16T01:23:25.282557+00:00", "symbol": "ETH-USD"}, {"trade_id": 667709110, "side": "buy", "size": "0.00136904", "price": "3146.91000000", "time": "2025-07-16T01:22:19.984751Z", "fetched_at": "2025-07-16T01:23:25.282557+00:00", "symbol": "ETH-USD"}, {"trade_id": 667709109, "side": "buy", "size": "0.00136904", "price": "3146.91000000", "time": "2025-07-16T01:22:19.973520Z", "fetched_at": "2025-07-16T01:23:25.282557+00:00", "symbol": "ETH-USD"}, {"trade_id": 667709108, "side": "buy", "size": "0.00136904", "price": "3146.91000000", "time": "2025-07-16T01:22:19.962594Z", "fetched_at": "2025-07-16T01:23:25.282557+00:00", "symbol": "ETH-USD"}, {"trade_id": 667709107, "side": "buy", "size": "0.00139072", "price": "3146.91000000", "time": "2025-07-16T01:22:19.946913Z", "fetched_at": "2025-07-16T01:23:25.282557+00:00", "symbol": "ETH-USD"}, {"trade_id": 667709106, "side": "buy", "size": "0.00139072", "price": "3146.91000000", "time": "2025-07-16T01:22:19.936606Z", "fetched_at": "2025-07-16T01:23:25.282557+00:00", "symbol": "ETH-USD"}, {"trade_id": 667709105, "side": "buy", "size": "0.00139072", "price": "3146.91000000", "time": "2025-07-16T01:22:19.925906Z", "fetched_at": "2025-07-16T01:23:25.282557+00:00", "symbol": "ETH-USD"}, {"trade_id": 667709104, "side": "buy", "size": "0.00139072", "price": "3146.91000000", "time": "2025-07-16T01:22:19.916366Z", "fetched_at": "2025-07-16T01:23:25.282557+00:00", "symbol": "ETH-USD"}, {"trade_id": 667709103, "side": "buy", "size": "0.00095787", "price": "3146.40000000", "time": "2025-07-16T01:22:19.657410Z", "fetched_at": "2025-07-16T01:23:25.282557+00:00", "symbol": "ETH-USD"}, {"trade_id": 667709102, "side": "buy", "size": "0.00139095", "price": "3146.41000000", "time": "2025-07-16T01:22:19.657410Z", "fetched_at": "2025-07-16T01:23:25.282557+00:00", "symbol": "ETH-USD"}, {"trade_id": 667709101, "side": "buy", "size": "0.00100000", "price": "3146.64000000", "time": "2025-07-16T01:22:19.657410Z", "fetched_at": "2025-07-16T01:23:25.282557+00:00", "symbol": "ETH-USD"}, {"trade_id": 667709100, "side": "sell", "size": "0.01189508", "price": "3146.93000000", "time": "2025-07-16T01:22:19.628221Z", "fetched_at": "2025-07-16T01:23:25.282557+00:00", "symbol": "ETH-USD"}, {"trade_id": 667709099, "side": "sell", "size": "0.00317729", "price": "3146.92000000", "time": "2025-07-16T01:22:19.628221Z", "fetched_at": "2025-07-16T01:23:25.282557+00:00", "symbol": "ETH-USD"}, {"trade_id": 667709098, "side": "buy", "size": "0.00139065", "price": "3147.09000000", "time": "2025-07-16T01:22:19.468811Z", "fetched_at": "2025-07-16T01:23:25.282557+00:00", "symbol": "ETH-USD"}, {"trade_id": 667709097, "side": "buy", "size": "0.00138451", "price": "3147.16000000", "time": "2025-07-16T01:22:19.419818Z", "fetched_at": "2025-07-16T01:23:25.282557+00:00", "symbol": "ETH-USD"}, {"trade_id": 667709096, "side": "buy", "size": "0.12246493", "price": "3147.35000000", "time": "2025-07-16T01:22:18.950909Z", "fetched_at": "2025-07-16T01:23:25.282557+00:00", "symbol": "ETH-USD"}, {"trade_id": 667709095, "side": "sell", "size": "0.15377089", "price": "3147.65000000", "time": "2025-07-16T01:22:18.270896Z", "fetched_at": "2025-07-16T01:23:25.282557+00:00", "symbol": "ETH-USD"}, {"trade_id": 667709094, "side": "sell", "size": "0.57213277", "price": "3147.64000000", "time": "2025-07-16T01:22:18.270896Z", "fetched_at": "2025-07-16T01:23:25.282557+00:00", "symbol": "ETH-USD"}, {"trade_id": 667709093, "side": "sell", "size": "0.00100000", "price": "3147.60000000", "time": "2025-07-16T01:22:18.270896Z", "fetched_at": "2025-07-16T01:23:25.282557+00:00", "symbol": "ETH-USD"}, {"trade_id": 667709092, "side": "sell", "size": "0.15885659", "price": "3147.50000000", "time": "2025-07-16T01:22:18.270896Z", "fetched_at": "2025-07-16T01:23:25.282557+00:00", "symbol": "ETH-USD"}, {"trade_id": 667709091, "side": "sell", "size": "0.63542494", "price": "3147.50000000", "time": "2025-07-16T01:22:18.270896Z", "fetched_at": "2025-07-16T01:23:25.282557+00:00", "symbol": "ETH-USD"}, {"trade_id": 667709090, "side": "sell", "size": "0.01837687", "price": "3147.48000000", "time": "2025-07-16T01:22:18.270896Z", "fetched_at": "2025-07-16T01:23:25.282557+00:00", "symbol": "ETH-USD"}, {"trade_id": 667709089, "side": "sell", "size": "0.00317805", "price": "3147.36000000", "time": "2025-07-16T01:22:18.270896Z", "fetched_at": "2025-07-16T01:23:25.282557+00:00", "symbol": "ETH-USD"}, {"trade_id": 667709088, "side": "sell", "size": "0.00100000", "price": "3147.36000000", "time": "2025-07-16T01:22:18.270896Z", "fetched_at": "2025-07-16T01:23:25.282557+00:00", "symbol": "ETH-USD"}, {"trade_id": 667709087, "side": "sell", "size": "0.02247174", "price": "3147.32000000", "time": "2025-07-16T01:22:17.742507Z", "fetched_at": "2025-07-16T01:23:25.282557+00:00", "symbol": "ETH-USD"}, {"trade_id": 667709086, "side": "sell", "size": "0.00005589", "price": "3147.22000000", "time": "2025-07-16T01:22:17.742507Z", "fetched_at": "2025-07-16T01:23:25.282557+00:00", "symbol": "ETH-USD"}, {"trade_id": 667709085, "side": "sell", "size": "0.00024001", "price": "3147.22000000", "time": "2025-07-16T01:22:17.742507Z", "fetched_at": "2025-07-16T01:23:25.282557+00:00", "symbol": "ETH-USD"}, {"trade_id": 667709084, "side": "sell", "size": "0.00317805", "price": "3147.12000000", "time": "2025-07-16T01:22:17.742507Z", "fetched_at": "2025-07-16T01:23:25.282557+00:00", "symbol": "ETH-USD"}, {"trade_id": 667709083, "side": "sell", "size": "0.00100000", "price": "3147.12000000", "time": "2025-07-16T01:22:17.742507Z", "fetched_at": "2025-07-16T01:23:25.282557+00:00", "symbol": "ETH-USD"}, {"trade_id": 667709082, "side": "buy", "size": "0.00006058", "price": "3146.98000000", "time": "2025-07-16T01:22:17.525037Z", "fetched_at": "2025-07-16T01:23:25.282557+00:00", "symbol": "ETH-USD"}, {"trade_id": 667709081, "side": "sell", "size": "0.00013258", "price": "3146.99000000", "time": "2025-07-16T01:22:17.404298Z", "fetched_at": "2025-07-16T01:23:25.282557+00:00", "symbol": "ETH-USD"}, {"trade_id": 667709080, "side": "sell", "size": "0.00010335", "price": "3146.65000000", "time": "2025-07-16T01:22:17.404298Z", "fetched_at": "2025-07-16T01:23:25.282557+00:00", "symbol": "ETH-USD"}, {"trade_id": 667709079, "side": "sell", "size": "0.15568320", "price": "3146.44000000", "time": "2025-07-16T01:22:16.660692Z", "fetched_at": "2025-07-16T01:23:25.282557+00:00", "symbol": "ETH-USD"}, {"trade_id": 667709078, "side": "sell", "size": "0.00322665", "price": "3146.44000000", "time": "2025-07-16T01:22:16.659413Z", "fetched_at": "2025-07-16T01:23:25.282557+00:00", "symbol": "ETH-USD"}, {"trade_id": 667709077, "side": "sell", "size": "0.05697549", "price": "3146.45000000", "time": "2025-07-16T01:22:16.126727Z", "fetched_at": "2025-07-16T01:23:25.282557+00:00", "symbol": "ETH-USD"}, {"trade_id": 667709076, "side": "buy", "size": "0.05486186", "price": "3146.63000000", "time": "2025-07-16T01:22:14.116571Z", "fetched_at": "2025-07-16T01:23:25.282557+00:00", "symbol": "ETH-USD"}, {"trade_id": 667709075, "side": "buy", "size": "0.00156769", "price": "3146.64000000", "time": "2025-07-16T01:22:14.116571Z", "fetched_at": "2025-07-16T01:23:25.282557+00:00", "symbol": "ETH-USD"}, {"trade_id": 667709074, "side": "buy", "size": "0.00100000", "price": "3146.64000000", "time": "2025-07-16T01:22:14.116571Z", "fetched_at": "2025-07-16T01:23:25.282557+00:00", "symbol": "ETH-USD"}, {"trade_id": 667709073, "side": "buy", "size": "0.00167985", "price": "3146.75000000", "time": "2025-07-16T01:22:13.562805Z", "fetched_at": "2025-07-16T01:23:25.282557+00:00", "symbol": "ETH-USD"}, {"trade_id": 667709072, "side": "buy", "size": "0.09608664", "price": "3146.76000000", "time": "2025-07-16T01:22:13.336863Z", "fetched_at": "2025-07-16T01:23:25.282557+00:00", "symbol": "ETH-USD"}, {"trade_id": 667709071, "side": "buy", "size": "0.00178935", "price": "3146.76000000", "time": "2025-07-16T01:22:13.336863Z", "fetched_at": "2025-07-16T01:23:25.282557+00:00", "symbol": "ETH-USD"}, {"trade_id": 667709070, "side": "buy", "size": "0.09999744", "price": "3147.21000000", "time": "2025-07-16T01:22:12.815459Z", "fetched_at": "2025-07-16T01:23:25.282557+00:00", "symbol": "ETH-USD"}, {"trade_id": 667709069, "side": "buy", "size": "0.00242801", "price": "3146.94000000", "time": "2025-07-16T01:22:11.798558Z", "fetched_at": "2025-07-16T01:23:25.282557+00:00", "symbol": "ETH-USD"}, {"trade_id": 667709068, "side": "buy", "size": "0.70910048", "price": "3146.84000000", "time": "2025-07-16T01:22:11.622873Z", "fetched_at": "2025-07-16T01:23:25.282557+00:00", "symbol": "ETH-USD"}, {"trade_id": 667709067, "side": "buy", "size": "0.05223913", "price": "3147.08000000", "time": "2025-07-16T01:22:11.622873Z", "fetched_at": "2025-07-16T01:23:25.282557+00:00", "symbol": "ETH-USD"}, {"trade_id": 667709066, "side": "buy", "size": "0.15886240", "price": "3146.87000000", "time": "2025-07-16T01:22:11.622006Z", "fetched_at": "2025-07-16T01:23:25.282557+00:00", "symbol": "ETH-USD"}, {"trade_id": 667709065, "side": "buy", "size": "0.00100000", "price": "3146.88000000", "time": "2025-07-16T01:22:11.622006Z", "fetched_at": "2025-07-16T01:23:25.282557+00:00", "symbol": "ETH-USD"}, {"trade_id": 667709064, "side": "buy", "size": "0.07781082", "price": "3146.88000000", "time": "2025-07-16T01:22:11.622006Z", "fetched_at": "2025-07-16T01:23:25.282557+00:00", "symbol": "ETH-USD"}, {"trade_id": 667709063, "side": "buy", "size": "2.34497441", "price": "3146.88000000", "time": "2025-07-16T01:22:11.618588Z", "fetched_at": "2025-07-16T01:23:25.282557+00:00", "symbol": "ETH-USD"}, {"trade_id": 667709062, "side": "buy", "size": "0.30482334", "price": "3146.89000000", "time": "2025-07-16T01:22:11.617254Z", "fetched_at": "2025-07-16T01:23:25.282557+00:00", "symbol": "ETH-USD"}, {"trade_id": 667709061, "side": "buy", "size": "4.08101559", "price": "3146.89000000", "time": "2025-07-16T01:22:11.617254Z", "fetched_at": "2025-07-16T01:23:25.282557+00:00", "symbol": "ETH-USD"}, {"trade_id": 667709060, "side": "buy", "size": "0.03844441", "price": "3146.89000000", "time": "2025-07-16T01:22:11.617235Z", "fetched_at": "2025-07-16T01:23:25.282557+00:00", "symbol": "ETH-USD"}, {"trade_id": 667709059, "side": "buy", "size": "0.34175727", "price": "3146.90000000", "time": "2025-07-16T01:22:11.617235Z", "fetched_at": "2025-07-16T01:23:25.282557+00:00", "symbol": "ETH-USD"}, {"trade_id": 667709058, "side": "buy", "size": "0.19988035", "price": "3146.95000000", "time": "2025-07-16T01:22:11.617235Z", "fetched_at": "2025-07-16T01:23:25.282557+00:00", "symbol": "ETH-USD"}, {"trade_id": 667709057, "side": "buy", "size": "0.61593198", "price": "3147.00000000", "time": "2025-07-16T01:22:11.617235Z", "fetched_at": "2025-07-16T01:23:25.282557+00:00", "symbol": "ETH-USD"}, {"trade_id": 667709056, "side": "buy", "size": "0.32771157", "price": "3147.06000000", "time": "2025-07-16T01:22:11.617235Z", "fetched_at": "2025-07-16T01:23:25.282557+00:00", "symbol": "ETH-USD"}, {"trade_id": 667709055, "side": "buy", "size": "0.36583096", "price": "3147.07000000", "time": "2025-07-16T01:22:11.617235Z", "fetched_at": "2025-07-16T01:23:25.282557+00:00", "symbol": "ETH-USD"}, {"trade_id": 667709054, "side": "buy", "size": "0.05803229", "price": "3147.08000000", "time": "2025-07-16T01:22:11.617235Z", "fetched_at": "2025-07-16T01:23:25.282557+00:00", "symbol": "ETH-USD"}, {"trade_id": 667709053, "side": "buy", "size": "0.14758996", "price": "3147.30000000", "time": "2025-07-16T01:22:11.617041Z", "fetched_at": "2025-07-16T01:23:25.282557+00:00", "symbol": "ETH-USD"}, {"trade_id": 667709052, "side": "buy", "size": "0.04644596", "price": "3147.08000000", "time": "2025-07-16T01:22:11.613180Z", "fetched_at": "2025-07-16T01:23:25.282557+00:00", "symbol": "ETH-USD"}, {"trade_id": 667709051, "side": "buy", "size": "0.19989421", "price": "3147.11000000", "time": "2025-07-16T01:22:11.613180Z", "fetched_at": "2025-07-16T01:23:25.282557+00:00", "symbol": "ETH-USD"}, {"trade_id": 667709050, "side": "buy", "size": "0.53606204", "price": "3147.12000000", "time": "2025-07-16T01:22:11.613180Z", "fetched_at": "2025-07-16T01:23:25.282557+00:00", "symbol": "ETH-USD"}, {"trade_id": 667709049, "side": "buy", "size": "0.01198851", "price": "3147.18000000", "time": "2025-07-16T01:22:11.613180Z", "fetched_at": "2025-07-16T01:23:25.282557+00:00", "symbol": "ETH-USD"}, {"trade_id": 667709048, "side": "buy", "size": "0.52384332", "price": "3147.29000000", "time": "2025-07-16T01:22:11.613180Z", "fetched_at": "2025-07-16T01:23:25.282557+00:00", "symbol": "ETH-USD"}, {"trade_id": 667709047, "side": "buy", "size": "0.14758996", "price": "3147.30000000", "time": "2025-07-16T01:22:11.613180Z", "fetched_at": "2025-07-16T01:23:25.282557+00:00", "symbol": "ETH-USD"}, {"trade_id": 667709046, "side": "buy", "size": "0.06815303", "price": "3147.35000000", "time": "2025-07-16T01:22:11.613180Z", "fetched_at": "2025-07-16T01:23:25.282557+00:00", "symbol": "ETH-USD"}, {"trade_id": 667709045, "side": "buy", "size": "0.00265607", "price": "3147.35000000", "time": "2025-07-16T01:22:11.613106Z", "fetched_at": "2025-07-16T01:23:25.282557+00:00", "symbol": "ETH-USD"}, {"trade_id": 667709044, "side": "buy", "size": "0.16333423", "price": "3147.35000000", "time": "2025-07-16T01:22:11.613106Z", "fetched_at": "2025-07-16T01:23:25.282557+00:00", "symbol": "ETH-USD"}, {"trade_id": 667709043, "side": "buy", "size": "0.36741385", "price": "3147.35000000", "time": "2025-07-16T01:22:11.613106Z", "fetched_at": "2025-07-16T01:23:25.282557+00:00", "symbol": "ETH-USD"}, {"trade_id": 667709042, "side": "buy", "size": "0.00242768", "price": "3147.37000000", "time": "2025-07-16T01:22:11.613106Z", "fetched_at": "2025-07-16T01:23:25.282557+00:00", "symbol": "ETH-USD"}, {"trade_id": 667709041, "side": "sell", "size": "0.03934667", "price": "3147.41000000", "time": "2025-07-16T01:22:11.445836Z", "fetched_at": "2025-07-16T01:23:25.282557+00:00", "symbol": "ETH-USD"}, {"trade_id": 667709040, "side": "sell", "size": "0.00772476", "price": "3147.43000000", "time": "2025-07-16T01:22:09.910539Z", "fetched_at": "2025-07-16T01:23:25.282557+00:00", "symbol": "ETH-USD"}, {"trade_id": 667709039, "side": "sell", "size": "0.02771763", "price": "3147.49000000", "time": "2025-07-16T01:22:09.782637Z", "fetched_at": "2025-07-16T01:23:25.282557+00:00", "symbol": "ETH-USD"}, {"trade_id": 667709038, "side": "sell", "size": "0.00317728", "price": "3147.47000000", "time": "2025-07-16T01:22:09.782637Z", "fetched_at": "2025-07-16T01:23:25.282557+00:00", "symbol": "ETH-USD"}, {"trade_id": 667709037, "side": "sell", "size": "0.12689360", "price": "3147.38000000", "time": "2025-07-16T01:22:09.144671Z", "fetched_at": "2025-07-16T01:23:25.282557+00:00", "symbol": "ETH-USD"}, {"trade_id": 667709036, "side": "sell", "size": "0.00010335", "price": "3147.36000000", "time": "2025-07-16T01:22:09.144671Z", "fetched_at": "2025-07-16T01:23:25.282557+00:00", "symbol": "ETH-USD"}, {"trade_id": 667709035, "side": "sell", "size": "0.00037951", "price": "3147.36000000", "time": "2025-07-16T01:22:09.144671Z", "fetched_at": "2025-07-16T01:23:25.282557+00:00", "symbol": "ETH-USD"}, {"trade_id": 667709034, "side": "sell", "size": "0.00008836", "price": "3147.36000000", "time": "2025-07-16T01:22:09.144671Z", "fetched_at": "2025-07-16T01:23:25.282557+00:00", "symbol": "ETH-USD"}, {"trade_id": 667709033, "side": "sell", "size": "0.00000317", "price": "3147.36000000", "time": "2025-07-16T01:22:08.064032Z", "fetched_at": "2025-07-16T01:23:25.282557+00:00", "symbol": "ETH-USD"}, {"trade_id": 667709032, "side": "sell", "size": "0.00528529", "price": "3147.36000000", "time": "2025-07-16T01:22:08.047856Z", "fetched_at": "2025-07-16T01:23:25.282557+00:00", "symbol": "ETH-USD"}, {"trade_id": 667709031, "side": "sell", "size": "0.00100000", "price": "3147.36000000", "time": "2025-07-16T01:22:08.047856Z", "fetched_at": "2025-07-16T01:23:25.282557+00:00", "symbol": "ETH-USD"}, {"trade_id": 667709030, "side": "buy", "size": "0.05012000", "price": "3147.35000000", "time": "2025-07-16T01:22:07.646702Z", "fetched_at": "2025-07-16T01:23:25.282557+00:00", "symbol": "ETH-USD"}, {"trade_id": 667709029, "side": "buy", "size": "0.02488000", "price": "3147.35000000", "time": "2025-07-16T01:22:07.646702Z", "fetched_at": "2025-07-16T01:23:25.282557+00:00", "symbol": "ETH-USD"}, {"trade_id": 667709028, "side": "sell", "size": "0.58012888", "price": "3147.35000000", "time": "2025-07-16T01:22:07.433498Z", "fetched_at": "2025-07-16T01:23:25.282557+00:00", "symbol": "ETH-USD"}, {"trade_id": 667709027, "side": "buy", "size": "0.00123560", "price": "3147.16000000", "time": "2025-07-16T01:22:06.646423Z", "fetched_at": "2025-07-16T01:23:25.282557+00:00", "symbol": "ETH-USD"}, {"trade_id": 667709026, "side": "sell", "size": "0.01573886", "price": "3147.35000000", "time": "2025-07-16T01:22:06.359199Z", "fetched_at": "2025-07-16T01:23:25.282557+00:00", "symbol": "ETH-USD"}, {"trade_id": 667709025, "side": "sell", "size": "0.00952198", "price": "3147.35000000", "time": "2025-07-16T01:22:06.236445Z", "fetched_at": "2025-07-16T01:23:25.282557+00:00", "symbol": "ETH-USD"}, {"trade_id": 667709024, "side": "sell", "size": "0.00317802", "price": "3147.34000000", "time": "2025-07-16T01:22:06.236445Z", "fetched_at": "2025-07-16T01:23:25.282557+00:00", "symbol": "ETH-USD"}, {"trade_id": 667709023, "side": "buy", "size": "0.00547000", "price": "3147.20000000", "time": "2025-07-16T01:22:05.367078Z", "fetched_at": "2025-07-16T01:23:25.282557+00:00", "symbol": "ETH-USD"}, {"trade_id": 667709022, "side": "sell", "size": "0.79442467", "price": "3146.94000000", "time": "2025-07-16T01:22:05.356470Z", "fetched_at": "2025-07-16T01:23:25.282557+00:00", "symbol": "ETH-USD"}, {"trade_id": 667709021, "side": "sell", "size": "0.68411023", "price": "3147.24000000", "time": "2025-07-16T01:22:05.215699Z", "fetched_at": "2025-07-16T01:23:25.282557+00:00", "symbol": "ETH-USD"}, {"trade_id": 667709020, "side": "sell", "size": "0.07999814", "price": "3147.23000000", "time": "2025-07-16T01:22:05.215699Z", "fetched_at": "2025-07-16T01:23:25.282557+00:00", "symbol": "ETH-USD"}, {"trade_id": 667709019, "side": "sell", "size": "0.33314311", "price": "3147.18000000", "time": "2025-07-16T01:22:05.215699Z", "fetched_at": "2025-07-16T01:23:25.282557+00:00", "symbol": "ETH-USD"}, {"trade_id": 667709018, "side": "sell", "size": "0.00100000", "price": "3147.12000000", "time": "2025-07-16T01:22:05.215699Z", "fetched_at": "2025-07-16T01:23:25.282557+00:00", "symbol": "ETH-USD"}, {"trade_id": 667709017, "side": "sell", "size": "0.79438150", "price": "3147.11000000", "time": "2025-07-16T01:22:05.215699Z", "fetched_at": "2025-07-16T01:23:25.282557+00:00", "symbol": "ETH-USD"}, {"trade_id": 667709016, "side": "sell", "size": "0.15887930", "price": "3147.05000000", "time": "2025-07-16T01:22:05.215699Z", "fetched_at": "2025-07-16T01:23:25.282557+00:00", "symbol": "ETH-USD"}, {"trade_id": 667709015, "side": "sell", "size": "0.79442467", "price": "3146.94000000", "time": "2025-07-16T01:22:05.215699Z", "fetched_at": "2025-07-16T01:23:25.282557+00:00", "symbol": "ETH-USD"}, {"trade_id": 667709014, "side": "sell", "size": "0.00317851", "price": "3146.93000000", "time": "2025-07-16T01:22:05.215699Z", "fetched_at": "2025-07-16T01:23:25.282557+00:00", "symbol": "ETH-USD"}, {"trade_id": 667709013, "side": "sell", "size": "0.00100000", "price": "3146.88000000", "time": "2025-07-16T01:22:05.215699Z", "fetched_at": "2025-07-16T01:23:25.282557+00:00", "symbol": "ETH-USD"}, {"trade_id": 667709012, "side": "sell", "size": "0.00100000", "price": "3146.64000000", "time": "2025-07-16T01:22:05.215699Z", "fetched_at": "2025-07-16T01:23:25.282557+00:00", "symbol": "ETH-USD"}, {"trade_id": 667709011, "side": "sell", "size": "0.46530314", "price": "3146.42000000", "time": "2025-07-16T01:22:04.909295Z", "fetched_at": "2025-07-16T01:23:25.282557+00:00", "symbol": "ETH-USD"}, {"trade_id": 667709010, "side": "sell", "size": "0.32948937", "price": "3146.42000000", "time": "2025-07-16T01:22:04.907115Z", "fetched_at": "2025-07-16T01:23:25.282557+00:00", "symbol": "ETH-USD"}, {"trade_id": 667709009, "side": "sell", "size": "0.00100000", "price": "3146.40000000", "time": "2025-07-16T01:22:04.907115Z", "fetched_at": "2025-07-16T01:23:25.282557+00:00", "symbol": "ETH-USD"}, {"trade_id": 667709008, "side": "sell", "size": "0.00010334", "price": "3146.16000000", "time": "2025-07-16T01:22:04.907115Z", "fetched_at": "2025-07-16T01:23:25.282557+00:00", "symbol": "ETH-USD"}, {"trade_id": 667709007, "side": "sell", "size": "0.01573946", "price": "3145.86000000", "time": "2025-07-16T01:22:03.273500Z", "fetched_at": "2025-07-16T01:23:25.282557+00:00", "symbol": "ETH-USD"}, {"trade_id": 667709006, "side": "sell", "size": "0.06262084", "price": "3145.86000000", "time": "2025-07-16T01:22:03.208955Z", "fetched_at": "2025-07-16T01:23:25.282557+00:00", "symbol": "ETH-USD"}, {"trade_id": 667709005, "side": "sell", "size": "0.00317916", "price": "3145.86000000", "time": "2025-07-16T01:22:03.208955Z", "fetched_at": "2025-07-16T01:23:25.282557+00:00", "symbol": "ETH-USD"}, {"trade_id": 667709004, "side": "buy", "size": "0.30312797", "price": "3146.00000000", "time": "2025-07-16T01:22:02.780791Z", "fetched_at": "2025-07-16T01:23:25.282557+00:00", "symbol": "ETH-USD"}, {"trade_id": 667709003, "side": "sell", "size": "0.00370684", "price": "3146.33000000", "time": "2025-07-16T01:22:02.104186Z", "fetched_at": "2025-07-16T01:23:25.282557+00:00", "symbol": "ETH-USD"}, {"trade_id": 667709002, "side": "sell", "size": "0.00609113", "price": "3146.33000000", "time": "2025-07-16T01:22:02.066408Z", "fetched_at": "2025-07-16T01:23:25.282557+00:00", "symbol": "ETH-USD"}, {"trade_id": 667709001, "side": "sell", "size": "0.00317916", "price": "3146.01000000", "time": "2025-07-16T01:22:02.066408Z", "fetched_at": "2025-07-16T01:23:25.282557+00:00", "symbol": "ETH-USD"}, {"trade_id": 667709000, "side": "buy", "size": "0.01623000", "price": "3146.23000000", "time": "2025-07-16T01:22:02.041736Z", "fetched_at": "2025-07-16T01:23:25.282557+00:00", "symbol": "ETH-USD"}, {"trade_id": 667708999, "side": "sell", "size": "0.79473255", "price": "3145.72000000", "time": "2025-07-16T01:22:01.929790Z", "fetched_at": "2025-07-16T01:23:25.282557+00:00", "symbol": "ETH-USD"}, {"trade_id": 667708998, "side": "sell", "size": "0.00317923", "price": "3145.71000000", "time": "2025-07-16T01:22:01.929790Z", "fetched_at": "2025-07-16T01:23:25.282557+00:00", "symbol": "ETH-USD"}, {"trade_id": 667708997, "side": "sell", "size": "0.00010335", "price": "3145.58000000", "time": "2025-07-16T01:22:01.928676Z", "fetched_at": "2025-07-16T01:23:25.282557+00:00", "symbol": "ETH-USD"}, {"trade_id": 667708996, "side": "sell", "size": "0.00185594", "price": "3145.56000000", "time": "2025-07-16T01:22:01.928676Z", "fetched_at": "2025-07-16T01:23:25.282557+00:00", "symbol": "ETH-USD"}, {"trade_id": 667708995, "side": "sell", "size": "0.15588547", "price": "3145.56000000", "time": "2025-07-16T01:22:01.928676Z", "fetched_at": "2025-07-16T01:23:25.282557+00:00", "symbol": "ETH-USD"}, {"trade_id": 667708994, "side": "sell", "size": "0.00306873", "price": "3145.56000000", "time": "2025-07-16T01:22:01.821835Z", "fetched_at": "2025-07-16T01:23:25.282557+00:00", "symbol": "ETH-USD"}, {"trade_id": 667708993, "side": "buy", "size": "0.00122744", "price": "3145.42000000", "time": "2025-07-16T01:22:01.406785Z", "fetched_at": "2025-07-16T01:23:25.282557+00:00", "symbol": "ETH-USD"}, {"trade_id": 667708992, "side": "sell", "size": "0.00023606", "price": "3145.57000000", "time": "2025-07-16T01:22:00.997582Z", "fetched_at": "2025-07-16T01:23:25.282557+00:00", "symbol": "ETH-USD"}, {"trade_id": 667708991, "side": "sell", "size": "0.00753882", "price": "3145.57000000", "time": "2025-07-16T01:22:00.805638Z", "fetched_at": "2025-07-16T01:23:25.282557+00:00", "symbol": "ETH-USD"}, {"trade_id": 667708990, "side": "sell", "size": "0.00151867", "price": "3145.55000000", "time": "2025-07-16T01:22:00.538995Z", "fetched_at": "2025-07-16T01:23:25.282557+00:00", "symbol": "ETH-USD"}, {"trade_id": 667708989, "side": "sell", "size": "0.00002341", "price": "3145.54000000", "time": "2025-07-16T01:22:00.538995Z", "fetched_at": "2025-07-16T01:23:25.282557+00:00", "symbol": "ETH-USD"}, {"trade_id": 667708988, "side": "sell", "size": "0.00010052", "price": "3145.54000000", "time": "2025-07-16T01:22:00.538995Z", "fetched_at": "2025-07-16T01:23:25.282557+00:00", "symbol": "ETH-USD"}, {"trade_id": 667708987, "side": "sell", "size": "0.00018851", "price": "3145.43000000", "time": "2025-07-16T01:22:00.538995Z", "fetched_at": "2025-07-16T01:23:25.282557+00:00", "symbol": "ETH-USD"}, {"trade_id": 667708986, "side": "sell", "size": "0.00149536", "price": "3145.43000000", "time": "2025-07-16T01:22:00.524956Z", "fetched_at": "2025-07-16T01:23:25.282557+00:00", "symbol": "ETH-USD"}, {"trade_id": 667708985, "side": "sell", "size": "0.00149536", "price": "3145.43000000", "time": "2025-07-16T01:22:00.320200Z", "fetched_at": "2025-07-16T01:23:25.282557+00:00", "symbol": "ETH-USD"}, {"trade_id": 667708984, "side": "buy", "size": "0.00796878", "price": "3145.42000000", "time": "2025-07-16T01:21:59.947716Z", "fetched_at": "2025-07-16T01:23:25.282557+00:00", "symbol": "ETH-USD"}, {"trade_id": 667708983, "side": "sell", "size": "0.00439324", "price": "3145.55000000", "time": "2025-07-16T01:21:59.799485Z", "fetched_at": "2025-07-16T01:23:25.282557+00:00", "symbol": "ETH-USD"}, {"trade_id": 667708982, "side": "sell", "size": "0.00024003", "price": "3145.49000000", "time": "2025-07-16T01:21:59.799485Z", "fetched_at": "2025-07-16T01:23:25.282557+00:00", "symbol": "ETH-USD"}, {"trade_id": 667708981, "side": "sell", "size": "0.00005589", "price": "3145.49000000", "time": "2025-07-16T01:21:59.799485Z", "fetched_at": "2025-07-16T01:23:25.282557+00:00", "symbol": "ETH-USD"}, {"trade_id": 667708980, "side": "sell", "size": "0.00317924", "price": "3145.48000000", "time": "2025-07-16T01:21:59.799485Z", "fetched_at": "2025-07-16T01:23:25.282557+00:00", "symbol": "ETH-USD"}, {"trade_id": 667708979, "side": "sell", "size": "0.00080277", "price": "3145.55000000", "time": "2025-07-16T01:21:58.950688Z", "fetched_at": "2025-07-16T01:23:25.282557+00:00", "symbol": "ETH-USD"}, {"trade_id": 667708978, "side": "sell", "size": "0.01226984", "price": "3145.55000000", "time": "2025-07-16T01:21:58.883645Z", "fetched_at": "2025-07-16T01:23:25.282557+00:00", "symbol": "ETH-USD"}, {"trade_id": 667708977, "side": "sell", "size": "0.00317924", "price": "3145.51000000", "time": "2025-07-16T01:21:58.883645Z", "fetched_at": "2025-07-16T01:23:25.282557+00:00", "symbol": "ETH-USD"}, {"trade_id": 667708976, "side": "sell", "size": "0.08468786", "price": "3146.17000000", "time": "2025-07-16T01:21:58.237577Z", "fetched_at": "2025-07-16T01:23:25.282557+00:00", "symbol": "ETH-USD"}, {"trade_id": 667708975, "side": "sell", "size": "0.00100000", "price": "3146.16000000", "time": "2025-07-16T01:21:58.237577Z", "fetched_at": "2025-07-16T01:23:25.282557+00:00", "symbol": "ETH-USD"}, {"trade_id": 667708974, "side": "sell", "size": "0.42001000", "price": "3146.14000000", "time": "2025-07-16T01:21:58.237577Z", "fetched_at": "2025-07-16T01:23:25.282557+00:00", "symbol": "ETH-USD"}, {"trade_id": 667708973, "side": "sell", "size": "0.48321328", "price": "3146.13000000", "time": "2025-07-16T01:21:58.237577Z", "fetched_at": "2025-07-16T01:23:25.282557+00:00", "symbol": "ETH-USD"}, {"trade_id": 667708972, "side": "sell", "size": "0.35617390", "price": "3146.12000000", "time": "2025-07-16T01:21:58.237577Z", "fetched_at": "2025-07-16T01:23:25.282557+00:00", "symbol": "ETH-USD"}, {"trade_id": 667708971, "side": "sell", "size": "0.57943908", "price": "3146.11000000", "time": "2025-07-16T01:21:58.237577Z", "fetched_at": "2025-07-16T01:23:25.282557+00:00", "symbol": "ETH-USD"}, {"trade_id": 667708970, "side": "sell", "size": "3.70443073", "price": "3146.09000000", "time": "2025-07-16T01:21:58.237577Z", "fetched_at": "2025-07-16T01:23:25.282557+00:00", "symbol": "ETH-USD"}, {"trade_id": 667708969, "side": "sell", "size": "2.36797667", "price": "3146.08000000", "time": "2025-07-16T01:21:58.237577Z", "fetched_at": "2025-07-16T01:23:25.282557+00:00", "symbol": "ETH-USD"}, {"trade_id": 667708968, "side": "sell", "size": "0.42829032", "price": "3146.07000000", "time": "2025-07-16T01:21:58.237577Z", "fetched_at": "2025-07-16T01:23:25.282557+00:00", "symbol": "ETH-USD"}, {"trade_id": 667708967, "side": "sell", "size": "0.20666577", "price": "3146.04000000", "time": "2025-07-16T01:21:58.237577Z", "fetched_at": "2025-07-16T01:23:25.282557+00:00", "symbol": "ETH-USD"}, {"trade_id": 667708966, "side": "sell", "size": "1.26956062", "price": "3146.02000000", "time": "2025-07-16T01:21:58.237577Z", "fetched_at": "2025-07-16T01:23:25.282557+00:00", "symbol": "ETH-USD"}, {"trade_id": 667708965, "side": "sell", "size": "2.30652184", "price": "3146.01000000", "time": "2025-07-16T01:21:58.237577Z", "fetched_at": "2025-07-16T01:23:25.282557+00:00", "symbol": "ETH-USD"}, {"trade_id": 667708964, "side": "sell", "size": "0.33277957", "price": "3145.98000000", "time": "2025-07-16T01:21:58.237577Z", "fetched_at": "2025-07-16T01:23:25.282557+00:00", "symbol": "ETH-USD"}, {"trade_id": 667708963, "side": "sell", "size": "0.33069384", "price": "3145.97000000", "time": "2025-07-16T01:21:58.237577Z", "fetched_at": "2025-07-16T01:23:25.282557+00:00", "symbol": "ETH-USD"}, {"trade_id": 667708962, "side": "sell", "size": "0.88212712", "price": "3145.92000000", "time": "2025-07-16T01:21:58.237577Z", "fetched_at": "2025-07-16T01:23:25.282557+00:00", "symbol": "ETH-USD"}, {"trade_id": 667708961, "side": "sell", "size": "0.00100000", "price": "3145.92000000", "time": "2025-07-16T01:21:58.237577Z", "fetched_at": "2025-07-16T01:23:25.282557+00:00", "symbol": "ETH-USD"}, {"trade_id": 667708960, "side": "sell", "size": "0.79469335", "price": "3145.87000000", "time": "2025-07-16T01:21:58.237577Z", "fetched_at": "2025-07-16T01:23:25.282557+00:00", "symbol": "ETH-USD"}, {"trade_id": 667708959, "side": "sell", "size": "1.00669228", "price": "3145.86000000", "time": "2025-07-16T01:21:58.237577Z", "fetched_at": "2025-07-16T01:23:25.282557+00:00", "symbol": "ETH-USD"}, {"trade_id": 667708958, "side": "sell", "size": "0.94500000", "price": "3145.76000000", "time": "2025-07-16T01:21:58.237577Z", "fetched_at": "2025-07-16T01:23:25.282557+00:00", "symbol": "ETH-USD"}, {"trade_id": 667708957, "side": "sell", "size": "0.56700000", "price": "3145.75000000", "time": "2025-07-16T01:21:58.237577Z", "fetched_at": "2025-07-16T01:23:25.282557+00:00", "symbol": "ETH-USD"}, {"trade_id": 667708956, "side": "sell", "size": "0.15885226", "price": "3145.74000000", "time": "2025-07-16T01:21:58.237577Z", "fetched_at": "2025-07-16T01:23:25.282557+00:00", "symbol": "ETH-USD"}, {"trade_id": 667708955, "side": "sell", "size": "0.00100000", "price": "3145.68000000", "time": "2025-07-16T01:21:58.237577Z", "fetched_at": "2025-07-16T01:23:25.282557+00:00", "symbol": "ETH-USD"}, {"trade_id": 667708954, "side": "sell", "size": "0.79477611", "price": "3145.54000000", "time": "2025-07-16T01:21:58.237577Z", "fetched_at": "2025-07-16T01:23:25.282557+00:00", "symbol": "ETH-USD"}, {"trade_id": 667708953, "side": "sell", "size": "0.00317927", "price": "3145.53000000", "time": "2025-07-16T01:21:58.237577Z", "fetched_at": "2025-07-16T01:23:25.282557+00:00", "symbol": "ETH-USD"}, {"trade_id": 667708952, "side": "sell", "size": "0.00010335", "price": "3145.44000000", "time": "2025-07-16T01:21:58.237577Z", "fetched_at": "2025-07-16T01:23:25.282557+00:00", "symbol": "ETH-USD"}, {"trade_id": 667708951, "side": "sell", "size": "0.00005589", "price": "3145.44000000", "time": "2025-07-16T01:21:58.237577Z", "fetched_at": "2025-07-16T01:23:25.282557+00:00", "symbol": "ETH-USD"}, {"trade_id": 667708950, "side": "sell", "size": "0.00024002", "price": "3145.44000000", "time": "2025-07-16T01:21:58.237577Z", "fetched_at": "2025-07-16T01:23:25.282557+00:00", "symbol": "ETH-USD"}, {"trade_id": 667708949, "side": "sell", "size": "0.15589255", "price": "3145.42000000", "time": "2025-07-16T01:21:58.237577Z", "fetched_at": "2025-07-16T01:23:25.282557+00:00", "symbol": "ETH-USD"}, {"trade_id": 667708948, "side": "sell", "size": "0.00306873", "price": "3145.42000000", "time": "2025-07-16T01:21:58.058268Z", "fetched_at": "2025-07-16T01:23:25.282557+00:00", "symbol": "ETH-USD"}, {"trade_id": 667708947, "side": "sell", "size": "0.03088714", "price": "3145.43000000", "time": "2025-07-16T01:21:53.065147Z", "fetched_at": "2025-07-16T01:23:25.282557+00:00", "symbol": "ETH-USD"}, {"trade_id": 667708946, "side": "sell", "size": "0.01227182", "price": "3145.43000000", "time": "2025-07-16T01:21:52.950136Z", "fetched_at": "2025-07-16T01:23:25.282557+00:00", "symbol": "ETH-USD"}, {"trade_id": 667708945, "side": "sell", "size": "0.00317922", "price": "3145.43000000", "time": "2025-07-16T01:21:52.950136Z", "fetched_at": "2025-07-16T01:23:25.282557+00:00", "symbol": "ETH-USD"}, {"trade_id": 667708944, "side": "buy", "size": "0.00613452", "price": "3145.32000000", "time": "2025-07-16T01:21:52.804096Z", "fetched_at": "2025-07-16T01:23:25.282557+00:00", "symbol": "ETH-USD"}, {"trade_id": 667708943, "side": "buy", "size": "0.00220609", "price": "3145.33000000", "time": "2025-07-16T01:21:52.804096Z", "fetched_at": "2025-07-16T01:23:25.282557+00:00", "symbol": "ETH-USD"}, {"trade_id": 667708942, "side": "buy", "size": "0.07145066", "price": "3145.43000000", "time": "2025-07-16T01:21:52.804096Z", "fetched_at": "2025-07-16T01:23:25.282557+00:00", "symbol": "ETH-USD"}, {"trade_id": 667708941, "side": "sell", "size": "0.15078568", "price": "3145.44000000", "time": "2025-07-16T01:21:52.666904Z", "fetched_at": "2025-07-16T01:23:25.282557+00:00", "symbol": "ETH-USD"}, {"trade_id": 667708940, "side": "sell", "size": "0.00471476", "price": "3145.44000000", "time": "2025-07-16T01:21:52.518144Z", "fetched_at": "2025-07-16T01:23:25.282557+00:00", "symbol": "ETH-USD"}, {"trade_id": 667708939, "side": "buy", "size": "0.06355887", "price": "3145.43000000", "time": "2025-07-16T01:21:52.376716Z", "fetched_at": "2025-07-16T01:23:25.282557+00:00", "symbol": "ETH-USD"}, {"trade_id": 667708938, "side": "buy", "size": "0.01999047", "price": "3145.43000000", "time": "2025-07-16T01:21:52.176928Z", "fetched_at": "2025-07-16T01:23:25.282557+00:00", "symbol": "ETH-USD"}, {"trade_id": 667708937, "side": "buy", "size": "0.00000953", "price": "3145.43000000", "time": "2025-07-16T01:21:52.176928Z", "fetched_at": "2025-07-16T01:23:25.282557+00:00", "symbol": "ETH-USD"}, {"trade_id": 667708936, "side": "sell", "size": "0.07303063", "price": "3145.44000000", "time": "2025-07-16T01:21:51.434299Z", "fetched_at": "2025-07-16T01:23:25.282557+00:00", "symbol": "ETH-USD"}, {"trade_id": 667708935, "side": "sell", "size": "0.00317994", "price": "3145.44000000", "time": "2025-07-16T01:21:51.434299Z", "fetched_at": "2025-07-16T01:23:25.282557+00:00", "symbol": "ETH-USD"}, {"trade_id": 667708934, "side": "sell", "size": "0.00100000", "price": "3145.44000000", "time": "2025-07-16T01:21:51.434299Z", "fetched_at": "2025-07-16T01:23:25.282557+00:00", "symbol": "ETH-USD"}, {"trade_id": 667708933, "side": "sell", "size": "0.39369265", "price": "3145.35000000", "time": "2025-07-16T01:21:50.927521Z", "fetched_at": "2025-07-16T01:23:25.282557+00:00", "symbol": "ETH-USD"}, {"trade_id": 667708932, "side": "sell", "size": "0.00100000", "price": "3145.20000000", "time": "2025-07-16T01:21:50.879642Z", "fetched_at": "2025-07-16T01:23:25.282557+00:00", "symbol": "ETH-USD"}, {"trade_id": 667708931, "side": "sell", "size": "0.18614400", "price": "3145.14000000", "time": "2025-07-16T01:21:50.879642Z", "fetched_at": "2025-07-16T01:23:25.282557+00:00", "symbol": "ETH-USD"}, {"trade_id": 667708930, "side": "sell", "size": "0.60897207", "price": "3145.14000000", "time": "2025-07-16T01:21:50.878913Z", "fetched_at": "2025-07-16T01:23:25.282557+00:00", "symbol": "ETH-USD"}, {"trade_id": 667708929, "side": "sell", "size": "0.00317993", "price": "3145.12000000", "time": "2025-07-16T01:21:50.878913Z", "fetched_at": "2025-07-16T01:23:25.282557+00:00", "symbol": "ETH-USD"}, {"trade_id": 667708928, "side": "sell", "size": "0.05000000", "price": "3145.12000000", "time": "2025-07-16T01:21:50.805668Z", "fetched_at": "2025-07-16T01:23:25.282557+00:00", "symbol": "ETH-USD"}, {"trade_id": 667708927, "side": "sell", "size": "0.00097818", "price": "3145.12000000", "time": "2025-07-16T01:21:50.440453Z", "fetched_at": "2025-07-16T01:23:25.282557+00:00", "symbol": "ETH-USD"}, {"trade_id": 667708926, "side": "sell", "size": "0.00100000", "price": "3144.96000000", "time": "2025-07-16T01:21:50.440453Z", "fetched_at": "2025-07-16T01:23:25.282557+00:00", "symbol": "ETH-USD"}, {"trade_id": 667708925, "side": "sell", "size": "0.00010336", "price": "3144.72000000", "time": "2025-07-16T01:21:50.440453Z", "fetched_at": "2025-07-16T01:23:25.282557+00:00", "symbol": "ETH-USD"}, {"trade_id": 667708924, "side": "sell", "size": "0.00024001", "price": "3144.72000000", "time": "2025-07-16T01:21:50.440453Z", "fetched_at": "2025-07-16T01:23:25.282557+00:00", "symbol": "ETH-USD"}, {"trade_id": 667708923, "side": "sell", "size": "0.00005589", "price": "3144.72000000", "time": "2025-07-16T01:21:50.440453Z", "fetched_at": "2025-07-16T01:23:25.282557+00:00", "symbol": "ETH-USD"}, {"trade_id": 667708922, "side": "sell", "size": "0.00100000", "price": "3144.72000000", "time": "2025-07-16T01:21:50.440453Z", "fetched_at": "2025-07-16T01:23:25.282557+00:00", "symbol": "ETH-USD"}, {"trade_id": 667708921, "side": "buy", "size": "0.00325622", "price": "3144.71000000", "time": "2025-07-16T01:21:48.862989Z", "fetched_at": "2025-07-16T01:23:25.282557+00:00", "symbol": "ETH-USD"}, {"trade_id": 667708920, "side": "sell", "size": "0.00594831", "price": "3144.55000000", "time": "2025-07-16T01:21:46.685680Z", "fetched_at": "2025-07-16T01:23:25.282557+00:00", "symbol": "ETH-USD"}, {"trade_id": 667708919, "side": "sell", "size": "0.57066398", "price": "3144.42000000", "time": "2025-07-16T01:21:46.685680Z", "fetched_at": "2025-07-16T01:23:25.282557+00:00", "symbol": "ETH-USD"}, {"trade_id": 667708918, "side": "sell", "size": "0.00318048", "price": "3144.41000000", "time": "2025-07-16T01:21:46.685680Z", "fetched_at": "2025-07-16T01:23:25.282557+00:00", "symbol": "ETH-USD"}, {"trade_id": 667708917, "side": "buy", "size": "0.12636597", "price": "3144.28000000", "time": "2025-07-16T01:21:44.636290Z", "fetched_at": "2025-07-16T01:23:25.282557+00:00", "symbol": "ETH-USD"}, {"trade_id": 667708916, "side": "buy", "size": "0.00162724", "price": "3144.30000000", "time": "2025-07-16T01:21:44.636290Z", "fetched_at": "2025-07-16T01:23:25.282557+00:00", "symbol": "ETH-USD"}, {"trade_id": 667708915, "side": "sell", "size": "0.09828427", "price": "3144.64000000", "time": "2025-07-16T01:21:43.986957Z", "fetched_at": "2025-07-16T01:23:25.282557+00:00", "symbol": "ETH-USD"}, {"trade_id": 667708914, "side": "sell", "size": "0.00039246", "price": "3144.45000000", "time": "2025-07-16T01:21:43.986957Z", "fetched_at": "2025-07-16T01:23:25.282557+00:00", "symbol": "ETH-USD"}, {"trade_id": 667708913, "side": "sell", "size": "0.00009138", "price": "3144.45000000", "time": "2025-07-16T01:21:43.986957Z", "fetched_at": "2025-07-16T01:23:25.282557+00:00", "symbol": "ETH-USD"}, {"trade_id": 667708912, "side": "sell", "size": "0.00318022", "price": "3144.39000000", "time": "2025-07-16T01:21:43.986957Z", "fetched_at": "2025-07-16T01:23:25.282557+00:00", "symbol": "ETH-USD"}, {"trade_id": 667708911, "side": "sell", "size": "0.00010334", "price": "3144.29000000", "time": "2025-07-16T01:21:43.972062Z", "fetched_at": "2025-07-16T01:23:25.282557+00:00", "symbol": "ETH-USD"}, {"trade_id": 667708910, "side": "sell", "size": "0.06031151", "price": "3144.29000000", "time": "2025-07-16T01:21:43.259408Z", "fetched_at": "2025-07-16T01:23:25.282557+00:00", "symbol": "ETH-USD"}, {"trade_id": 667708909, "side": "sell", "size": "0.00301521", "price": "3144.29000000", "time": "2025-07-16T01:21:43.132125Z", "fetched_at": "2025-07-16T01:23:25.282557+00:00", "symbol": "ETH-USD"}, {"trade_id": 667708908, "side": "sell", "size": "0.02999008", "price": "3144.37000000", "time": "2025-07-16T01:21:42.802525Z", "fetched_at": "2025-07-16T01:23:25.282557+00:00", "symbol": "ETH-USD"}, {"trade_id": 667708907, "side": "sell", "size": "0.16683000", "price": "3144.30000000", "time": "2025-07-16T01:21:42.802525Z", "fetched_at": "2025-07-16T01:23:25.282557+00:00", "symbol": "ETH-USD"}, {"trade_id": 667708906, "side": "sell", "size": "0.00317992", "price": "3144.30000000", "time": "2025-07-16T01:21:42.802525Z", "fetched_at": "2025-07-16T01:23:25.282557+00:00", "symbol": "ETH-USD"}, {"trade_id": 667708905, "side": "buy", "size": "0.00206008", "price": "3144.44000000", "time": "2025-07-16T01:21:42.666814Z", "fetched_at": "2025-07-16T01:23:25.282557+00:00", "symbol": "ETH-USD"}, {"trade_id": 667708904, "side": "buy", "size": "0.00206008", "price": "3144.44000000", "time": "2025-07-16T01:21:42.635174Z", "fetched_at": "2025-07-16T01:23:25.282557+00:00", "symbol": "ETH-USD"}, {"trade_id": 667708903, "side": "buy", "size": "0.00206274", "price": "3144.44000000", "time": "2025-07-16T01:21:42.624450Z", "fetched_at": "2025-07-16T01:23:25.282557+00:00", "symbol": "ETH-USD"}, {"trade_id": 667708902, "side": "buy", "size": "0.82947877", "price": "3144.17000000", "time": "2025-07-16T01:21:42.503952Z", "fetched_at": "2025-07-16T01:23:25.282557+00:00", "symbol": "ETH-USD"}, {"trade_id": 667708901, "side": "buy", "size": "0.08040982", "price": "3144.31000000", "time": "2025-07-16T01:21:42.503952Z", "fetched_at": "2025-07-16T01:23:25.282557+00:00", "symbol": "ETH-USD"}, {"trade_id": 667708900, "side": "buy", "size": "1.53849790", "price": "3144.17000000", "time": "2025-07-16T01:21:42.503141Z", "fetched_at": "2025-07-16T01:23:25.282557+00:00", "symbol": "ETH-USD"}, {"trade_id": 667708899, "side": "buy", "size": "0.00100000", "price": "3144.24000000", "time": "2025-07-16T01:21:42.499393Z", "fetched_at": "2025-07-16T01:23:25.282557+00:00", "symbol": "ETH-USD"}, {"trade_id": 667708898, "side": "buy", "size": "0.12111602", "price": "3144.31000000", "time": "2025-07-16T01:21:42.499393Z", "fetched_at": "2025-07-16T01:23:25.282557+00:00", "symbol": "ETH-USD"}, {"trade_id": 667708897, "side": "buy", "size": "0.15546707", "price": "3144.46000000", "time": "2025-07-16T01:21:42.498888Z", "fetched_at": "2025-07-16T01:23:25.282557+00:00", "symbol": "ETH-USD"}, {"trade_id": 667708896, "side": "buy", "size": "0.00100000", "price": "3144.48000000", "time": "2025-07-16T01:21:42.498888Z", "fetched_at": "2025-07-16T01:23:25.282557+00:00", "symbol": "ETH-USD"}, {"trade_id": 667708895, "side": "buy", "size": "0.00196415", "price": "3144.71000000", "time": "2025-07-16T01:21:42.498888Z", "fetched_at": "2025-07-16T01:23:25.282557+00:00", "symbol": "ETH-USD"}, {"trade_id": 667708894, "side": "sell", "size": "0.01511698", "price": "3144.72000000", "time": "2025-07-16T01:21:42.403841Z", "fetched_at": "2025-07-16T01:23:25.282557+00:00", "symbol": "ETH-USD"}, {"trade_id": 667708893, "side": "sell", "size": "0.03148845", "price": "3144.72000000", "time": "2025-07-16T01:21:42.322300Z", "fetched_at": "2025-07-16T01:23:25.282557+00:00", "symbol": "ETH-USD"}, {"trade_id": 667708892, "side": "buy", "size": "0.00100000", "price": "3144.72000000", "time": "2025-07-16T01:21:41.921504Z", "fetched_at": "2025-07-16T01:23:25.282557+00:00", "symbol": "ETH-USD"}, {"trade_id": 667708891, "side": "buy", "size": "0.24339768", "price": "3144.73000000", "time": "2025-07-16T01:21:41.921504Z", "fetched_at": "2025-07-16T01:23:25.282557+00:00", "symbol": "ETH-USD"}, {"trade_id": 667708890, "side": "buy", "size": "0.00226049", "price": "3144.74000000", "time": "2025-07-16T01:21:41.921504Z", "fetched_at": "2025-07-16T01:23:25.282557+00:00", "symbol": "ETH-USD"}, {"trade_id": 667708889, "side": "buy", "size": "0.22805700", "price": "3144.74000000", "time": "2025-07-16T01:21:41.921504Z", "fetched_at": "2025-07-16T01:23:25.282557+00:00", "symbol": "ETH-USD"}, {"trade_id": 667708888, "side": "buy", "size": "0.00226047", "price": "3144.78000000", "time": "2025-07-16T01:21:41.847886Z", "fetched_at": "2025-07-16T01:23:25.282557+00:00", "symbol": "ETH-USD"}, {"trade_id": 667708887, "side": "sell", "size": "0.01216603", "price": "3145.10000000", "time": "2025-07-16T01:21:40.260079Z", "fetched_at": "2025-07-16T01:23:25.282557+00:00", "symbol": "ETH-USD"}