[{"trade_id": 667833059, "side": "sell", "size": "0.00380693", "price": "3167.77000000", "time": "2025-07-16T07:46:27.964375Z", "fetched_at": "2025-07-16T07:46:31.092622+00:00", "symbol": "ETH-USD"}, {"trade_id": 667833058, "side": "sell", "size": "0.00068513", "price": "3167.76000000", "time": "2025-07-16T07:46:27.964375Z", "fetched_at": "2025-07-16T07:46:31.092622+00:00", "symbol": "ETH-USD"}, {"trade_id": 667833057, "side": "buy", "size": "0.13622114", "price": "3167.14000000", "time": "2025-07-16T07:46:27.896150Z", "fetched_at": "2025-07-16T07:46:31.092622+00:00", "symbol": "ETH-USD"}, {"trade_id": 667833056, "side": "buy", "size": "0.30011020", "price": "3167.15000000", "time": "2025-07-16T07:46:27.896150Z", "fetched_at": "2025-07-16T07:46:31.092622+00:00", "symbol": "ETH-USD"}, {"trade_id": 667833055, "side": "buy", "size": "0.08715431", "price": "3167.16000000", "time": "2025-07-16T07:46:27.896150Z", "fetched_at": "2025-07-16T07:46:31.092622+00:00", "symbol": "ETH-USD"}, {"trade_id": 667833054, "side": "buy", "size": "0.15786575", "price": "3167.24000000", "time": "2025-07-16T07:46:27.896150Z", "fetched_at": "2025-07-16T07:46:31.092622+00:00", "symbol": "ETH-USD"}, {"trade_id": 667833053, "side": "buy", "size": "0.00100000", "price": "3167.28000000", "time": "2025-07-16T07:46:27.896150Z", "fetched_at": "2025-07-16T07:46:31.092622+00:00", "symbol": "ETH-USD"}, {"trade_id": 667833052, "side": "buy", "size": "0.51006026", "price": "3167.30000000", "time": "2025-07-16T07:46:27.896150Z", "fetched_at": "2025-07-16T07:46:31.092622+00:00", "symbol": "ETH-USD"}, {"trade_id": 667833051, "side": "buy", "size": "0.00000631", "price": "3167.35000000", "time": "2025-07-16T07:46:27.896150Z", "fetched_at": "2025-07-16T07:46:31.092622+00:00", "symbol": "ETH-USD"}, {"trade_id": 667833050, "side": "buy", "size": "0.94500000", "price": "3167.36000000", "time": "2025-07-16T07:46:27.896150Z", "fetched_at": "2025-07-16T07:46:31.092622+00:00", "symbol": "ETH-USD"}, {"trade_id": 667833049, "side": "buy", "size": "0.10000000", "price": "3167.37000000", "time": "2025-07-16T07:46:27.896150Z", "fetched_at": "2025-07-16T07:46:31.092622+00:00", "symbol": "ETH-USD"}, {"trade_id": 667833048, "side": "buy", "size": "0.10000000", "price": "3167.39000000", "time": "2025-07-16T07:46:27.896150Z", "fetched_at": "2025-07-16T07:46:31.092622+00:00", "symbol": "ETH-USD"}, {"trade_id": 667833047, "side": "buy", "size": "0.00083593", "price": "3167.40000000", "time": "2025-07-16T07:46:27.896150Z", "fetched_at": "2025-07-16T07:46:31.092622+00:00", "symbol": "ETH-USD"}, {"trade_id": 667833046, "side": "buy", "size": "0.00567096", "price": "3167.40000000", "time": "2025-07-16T07:46:27.896150Z", "fetched_at": "2025-07-16T07:46:31.092622+00:00", "symbol": "ETH-USD"}, {"trade_id": 667833045, "side": "buy", "size": "0.04055867", "price": "3167.51000000", "time": "2025-07-16T07:46:27.896150Z", "fetched_at": "2025-07-16T07:46:31.092622+00:00", "symbol": "ETH-USD"}, {"trade_id": 667833044, "side": "buy", "size": "0.11986000", "price": "3167.61000000", "time": "2025-07-16T07:46:27.896150Z", "fetched_at": "2025-07-16T07:46:31.092622+00:00", "symbol": "ETH-USD"}, {"trade_id": 667833043, "side": "sell", "size": "0.08455510", "price": "3167.80000000", "time": "2025-07-16T07:46:27.150164Z", "fetched_at": "2025-07-16T07:46:31.092622+00:00", "symbol": "ETH-USD"}, {"trade_id": 667833042, "side": "sell", "size": "0.00011020", "price": "3167.80000000", "time": "2025-07-16T07:46:27.150164Z", "fetched_at": "2025-07-16T07:46:31.092622+00:00", "symbol": "ETH-USD"}, {"trade_id": 667833041, "side": "sell", "size": "0.15783974", "price": "3167.77000000", "time": "2025-07-16T07:46:27.150164Z", "fetched_at": "2025-07-16T07:46:31.092622+00:00", "symbol": "ETH-USD"}, {"trade_id": 667833040, "side": "sell", "size": "0.00071913", "price": "3167.69000000", "time": "2025-07-16T07:46:27.150164Z", "fetched_at": "2025-07-16T07:46:31.092622+00:00", "symbol": "ETH-USD"}, {"trade_id": 667833039, "side": "buy", "size": "0.54468001", "price": "3167.79000000", "time": "2025-07-16T07:46:26.273554Z", "fetched_at": "2025-07-16T07:46:31.092622+00:00", "symbol": "ETH-USD"}, {"trade_id": 667833038, "side": "sell", "size": "0.00528842", "price": "3167.80000000", "time": "2025-07-16T07:46:25.424172Z", "fetched_at": "2025-07-16T07:46:31.092622+00:00", "symbol": "ETH-USD"}, {"trade_id": 667833037, "side": "sell", "size": "0.00072365", "price": "3167.75000000", "time": "2025-07-16T07:46:25.424172Z", "fetched_at": "2025-07-16T07:46:31.092622+00:00", "symbol": "ETH-USD"}, {"trade_id": 667833036, "side": "sell", "size": "0.00023992", "price": "3167.75000000", "time": "2025-07-16T07:46:25.424172Z", "fetched_at": "2025-07-16T07:46:31.092622+00:00", "symbol": "ETH-USD"}, {"trade_id": 667833035, "side": "sell", "size": "0.00228687", "price": "3167.60000000", "time": "2025-07-16T07:46:24.684124Z", "fetched_at": "2025-07-16T07:46:31.092622+00:00", "symbol": "ETH-USD"}, {"trade_id": 667833034, "side": "sell", "size": "0.00070839", "price": "3167.59000000", "time": "2025-07-16T07:46:24.684124Z", "fetched_at": "2025-07-16T07:46:31.092622+00:00", "symbol": "ETH-USD"}, {"trade_id": 667833033, "side": "sell", "size": "0.03068759", "price": "3167.52000000", "time": "2025-07-16T07:46:24.055756Z", "fetched_at": "2025-07-16T07:46:31.092622+00:00", "symbol": "ETH-USD"}, {"trade_id": 667833032, "side": "sell", "size": "0.08013481", "price": "3167.36000000", "time": "2025-07-16T07:46:23.173547Z", "fetched_at": "2025-07-16T07:46:31.092622+00:00", "symbol": "ETH-USD"}, {"trade_id": 667833031, "side": "buy", "size": "0.59432001", "price": "3167.62000000", "time": "2025-07-16T07:46:22.727872Z", "fetched_at": "2025-07-16T07:46:31.092622+00:00", "symbol": "ETH-USD"}, {"trade_id": 667833030, "side": "sell", "size": "0.46744558", "price": "3167.76000000", "time": "2025-07-16T07:46:22.533282Z", "fetched_at": "2025-07-16T07:46:31.092622+00:00", "symbol": "ETH-USD"}, {"trade_id": 667833029, "side": "sell", "size": "0.00100000", "price": "3167.76000000", "time": "2025-07-16T07:46:22.533282Z", "fetched_at": "2025-07-16T07:46:31.092622+00:00", "symbol": "ETH-USD"}, {"trade_id": 667833028, "side": "sell", "size": "0.00002841", "price": "3167.76000000", "time": "2025-07-16T07:46:22.533282Z", "fetched_at": "2025-07-16T07:46:31.092622+00:00", "symbol": "ETH-USD"}, {"trade_id": 667833027, "side": "sell", "size": "0.00009648", "price": "3167.76000000", "time": "2025-07-16T07:46:22.533282Z", "fetched_at": "2025-07-16T07:46:31.092622+00:00", "symbol": "ETH-USD"}, {"trade_id": 667833026, "side": "sell", "size": "0.00069691", "price": "3167.76000000", "time": "2025-07-16T07:46:22.533282Z", "fetched_at": "2025-07-16T07:46:31.092622+00:00", "symbol": "ETH-USD"}, {"trade_id": 667833025, "side": "sell", "size": "0.00073262", "price": "3167.75000000", "time": "2025-07-16T07:46:22.533282Z", "fetched_at": "2025-07-16T07:46:31.092622+00:00", "symbol": "ETH-USD"}, {"trade_id": 667833024, "side": "buy", "size": "0.13654170", "price": "3167.75000000", "time": "2025-07-16T07:46:22.527847Z", "fetched_at": "2025-07-16T07:46:31.092622+00:00", "symbol": "ETH-USD"}, {"trade_id": 667833023, "side": "buy", "size": "0.76772001", "price": "3167.75000000", "time": "2025-07-16T07:46:22.527847Z", "fetched_at": "2025-07-16T07:46:31.092622+00:00", "symbol": "ETH-USD"}, {"trade_id": 667833022, "side": "sell", "size": "3.00000000", "price": "3167.42000000", "time": "2025-07-16T07:46:22.112124Z", "fetched_at": "2025-07-16T07:46:31.092622+00:00", "symbol": "ETH-USD"}, {"trade_id": 667833021, "side": "sell", "size": "0.00070037", "price": "3167.42000000", "time": "2025-07-16T07:46:22.112124Z", "fetched_at": "2025-07-16T07:46:31.092622+00:00", "symbol": "ETH-USD"}, {"trade_id": 667833020, "side": "sell", "size": "0.00070037", "price": "3167.11000000", "time": "2025-07-16T07:46:21.322712Z", "fetched_at": "2025-07-16T07:46:31.092622+00:00", "symbol": "ETH-USD"}, {"trade_id": 667833019, "side": "sell", "size": "0.07411715", "price": "3167.11000000", "time": "2025-07-16T07:46:21.322712Z", "fetched_at": "2025-07-16T07:46:31.092622+00:00", "symbol": "ETH-USD"}, {"trade_id": 667833018, "side": "buy", "size": "0.50000000", "price": "3166.71000000", "time": "2025-07-16T07:46:21.195965Z", "fetched_at": "2025-07-16T07:46:31.092622+00:00", "symbol": "ETH-USD"}, {"trade_id": 667833017, "side": "buy", "size": "0.00100000", "price": "3166.80000000", "time": "2025-07-16T07:46:21.195965Z", "fetched_at": "2025-07-16T07:46:31.092622+00:00", "symbol": "ETH-USD"}, {"trade_id": 667833016, "side": "buy", "size": "0.05444068", "price": "3167.29000000", "time": "2025-07-16T07:46:21.186018Z", "fetched_at": "2025-07-16T07:46:31.092622+00:00", "symbol": "ETH-USD"}, {"trade_id": 667833015, "side": "buy", "size": "0.15785568", "price": "3167.01000000", "time": "2025-07-16T07:46:21.173986Z", "fetched_at": "2025-07-16T07:46:31.092622+00:00", "symbol": "ETH-USD"}, {"trade_id": 667833014, "side": "buy", "size": "0.66279557", "price": "3167.02000000", "time": "2025-07-16T07:46:21.173986Z", "fetched_at": "2025-07-16T07:46:31.092622+00:00", "symbol": "ETH-USD"}, {"trade_id": 667833013, "side": "buy", "size": "0.00100000", "price": "3167.04000000", "time": "2025-07-16T07:46:21.173986Z", "fetched_at": "2025-07-16T07:46:31.092622+00:00", "symbol": "ETH-USD"}, {"trade_id": 667833012, "side": "buy", "size": "0.15787386", "price": "3167.08000000", "time": "2025-07-16T07:46:21.173986Z", "fetched_at": "2025-07-16T07:46:31.092622+00:00", "symbol": "ETH-USD"}, {"trade_id": 667833011, "side": "buy", "size": "0.87751724", "price": "3167.11000000", "time": "2025-07-16T07:46:21.173986Z", "fetched_at": "2025-07-16T07:46:31.092622+00:00", "symbol": "ETH-USD"}, {"trade_id": 667833010, "side": "buy", "size": "0.78936317", "price": "3167.11000000", "time": "2025-07-16T07:46:21.173986Z", "fetched_at": "2025-07-16T07:46:31.092622+00:00", "symbol": "ETH-USD"}, {"trade_id": 667833009, "side": "buy", "size": "2.13127929", "price": "3167.12000000", "time": "2025-07-16T07:46:21.173986Z", "fetched_at": "2025-07-16T07:46:31.092622+00:00", "symbol": "ETH-USD"}, {"trade_id": 667833008, "side": "buy", "size": "1.90475859", "price": "3167.12000000", "time": "2025-07-16T07:46:21.173962Z", "fetched_at": "2025-07-16T07:46:31.092622+00:00", "symbol": "ETH-USD"}, {"trade_id": 667833007, "side": "buy", "size": "0.01623000", "price": "3167.12000000", "time": "2025-07-16T07:46:21.173561Z", "fetched_at": "2025-07-16T07:46:31.092622+00:00", "symbol": "ETH-USD"}, {"trade_id": 667833006, "side": "buy", "size": "1.90620726", "price": "3167.12000000", "time": "2025-07-16T07:46:21.173191Z", "fetched_at": "2025-07-16T07:46:31.092622+00:00", "symbol": "ETH-USD"}, {"trade_id": 667833005, "side": "buy", "size": "0.35577233", "price": "3167.12000000", "time": "2025-07-16T07:46:21.173167Z", "fetched_at": "2025-07-16T07:46:31.092622+00:00", "symbol": "ETH-USD"}, {"trade_id": 667833004, "side": "buy", "size": "0.31352571", "price": "3167.13000000", "time": "2025-07-16T07:46:21.173167Z", "fetched_at": "2025-07-16T07:46:31.092622+00:00", "symbol": "ETH-USD"}, {"trade_id": 667833003, "side": "buy", "size": "0.38249797", "price": "3167.13000000", "time": "2025-07-16T07:46:21.173167Z", "fetched_at": "2025-07-16T07:46:31.092622+00:00", "symbol": "ETH-USD"}, {"trade_id": 667833002, "side": "buy", "size": "1.20000000", "price": "3167.14000000", "time": "2025-07-16T07:46:21.173167Z", "fetched_at": "2025-07-16T07:46:31.092622+00:00", "symbol": "ETH-USD"}, {"trade_id": 667833001, "side": "buy", "size": "0.33305849", "price": "3167.15000000", "time": "2025-07-16T07:46:21.173167Z", "fetched_at": "2025-07-16T07:46:31.092622+00:00", "symbol": "ETH-USD"}, {"trade_id": 667833000, "side": "buy", "size": "0.13964083", "price": "3167.18000000", "time": "2025-07-16T07:46:21.173167Z", "fetched_at": "2025-07-16T07:46:31.092622+00:00", "symbol": "ETH-USD"}, {"trade_id": 667832999, "side": "buy", "size": "0.80535917", "price": "3167.18000000", "time": "2025-07-16T07:46:21.172382Z", "fetched_at": "2025-07-16T07:46:31.092622+00:00", "symbol": "ETH-USD"}, {"trade_id": 667832998, "side": "buy", "size": "0.71745271", "price": "3167.28000000", "time": "2025-07-16T07:46:21.172382Z", "fetched_at": "2025-07-16T07:46:31.092622+00:00", "symbol": "ETH-USD"}, {"trade_id": 667832997, "side": "buy", "size": "0.84075468", "price": "3167.28000000", "time": "2025-07-16T07:46:21.172280Z", "fetched_at": "2025-07-16T07:46:31.092622+00:00", "symbol": "ETH-USD"}, {"trade_id": 667832996, "side": "buy", "size": "3.57756157", "price": "3167.28000000", "time": "2025-07-16T07:46:21.171650Z", "fetched_at": "2025-07-16T07:46:31.092622+00:00", "symbol": "ETH-USD"}, {"trade_id": 667832995, "side": "buy", "size": "1.17847851", "price": "3167.28000000", "time": "2025-07-16T07:46:21.171492Z", "fetched_at": "2025-07-16T07:46:31.092622+00:00", "symbol": "ETH-USD"}, {"trade_id": 667832994, "side": "buy", "size": "0.00031636", "price": "3167.28000000", "time": "2025-07-16T07:46:21.171492Z", "fetched_at": "2025-07-16T07:46:31.092622+00:00", "symbol": "ETH-USD"}, {"trade_id": 667832993, "side": "buy", "size": "0.16885783", "price": "3167.28000000", "time": "2025-07-16T07:46:21.171492Z", "fetched_at": "2025-07-16T07:46:31.092622+00:00", "symbol": "ETH-USD"}, {"trade_id": 667832992, "side": "buy", "size": "0.70865941", "price": "3167.28000000", "time": "2025-07-16T07:46:21.171159Z", "fetched_at": "2025-07-16T07:46:31.092622+00:00", "symbol": "ETH-USD"}, {"trade_id": 667832991, "side": "buy", "size": "0.10000000", "price": "3167.34000000", "time": "2025-07-16T07:46:21.171159Z", "fetched_at": "2025-07-16T07:46:31.092622+00:00", "symbol": "ETH-USD"}, {"trade_id": 667832990, "side": "buy", "size": "0.00085007", "price": "3167.35000000", "time": "2025-07-16T07:46:21.171159Z", "fetched_at": "2025-07-16T07:46:31.092622+00:00", "symbol": "ETH-USD"}, {"trade_id": 667832989, "side": "buy", "size": "0.04124062", "price": "3167.75000000", "time": "2025-07-16T07:46:21.170Z", "fetched_at": "2025-07-16T07:46:31.092622+00:00", "symbol": "ETH-USD"}, {"trade_id": 667832988, "side": "buy", "size": "0.04056191", "price": "3167.75000000", "time": "2025-07-16T07:46:21.170Z", "fetched_at": "2025-07-16T07:46:31.092622+00:00", "symbol": "ETH-USD"}, {"trade_id": 667832987, "side": "buy", "size": "0.55760001", "price": "3167.75000000", "time": "2025-07-16T07:46:21.170Z", "fetched_at": "2025-07-16T07:46:31.092622+00:00", "symbol": "ETH-USD"}, {"trade_id": 667832986, "side": "sell", "size": "0.00002314", "price": "3167.76000000", "time": "2025-07-16T07:46:20.082278Z", "fetched_at": "2025-07-16T07:46:31.092622+00:00", "symbol": "ETH-USD"}, {"trade_id": 667832985, "side": "sell", "size": "0.00016766", "price": "3167.76000000", "time": "2025-07-16T07:46:20.082278Z", "fetched_at": "2025-07-16T07:46:31.092622+00:00", "symbol": "ETH-USD"}, {"trade_id": 667832984, "side": "sell", "size": "0.00010336", "price": "3167.76000000", "time": "2025-07-16T07:46:20.082278Z", "fetched_at": "2025-07-16T07:46:31.092622+00:00", "symbol": "ETH-USD"}, {"trade_id": 667832983, "side": "sell", "size": "0.00100000", "price": "3167.76000000", "time": "2025-07-16T07:46:20.082278Z", "fetched_at": "2025-07-16T07:46:31.092622+00:00", "symbol": "ETH-USD"}, {"trade_id": 667832982, "side": "sell", "size": "0.00024001", "price": "3167.53000000", "time": "2025-07-16T07:46:18.460474Z", "fetched_at": "2025-07-16T07:46:31.092622+00:00", "symbol": "ETH-USD"}, {"trade_id": 667832981, "side": "sell", "size": "0.00005589", "price": "3167.53000000", "time": "2025-07-16T07:46:18.460474Z", "fetched_at": "2025-07-16T07:46:31.092622+00:00", "symbol": "ETH-USD"}, {"trade_id": 667832980, "side": "sell", "size": "0.00062098", "price": "3167.52000000", "time": "2025-07-16T07:46:18.460474Z", "fetched_at": "2025-07-16T07:46:31.092622+00:00", "symbol": "ETH-USD"}, {"trade_id": 667832979, "side": "sell", "size": "0.00100000", "price": "3167.52000000", "time": "2025-07-16T07:46:18.460474Z", "fetched_at": "2025-07-16T07:46:31.092622+00:00", "symbol": "ETH-USD"}, {"trade_id": 667832978, "side": "buy", "size": "0.17886409", "price": "3167.07000000", "time": "2025-07-16T07:46:18.391512Z", "fetched_at": "2025-07-16T07:46:31.092622+00:00", "symbol": "ETH-USD"}, {"trade_id": 667832977, "side": "buy", "size": "0.58351995", "price": "3167.07000000", "time": "2025-07-16T07:46:18.391512Z", "fetched_at": "2025-07-16T07:46:31.092622+00:00", "symbol": "ETH-USD"}, {"trade_id": 667832976, "side": "buy", "size": "0.78936359", "price": "3167.10000000", "time": "2025-07-16T07:46:18.391512Z", "fetched_at": "2025-07-16T07:46:31.092622+00:00", "symbol": "ETH-USD"}, {"trade_id": 667832975, "side": "buy", "size": "0.15785066", "price": "3167.10000000", "time": "2025-07-16T07:46:18.391512Z", "fetched_at": "2025-07-16T07:46:31.092622+00:00", "symbol": "ETH-USD"}, {"trade_id": 667832974, "side": "buy", "size": "1.10705566", "price": "3167.11000000", "time": "2025-07-16T07:46:18.391512Z", "fetched_at": "2025-07-16T07:46:31.092622+00:00", "symbol": "ETH-USD"}, {"trade_id": 667832973, "side": "buy", "size": "0.00083284", "price": "3167.12000000", "time": "2025-07-16T07:46:18.391512Z", "fetched_at": "2025-07-16T07:46:31.092622+00:00", "symbol": "ETH-USD"}, {"trade_id": 667832972, "side": "buy", "size": "0.12169155", "price": "3167.27000000", "time": "2025-07-16T07:46:18.391512Z", "fetched_at": "2025-07-16T07:46:31.092622+00:00", "symbol": "ETH-USD"}, {"trade_id": 667832971, "side": "buy", "size": "0.10000000", "price": "3167.28000000", "time": "2025-07-16T07:46:18.391512Z", "fetched_at": "2025-07-16T07:46:31.092622+00:00", "symbol": "ETH-USD"}, {"trade_id": 667832970, "side": "buy", "size": "0.94500000", "price": "3167.36000000", "time": "2025-07-16T07:46:18.391512Z", "fetched_at": "2025-07-16T07:46:31.092622+00:00", "symbol": "ETH-USD"}, {"trade_id": 667832969, "side": "buy", "size": "0.15785549", "price": "3167.45000000", "time": "2025-07-16T07:46:18.391512Z", "fetched_at": "2025-07-16T07:46:31.092622+00:00", "symbol": "ETH-USD"}, {"trade_id": 667832968, "side": "buy", "size": "0.78676001", "price": "3167.51000000", "time": "2025-07-16T07:46:18.391512Z", "fetched_at": "2025-07-16T07:46:31.092622+00:00", "symbol": "ETH-USD"}, {"trade_id": 667832967, "side": "buy", "size": "0.52964000", "price": "3167.51000000", "time": "2025-07-16T07:46:18.391512Z", "fetched_at": "2025-07-16T07:46:31.092622+00:00", "symbol": "ETH-USD"}, {"trade_id": 667832966, "side": "buy", "size": "0.05489980", "price": "3167.51000000", "time": "2025-07-16T07:46:18.391512Z", "fetched_at": "2025-07-16T07:46:31.092622+00:00", "symbol": "ETH-USD"}, {"trade_id": 667832965, "side": "buy", "size": "0.11986000", "price": "3167.51000000", "time": "2025-07-16T07:46:18.391512Z", "fetched_at": "2025-07-16T07:46:31.092622+00:00", "symbol": "ETH-USD"}, {"trade_id": 667832964, "side": "sell", "size": "0.00154645", "price": "3167.28000000", "time": "2025-07-16T07:46:18.291164Z", "fetched_at": "2025-07-16T07:46:31.092622+00:00", "symbol": "ETH-USD"}, {"trade_id": 667832963, "side": "sell", "size": "0.02290815", "price": "3167.28000000", "time": "2025-07-16T07:46:17.855981Z", "fetched_at": "2025-07-16T07:46:31.092622+00:00", "symbol": "ETH-USD"}, {"trade_id": 667832962, "side": "sell", "size": "0.00155564", "price": "3167.28000000", "time": "2025-07-16T07:46:17.855981Z", "fetched_at": "2025-07-16T07:46:31.092622+00:00", "symbol": "ETH-USD"}, {"trade_id": 667832961, "side": "sell", "size": "0.00100000", "price": "3167.28000000", "time": "2025-07-16T07:46:17.855981Z", "fetched_at": "2025-07-16T07:46:31.092622+00:00", "symbol": "ETH-USD"}, {"trade_id": 667832960, "side": "sell", "size": "0.30000000", "price": "3167.10000000", "time": "2025-07-16T07:46:17.489639Z", "fetched_at": "2025-07-16T07:46:31.092622+00:00", "symbol": "ETH-USD"}, {"trade_id": 667832959, "side": "sell", "size": "0.00020670", "price": "3167.05000000", "time": "2025-07-16T07:46:17.485215Z", "fetched_at": "2025-07-16T07:46:31.092622+00:00", "symbol": "ETH-USD"}, {"trade_id": 667832958, "side": "sell", "size": "0.00100000", "price": "3167.04000000", "time": "2025-07-16T07:46:17.485215Z", "fetched_at": "2025-07-16T07:46:31.092622+00:00", "symbol": "ETH-USD"}, {"trade_id": 667832957, "side": "sell", "size": "0.30000000", "price": "3167.00000000", "time": "2025-07-16T07:46:17.485215Z", "fetched_at": "2025-07-16T07:46:31.092622+00:00", "symbol": "ETH-USD"}, {"trade_id": 667832956, "side": "sell", "size": "0.04542524", "price": "3166.99000000", "time": "2025-07-16T07:46:17.485215Z", "fetched_at": "2025-07-16T07:46:31.092622+00:00", "symbol": "ETH-USD"}, {"trade_id": 667832955, "side": "sell", "size": "0.00155564", "price": "3166.98000000", "time": "2025-07-16T07:46:17.485215Z", "fetched_at": "2025-07-16T07:46:31.092622+00:00", "symbol": "ETH-USD"}, {"trade_id": 667832954, "side": "buy", "size": "0.72148001", "price": "3166.98000000", "time": "2025-07-16T07:46:16.892947Z", "fetched_at": "2025-07-16T07:46:31.092622+00:00", "symbol": "ETH-USD"}, {"trade_id": 667832953, "side": "sell", "size": "0.07814251", "price": "3166.59000000", "time": "2025-07-16T07:46:15.201670Z", "fetched_at": "2025-07-16T07:46:31.092622+00:00", "symbol": "ETH-USD"}, {"trade_id": 667832952, "side": "buy", "size": "0.10000000", "price": "3166.98000000", "time": "2025-07-16T07:46:14.829021Z", "fetched_at": "2025-07-16T07:46:31.092622+00:00", "symbol": "ETH-USD"}, {"trade_id": 667832951, "side": "buy", "size": "0.08709442", "price": "3166.98000000", "time": "2025-07-16T07:46:14.829021Z", "fetched_at": "2025-07-16T07:46:31.092622+00:00", "symbol": "ETH-USD"}, {"trade_id": 667832950, "side": "sell", "size": "0.30000000", "price": "3166.50000000", "time": "2025-07-16T07:46:13.634895Z", "fetched_at": "2025-07-16T07:46:31.092622+00:00", "symbol": "ETH-USD"}, {"trade_id": 667832949, "side": "sell", "size": "0.30000000", "price": "3166.40000000", "time": "2025-07-16T07:46:13.628390Z", "fetched_at": "2025-07-16T07:46:31.092622+00:00", "symbol": "ETH-USD"}, {"trade_id": 667832948, "side": "buy", "size": "0.00156800", "price": "3166.56000000", "time": "2025-07-16T07:46:10.800664Z", "fetched_at": "2025-07-16T07:46:31.092622+00:00", "symbol": "ETH-USD"}, {"trade_id": 667832947, "side": "buy", "size": "0.00100000", "price": "3166.56000000", "time": "2025-07-16T07:46:10.800664Z", "fetched_at": "2025-07-16T07:46:31.092622+00:00", "symbol": "ETH-USD"}, {"trade_id": 667832946, "side": "buy", "size": "0.00156212", "price": "3166.80000000", "time": "2025-07-16T07:46:10.632675Z", "fetched_at": "2025-07-16T07:46:31.092622+00:00", "symbol": "ETH-USD"}, {"trade_id": 667832945, "side": "buy", "size": "0.00100000", "price": "3166.80000000", "time": "2025-07-16T07:46:10.632675Z", "fetched_at": "2025-07-16T07:46:31.092622+00:00", "symbol": "ETH-USD"}, {"trade_id": 667832944, "side": "buy", "size": "0.32015163", "price": "3166.86000000", "time": "2025-07-16T07:46:10.608128Z", "fetched_at": "2025-07-16T07:46:31.092622+00:00", "symbol": "ETH-USD"}, {"trade_id": 667832943, "side": "buy", "size": "0.00157386", "price": "3167.04000000", "time": "2025-07-16T07:46:10.608128Z", "fetched_at": "2025-07-16T07:46:31.092622+00:00", "symbol": "ETH-USD"}, {"trade_id": 667832942, "side": "buy", "size": "0.00100000", "price": "3167.04000000", "time": "2025-07-16T07:46:10.608128Z", "fetched_at": "2025-07-16T07:46:31.092622+00:00", "symbol": "ETH-USD"}, {"trade_id": 667832941, "side": "buy", "size": "0.00157374", "price": "3167.28000000", "time": "2025-07-16T07:46:10.407065Z", "fetched_at": "2025-07-16T07:46:31.092622+00:00", "symbol": "ETH-USD"}, {"trade_id": 667832940, "side": "buy", "size": "0.00001262", "price": "3167.28000000", "time": "2025-07-16T07:46:10.407065Z", "fetched_at": "2025-07-16T07:46:31.092622+00:00", "symbol": "ETH-USD"}, {"trade_id": 667832939, "side": "buy", "size": "0.00100000", "price": "3167.28000000", "time": "2025-07-16T07:46:10.407065Z", "fetched_at": "2025-07-16T07:46:31.092622+00:00", "symbol": "ETH-USD"}, {"trade_id": 667832938, "side": "sell", "size": "0.00981958", "price": "3167.42000000", "time": "2025-07-16T07:46:10.387034Z", "fetched_at": "2025-07-16T07:46:31.092622+00:00", "symbol": "ETH-USD"}, {"trade_id": 667832937, "side": "buy", "size": "0.50000000", "price": "3167.48000000", "time": "2025-07-16T07:46:09.337097Z", "fetched_at": "2025-07-16T07:46:31.092622+00:00", "symbol": "ETH-USD"}, {"trade_id": 667832936, "side": "buy", "size": "0.00160175", "price": "3167.52000000", "time": "2025-07-16T07:46:09.312056Z", "fetched_at": "2025-07-16T07:46:31.092622+00:00", "symbol": "ETH-USD"}, {"trade_id": 667832935, "side": "buy", "size": "0.00100000", "price": "3167.52000000", "time": "2025-07-16T07:46:09.301714Z", "fetched_at": "2025-07-16T07:46:31.092622+00:00", "symbol": "ETH-USD"}, {"trade_id": 667832934, "side": "buy", "size": "0.02825682", "price": "3167.73000000", "time": "2025-07-16T07:46:09.289756Z", "fetched_at": "2025-07-16T07:46:31.092622+00:00", "symbol": "ETH-USD"}, {"trade_id": 667832933, "side": "buy", "size": "0.09374537", "price": "3167.73000000", "time": "2025-07-16T07:46:08.630634Z", "fetched_at": "2025-07-16T07:46:31.092622+00:00", "symbol": "ETH-USD"}, {"trade_id": 667832932, "side": "buy", "size": "0.00095967", "price": "3167.73000000", "time": "2025-07-16T07:46:08.630634Z", "fetched_at": "2025-07-16T07:46:31.092622+00:00", "symbol": "ETH-USD"}, {"trade_id": 667832931, "side": "sell", "size": "0.04192398", "price": "3167.94000000", "time": "2025-07-16T07:46:07.421652Z", "fetched_at": "2025-07-16T07:46:31.092622+00:00", "symbol": "ETH-USD"}, {"trade_id": 667832930, "side": "sell", "size": "0.00315683", "price": "3167.93000000", "time": "2025-07-16T07:46:07.421652Z", "fetched_at": "2025-07-16T07:46:31.092622+00:00", "symbol": "ETH-USD"}, {"trade_id": 667832929, "side": "sell", "size": "0.00315624", "price": "3167.79000000", "time": "2025-07-16T07:46:07.204264Z", "fetched_at": "2025-07-16T07:46:31.092622+00:00", "symbol": "ETH-USD"}, {"trade_id": 667832928, "side": "buy", "size": "0.00138904", "price": "3167.73000000", "time": "2025-07-16T07:46:05.821764Z", "fetched_at": "2025-07-16T07:46:31.092622+00:00", "symbol": "ETH-USD"}, {"trade_id": 667832927, "side": "sell", "size": "0.09633775", "price": "3167.74000000", "time": "2025-07-16T07:46:05.820812Z", "fetched_at": "2025-07-16T07:46:31.092622+00:00", "symbol": "ETH-USD"}, {"trade_id": 667832926, "side": "sell", "size": "0.52964000", "price": "3167.74000000", "time": "2025-07-16T07:46:05.820812Z", "fetched_at": "2025-07-16T07:46:31.092622+00:00", "symbol": "ETH-USD"}, {"trade_id": 667832925, "side": "sell", "size": "0.11212000", "price": "3167.74000000", "time": "2025-07-16T07:46:05.820812Z", "fetched_at": "2025-07-16T07:46:31.092622+00:00", "symbol": "ETH-USD"}, {"trade_id": 667832924, "side": "buy", "size": "0.14007687", "price": "3167.73000000", "time": "2025-07-16T07:46:05.810247Z", "fetched_at": "2025-07-16T07:46:31.092622+00:00", "symbol": "ETH-USD"}, {"trade_id": 667832923, "side": "buy", "size": "0.00238904", "price": "3167.74000000", "time": "2025-07-16T07:46:05.810247Z", "fetched_at": "2025-07-16T07:46:31.092622+00:00", "symbol": "ETH-USD"}, {"trade_id": 667832922, "side": "buy", "size": "4.11946000", "price": "3167.74000000", "time": "2025-07-16T07:46:05.810247Z", "fetched_at": "2025-07-16T07:46:31.092622+00:00", "symbol": "ETH-USD"}, {"trade_id": 667832921, "side": "buy", "size": "0.18962345", "price": "3167.87000000", "time": "2025-07-16T07:46:05.775391Z", "fetched_at": "2025-07-16T07:46:31.092622+00:00", "symbol": "ETH-USD"}, {"trade_id": 667832920, "side": "buy", "size": "0.13421417", "price": "3167.88000000", "time": "2025-07-16T07:46:05.775391Z", "fetched_at": "2025-07-16T07:46:31.092622+00:00", "symbol": "ETH-USD"}, {"trade_id": 667832919, "side": "buy", "size": "0.00000315", "price": "3168.02000000", "time": "2025-07-16T07:46:05.775391Z", "fetched_at": "2025-07-16T07:46:31.092622+00:00", "symbol": "ETH-USD"}, {"trade_id": 667832918, "side": "buy", "size": "0.00245961", "price": "3168.15000000", "time": "2025-07-16T07:46:05.615953Z", "fetched_at": "2025-07-16T07:46:31.092622+00:00", "symbol": "ETH-USD"}, {"trade_id": 667832917, "side": "buy", "size": "0.00245961", "price": "3168.15000000", "time": "2025-07-16T07:46:05.605020Z", "fetched_at": "2025-07-16T07:46:31.092622+00:00", "symbol": "ETH-USD"}, {"trade_id": 667832916, "side": "buy", "size": "0.00256471", "price": "3168.28000000", "time": "2025-07-16T07:46:04.596432Z", "fetched_at": "2025-07-16T07:46:31.092622+00:00", "symbol": "ETH-USD"}, {"trade_id": 667832915, "side": "buy", "size": "0.00256466", "price": "3168.34000000", "time": "2025-07-16T07:46:04.574844Z", "fetched_at": "2025-07-16T07:46:31.092622+00:00", "symbol": "ETH-USD"}, {"trade_id": 667832914, "side": "buy", "size": "0.00256466", "price": "3168.34000000", "time": "2025-07-16T07:46:04.564381Z", "fetched_at": "2025-07-16T07:46:31.092622+00:00", "symbol": "ETH-USD"}, {"trade_id": 667832913, "side": "sell", "size": "0.05577770", "price": "3168.55000000", "time": "2025-07-16T07:46:04.540875Z", "fetched_at": "2025-07-16T07:46:31.092622+00:00", "symbol": "ETH-USD"}, {"trade_id": 667832912, "side": "sell", "size": "0.00315622", "price": "3168.54000000", "time": "2025-07-16T07:46:04.540875Z", "fetched_at": "2025-07-16T07:46:31.092622+00:00", "symbol": "ETH-USD"}, {"trade_id": 667832911, "side": "sell", "size": "0.00016608", "price": "3168.35000000", "time": "2025-07-16T07:46:04.540875Z", "fetched_at": "2025-07-16T07:46:31.092622+00:00", "symbol": "ETH-USD"}, {"trade_id": 667832910, "side": "buy", "size": "0.00349586", "price": "3167.92000000", "time": "2025-07-16T07:46:04.245909Z", "fetched_at": "2025-07-16T07:46:31.092622+00:00", "symbol": "ETH-USD"}, {"trade_id": 667832909, "side": "buy", "size": "0.00002527", "price": "3168.00000000", "time": "2025-07-16T07:46:04.245909Z", "fetched_at": "2025-07-16T07:46:31.092622+00:00", "symbol": "ETH-USD"}, {"trade_id": 667832908, "side": "buy", "size": "0.00263643", "price": "3168.34000000", "time": "2025-07-16T07:46:04.245909Z", "fetched_at": "2025-07-16T07:46:31.092622+00:00", "symbol": "ETH-USD"}, {"trade_id": 667832907, "side": "buy", "size": "0.00000631", "price": "3168.34000000", "time": "2025-07-16T07:46:04.245909Z", "fetched_at": "2025-07-16T07:46:31.092622+00:00", "symbol": "ETH-USD"}, {"trade_id": 667832906, "side": "buy", "size": "0.00085849", "price": "3168.34000000", "time": "2025-07-16T07:46:04.245909Z", "fetched_at": "2025-07-16T07:46:31.092622+00:00", "symbol": "ETH-USD"}, {"trade_id": 667832905, "side": "buy", "size": "0.00105417", "price": "3168.34000000", "time": "2025-07-16T07:46:04.245909Z", "fetched_at": "2025-07-16T07:46:31.092622+00:00", "symbol": "ETH-USD"}, {"trade_id": 667832904, "side": "buy", "size": "0.00210520", "price": "3168.34000000", "time": "2025-07-16T07:46:04.245909Z", "fetched_at": "2025-07-16T07:46:31.092622+00:00", "symbol": "ETH-USD"}, {"trade_id": 667832903, "side": "sell", "size": "0.03777324", "price": "3168.35000000", "time": "2025-07-16T07:46:03.303969Z", "fetched_at": "2025-07-16T07:46:31.092622+00:00", "symbol": "ETH-USD"}, {"trade_id": 667832902, "side": "buy", "size": "0.12193028", "price": "3168.45000000", "time": "2025-07-16T07:46:02.882193Z", "fetched_at": "2025-07-16T07:46:31.092622+00:00", "symbol": "ETH-USD"}, {"trade_id": 667832901, "side": "sell", "size": "0.00000315", "price": "3168.70000000", "time": "2025-07-16T07:46:02.103748Z", "fetched_at": "2025-07-16T07:46:31.092622+00:00", "symbol": "ETH-USD"}, {"trade_id": 667832900, "side": "sell", "size": "0.00278329", "price": "3168.76000000", "time": "2025-07-16T07:46:02.080282Z", "fetched_at": "2025-07-16T07:46:31.092622+00:00", "symbol": "ETH-USD"}, {"trade_id": 667832899, "side": "sell", "size": "0.00315601", "price": "3168.75000000", "time": "2025-07-16T07:46:02.080282Z", "fetched_at": "2025-07-16T07:46:31.092622+00:00", "symbol": "ETH-USD"}, {"trade_id": 667832898, "side": "sell", "size": "0.00005589", "price": "3168.69000000", "time": "2025-07-16T07:46:02.080282Z", "fetched_at": "2025-07-16T07:46:31.092622+00:00", "symbol": "ETH-USD"}, {"trade_id": 667832897, "side": "sell", "size": "0.00024001", "price": "3168.69000000", "time": "2025-07-16T07:46:02.080282Z", "fetched_at": "2025-07-16T07:46:31.092622+00:00", "symbol": "ETH-USD"}, {"trade_id": 667832896, "side": "sell", "size": "0.00089889", "price": "3168.35000000", "time": "2025-07-16T07:46:02.080282Z", "fetched_at": "2025-07-16T07:46:31.092622+00:00", "symbol": "ETH-USD"}, {"trade_id": 667832895, "side": "sell", "size": "0.00020669", "price": "3168.35000000", "time": "2025-07-16T07:46:02.080282Z", "fetched_at": "2025-07-16T07:46:31.092622+00:00", "symbol": "ETH-USD"}, {"trade_id": 667832894, "side": "sell", "size": "0.01246942", "price": "3168.35000000", "time": "2025-07-16T07:46:01.483493Z", "fetched_at": "2025-07-16T07:46:31.092622+00:00", "symbol": "ETH-USD"}, {"trade_id": 667832893, "side": "buy", "size": "0.12173276", "price": "3168.58000000", "time": "2025-07-16T07:46:00.381992Z", "fetched_at": "2025-07-16T07:46:31.092622+00:00", "symbol": "ETH-USD"}, {"trade_id": 667832892, "side": "buy", "size": "0.00026194", "price": "3168.58000000", "time": "2025-07-16T07:46:00.381992Z", "fetched_at": "2025-07-16T07:46:31.092622+00:00", "symbol": "ETH-USD"}, {"trade_id": 667832891, "side": "buy", "size": "0.00052704", "price": "3168.58000000", "time": "2025-07-16T07:46:00.381992Z", "fetched_at": "2025-07-16T07:46:31.092622+00:00", "symbol": "ETH-USD"}, {"trade_id": 667832890, "side": "sell", "size": "0.01768741", "price": "3168.60000000", "time": "2025-07-16T07:46:00.169341Z", "fetched_at": "2025-07-16T07:46:31.092622+00:00", "symbol": "ETH-USD"}, {"trade_id": 667832889, "side": "sell", "size": "0.00105845", "price": "3168.59000000", "time": "2025-07-16T07:46:00.169341Z", "fetched_at": "2025-07-16T07:46:31.092622+00:00", "symbol": "ETH-USD"}, {"trade_id": 667832888, "side": "sell", "size": "0.10476777", "price": "3168.69000000", "time": "2025-07-16T07:45:57.695990Z", "fetched_at": "2025-07-16T07:46:31.092622+00:00", "symbol": "ETH-USD"}, {"trade_id": 667832887, "side": "sell", "size": "0.00718644", "price": "3168.83000000", "time": "2025-07-16T07:45:54.167891Z", "fetched_at": "2025-07-16T07:46:31.092622+00:00", "symbol": "ETH-USD"}, {"trade_id": 667832886, "side": "sell", "size": "0.00005589", "price": "3168.35000000", "time": "2025-07-16T07:45:54.167891Z", "fetched_at": "2025-07-16T07:46:31.092622+00:00", "symbol": "ETH-USD"}, {"trade_id": 667832885, "side": "sell", "size": "0.00024001", "price": "3168.35000000", "time": "2025-07-16T07:45:54.167891Z", "fetched_at": "2025-07-16T07:46:31.092622+00:00", "symbol": "ETH-USD"}, {"trade_id": 667832884, "side": "buy", "size": "0.16220148", "price": "3168.59000000", "time": "2025-07-16T07:45:52.476410Z", "fetched_at": "2025-07-16T07:46:31.092622+00:00", "symbol": "ETH-USD"}, {"trade_id": 667832883, "side": "sell", "size": "0.03021101", "price": "3168.60000000", "time": "2025-07-16T07:45:52.356210Z", "fetched_at": "2025-07-16T07:46:31.092622+00:00", "symbol": "ETH-USD"}, {"trade_id": 667832882, "side": "buy", "size": "0.32903692", "price": "3169.13000000", "time": "2025-07-16T07:45:51.258443Z", "fetched_at": "2025-07-16T07:46:31.092622+00:00", "symbol": "ETH-USD"}, {"trade_id": 667832881, "side": "buy", "size": "0.30599735", "price": "3169.17000000", "time": "2025-07-16T07:45:51.258443Z", "fetched_at": "2025-07-16T07:46:31.092622+00:00", "symbol": "ETH-USD"}, {"trade_id": 667832880, "side": "buy", "size": "0.04054045", "price": "3169.18000000", "time": "2025-07-16T07:45:51.208942Z", "fetched_at": "2025-07-16T07:46:31.092622+00:00", "symbol": "ETH-USD"}, {"trade_id": 667832879, "side": "buy", "size": "0.27152765", "price": "3169.18000000", "time": "2025-07-16T07:45:51.208942Z", "fetched_at": "2025-07-16T07:46:31.092622+00:00", "symbol": "ETH-USD"}, {"trade_id": 667832878, "side": "sell", "size": "0.01533378", "price": "3169.35000000", "time": "2025-07-16T07:45:50.807902Z", "fetched_at": "2025-07-16T07:46:31.092622+00:00", "symbol": "ETH-USD"}, {"trade_id": 667832877, "side": "sell", "size": "0.09344072", "price": "3168.93000000", "time": "2025-07-16T07:45:49.774383Z", "fetched_at": "2025-07-16T07:46:31.092622+00:00", "symbol": "ETH-USD"}, {"trade_id": 667832876, "side": "sell", "size": "0.00005771", "price": "3168.55000000", "time": "2025-07-16T07:45:49.774383Z", "fetched_at": "2025-07-16T07:46:31.092622+00:00", "symbol": "ETH-USD"}, {"trade_id": 667832875, "side": "sell", "size": "0.00024743", "price": "3168.55000000", "time": "2025-07-16T07:45:49.774383Z", "fetched_at": "2025-07-16T07:46:31.092622+00:00", "symbol": "ETH-USD"}, {"trade_id": 667832874, "side": "buy", "size": "0.00009467", "price": "3168.54000000", "time": "2025-07-16T07:45:49.099553Z", "fetched_at": "2025-07-16T07:46:31.092622+00:00", "symbol": "ETH-USD"}, {"trade_id": 667832873, "side": "sell", "size": "0.64509975", "price": "3168.67000000", "time": "2025-07-16T07:45:45.635901Z", "fetched_at": "2025-07-16T07:46:31.092622+00:00", "symbol": "ETH-USD"}, {"trade_id": 667832872, "side": "sell", "size": "0.78898868", "price": "3168.62000000", "time": "2025-07-16T07:45:45.635901Z", "fetched_at": "2025-07-16T07:46:31.092622+00:00", "symbol": "ETH-USD"}, {"trade_id": 667832871, "side": "sell", "size": "0.10000000", "price": "3168.61000000", "time": "2025-07-16T07:45:45.635901Z", "fetched_at": "2025-07-16T07:46:31.092622+00:00", "symbol": "ETH-USD"}, {"trade_id": 667832870, "side": "sell", "size": "0.15780478", "price": "3168.48000000", "time": "2025-07-16T07:45:45.635901Z", "fetched_at": "2025-07-16T07:46:31.092622+00:00", "symbol": "ETH-USD"}, {"trade_id": 667832869, "side": "buy", "size": "0.00171860", "price": "3168.45000000", "time": "2025-07-16T07:45:45.360542Z", "fetched_at": "2025-07-16T07:46:31.092622+00:00", "symbol": "ETH-USD"}, {"trade_id": 667832868, "side": "buy", "size": "0.00142499", "price": "3168.46000000", "time": "2025-07-16T07:45:45.360542Z", "fetched_at": "2025-07-16T07:46:31.092622+00:00", "symbol": "ETH-USD"}, {"trade_id": 667832867, "side": "buy", "size": "0.00000315", "price": "3168.69000000", "time": "2025-07-16T07:45:44.161948Z", "fetched_at": "2025-07-16T07:46:31.092622+00:00", "symbol": "ETH-USD"}, {"trade_id": 667832866, "side": "buy", "size": "0.00080148", "price": "3168.70000000", "time": "2025-07-16T07:45:44.161948Z", "fetched_at": "2025-07-16T07:46:31.092622+00:00", "symbol": "ETH-USD"}, {"trade_id": 667832865, "side": "buy", "size": "0.93630852", "price": "3168.70000000", "time": "2025-07-16T07:45:44.161948Z", "fetched_at": "2025-07-16T07:46:31.092622+00:00", "symbol": "ETH-USD"}, {"trade_id": 667832864, "side": "sell", "size": "0.00302396", "price": "3168.70000000", "time": "2025-07-16T07:45:42.973797Z", "fetched_at": "2025-07-16T07:46:31.092622+00:00", "symbol": "ETH-USD"}, {"trade_id": 667832863, "side": "sell", "size": "0.00023262", "price": "3168.70000000", "time": "2025-07-16T07:45:42.973797Z", "fetched_at": "2025-07-16T07:46:31.092622+00:00", "symbol": "ETH-USD"}, {"trade_id": 667832862, "side": "sell", "size": "0.00005407", "price": "3168.70000000", "time": "2025-07-16T07:45:42.973797Z", "fetched_at": "2025-07-16T07:46:31.092622+00:00", "symbol": "ETH-USD"}, {"trade_id": 667832861, "side": "sell", "size": "0.00004062", "price": "3168.70000000", "time": "2025-07-16T07:45:42.973797Z", "fetched_at": "2025-07-16T07:46:31.092622+00:00", "symbol": "ETH-USD"}, {"trade_id": 667832860, "side": "sell", "size": "0.04687748", "price": "3168.70000000", "time": "2025-07-16T07:45:42.934365Z", "fetched_at": "2025-07-16T07:46:31.092622+00:00", "symbol": "ETH-USD"}, {"trade_id": 667832859, "side": "sell", "size": "0.05803541", "price": "3168.81000000", "time": "2025-07-16T07:45:42.381230Z", "fetched_at": "2025-07-16T07:46:31.092622+00:00", "symbol": "ETH-USD"}, {"trade_id": 667832858, "side": "sell", "size": "0.00261300", "price": "3168.70000000", "time": "2025-07-16T07:45:42.381230Z", "fetched_at": "2025-07-16T07:46:31.092622+00:00", "symbol": "ETH-USD"}, {"trade_id": 667832857, "side": "sell", "size": "0.00011178", "price": "3168.70000000", "time": "2025-07-16T07:45:42.381230Z", "fetched_at": "2025-07-16T07:46:31.092622+00:00", "symbol": "ETH-USD"}, {"trade_id": 667832856, "side": "sell", "size": "0.00010334", "price": "3168.70000000", "time": "2025-07-16T07:45:42.381230Z", "fetched_at": "2025-07-16T07:46:31.092622+00:00", "symbol": "ETH-USD"}, {"trade_id": 667832855, "side": "sell", "size": "0.00048009", "price": "3168.70000000", "time": "2025-07-16T07:45:42.381230Z", "fetched_at": "2025-07-16T07:46:31.092622+00:00", "symbol": "ETH-USD"}, {"trade_id": 667832854, "side": "sell", "size": "0.00159041", "price": "3168.70000000", "time": "2025-07-16T07:45:41.216903Z", "fetched_at": "2025-07-16T07:46:31.092622+00:00", "symbol": "ETH-USD"}, {"trade_id": 667832853, "side": "sell", "size": "0.00020670", "price": "3168.70000000", "time": "2025-07-16T07:45:41.216903Z", "fetched_at": "2025-07-16T07:46:31.092622+00:00", "symbol": "ETH-USD"}, {"trade_id": 667832852, "side": "sell", "size": "0.00011177", "price": "3168.70000000", "time": "2025-07-16T07:45:41.216903Z", "fetched_at": "2025-07-16T07:46:31.092622+00:00", "symbol": "ETH-USD"}, {"trade_id": 667832851, "side": "sell", "size": "0.00009112", "price": "3168.70000000", "time": "2025-07-16T07:45:41.216903Z", "fetched_at": "2025-07-16T07:46:31.092622+00:00", "symbol": "ETH-USD"}, {"trade_id": 667832850, "side": "sell", "size": "0.00038896", "price": "3168.70000000", "time": "2025-07-16T07:45:39.060720Z", "fetched_at": "2025-07-16T07:46:31.092622+00:00", "symbol": "ETH-USD"}, {"trade_id": 667832849, "side": "sell", "size": "0.00010335", "price": "3168.70000000", "time": "2025-07-16T07:45:39.060720Z", "fetched_at": "2025-07-16T07:46:31.092622+00:00", "symbol": "ETH-USD"}, {"trade_id": 667832848, "side": "buy", "size": "0.07306642", "price": "3168.14000000", "time": "2025-07-16T07:45:35.857946Z", "fetched_at": "2025-07-16T07:46:31.092622+00:00", "symbol": "ETH-USD"}, {"trade_id": 667832847, "side": "buy", "size": "0.08484473", "price": "3168.14000000", "time": "2025-07-16T07:45:35.857946Z", "fetched_at": "2025-07-16T07:46:31.092622+00:00", "symbol": "ETH-USD"}, {"trade_id": 667832846, "side": "buy", "size": "0.00146624", "price": "3168.15000000", "time": "2025-07-16T07:45:35.857946Z", "fetched_at": "2025-07-16T07:46:31.092622+00:00", "symbol": "ETH-USD"}, {"trade_id": 667832845, "side": "sell", "size": "0.03259510", "price": "3168.50000000", "time": "2025-07-16T07:45:32.610758Z", "fetched_at": "2025-07-16T07:46:31.092622+00:00", "symbol": "ETH-USD"}, {"trade_id": 667832844, "side": "sell", "size": "0.00309896", "price": "3168.50000000", "time": "2025-07-16T07:45:32.610758Z", "fetched_at": "2025-07-16T07:46:31.092622+00:00", "symbol": "ETH-USD"}, {"trade_id": 667832843, "side": "buy", "size": "0.03156664", "price": "3168.13000000", "time": "2025-07-16T07:45:32.232398Z", "fetched_at": "2025-07-16T07:46:31.092622+00:00", "symbol": "ETH-USD"}, {"trade_id": 667832842, "side": "buy", "size": "0.00047342", "price": "3168.37000000", "time": "2025-07-16T07:45:31.967015Z", "fetched_at": "2025-07-16T07:46:31.092622+00:00", "symbol": "ETH-USD"}, {"trade_id": 667832841, "side": "buy", "size": "0.00174519", "price": "3168.38000000", "time": "2025-07-16T07:45:31.967015Z", "fetched_at": "2025-07-16T07:46:31.092622+00:00", "symbol": "ETH-USD"}, {"trade_id": 667832840, "side": "buy", "size": "0.24330414", "price": "3168.38000000", "time": "2025-07-16T07:45:31.967015Z", "fetched_at": "2025-07-16T07:46:31.092622+00:00", "symbol": "ETH-USD"}, {"trade_id": 667832839, "side": "buy", "size": "0.09663649", "price": "3168.38000000", "time": "2025-07-16T07:45:31.967015Z", "fetched_at": "2025-07-16T07:46:31.092622+00:00", "symbol": "ETH-USD"}, {"trade_id": 667832838, "side": "sell", "size": "0.00311175", "price": "3168.52000000", "time": "2025-07-16T07:45:31.606132Z", "fetched_at": "2025-07-16T07:46:31.092622+00:00", "symbol": "ETH-USD"}, {"trade_id": 667832837, "side": "sell", "size": "0.00315617", "price": "3168.51000000", "time": "2025-07-16T07:45:31.606132Z", "fetched_at": "2025-07-16T07:46:31.092622+00:00", "symbol": "ETH-USD"}, {"trade_id": 667832836, "side": "buy", "size": "0.00608088", "price": "3168.58000000", "time": "2025-07-16T07:45:30.768960Z", "fetched_at": "2025-07-16T07:46:31.092622+00:00", "symbol": "ETH-USD"}, {"trade_id": 667832835, "side": "sell", "size": "0.78901799", "price": "3168.50000000", "time": "2025-07-16T07:45:30.218521Z", "fetched_at": "2025-07-16T07:46:31.092622+00:00", "symbol": "ETH-USD"}, {"trade_id": 667832834, "side": "sell", "size": "0.10000000", "price": "3168.49000000", "time": "2025-07-16T07:45:30.218521Z", "fetched_at": "2025-07-16T07:46:31.092622+00:00", "symbol": "ETH-USD"}, {"trade_id": 667832833, "side": "sell", "size": "0.00252593", "price": "3168.48000000", "time": "2025-07-16T07:45:30.218521Z", "fetched_at": "2025-07-16T07:46:31.092622+00:00", "symbol": "ETH-USD"}, {"trade_id": 667832832, "side": "sell", "size": "0.03781000", "price": "3168.39000000", "time": "2025-07-16T07:45:30.218521Z", "fetched_at": "2025-07-16T07:46:31.092622+00:00", "symbol": "ETH-USD"}, {"trade_id": 667832831, "side": "sell", "size": "0.00465446", "price": "3168.70000000", "time": "2025-07-16T07:45:29.175664Z", "fetched_at": "2025-07-16T07:46:31.092622+00:00", "symbol": "ETH-USD"}, {"trade_id": 667832830, "side": "sell", "size": "0.00315617", "price": "3168.69000000", "time": "2025-07-16T07:45:29.175664Z", "fetched_at": "2025-07-16T07:46:31.092622+00:00", "symbol": "ETH-USD"}, {"trade_id": 667832829, "side": "buy", "size": "0.02077102", "price": "3168.39000000", "time": "2025-07-16T07:45:28.979739Z", "fetched_at": "2025-07-16T07:46:31.092622+00:00", "symbol": "ETH-USD"}, {"trade_id": 667832828, "side": "buy", "size": "0.10451137", "price": "3168.39000000", "time": "2025-07-16T07:45:28.979739Z", "fetched_at": "2025-07-16T07:46:31.092622+00:00", "symbol": "ETH-USD"}, {"trade_id": 667832827, "side": "buy", "size": "0.00219779", "price": "3168.40000000", "time": "2025-07-16T07:45:28.979739Z", "fetched_at": "2025-07-16T07:46:31.092622+00:00", "symbol": "ETH-USD"}, {"trade_id": 667832826, "side": "sell", "size": "0.07724164", "price": "3168.71000000", "time": "2025-07-16T07:45:28.885891Z", "fetched_at": "2025-07-16T07:46:31.092622+00:00", "symbol": "ETH-USD"}, {"trade_id": 667832825, "side": "sell", "size": "0.00263911", "price": "3168.70000000", "time": "2025-07-16T07:45:28.885891Z", "fetched_at": "2025-07-16T07:46:31.092622+00:00", "symbol": "ETH-USD"}, {"trade_id": 667832824, "side": "sell", "size": "0.00307104", "price": "3168.71000000", "time": "2025-07-16T07:45:28.435326Z", "fetched_at": "2025-07-16T07:46:31.092622+00:00", "symbol": "ETH-USD"}, {"trade_id": 667832823, "side": "sell", "size": "0.00266250", "price": "3168.70000000", "time": "2025-07-16T07:45:28.435326Z", "fetched_at": "2025-07-16T07:46:31.092622+00:00", "symbol": "ETH-USD"}, {"trade_id": 667832822, "side": "sell", "size": "0.00024002", "price": "3168.39000000", "time": "2025-07-16T07:45:28.435326Z", "fetched_at": "2025-07-16T07:46:31.092622+00:00", "symbol": "ETH-USD"}, {"trade_id": 667832821, "side": "sell", "size": "0.00005590", "price": "3168.39000000", "time": "2025-07-16T07:45:28.435326Z", "fetched_at": "2025-07-16T07:46:31.092622+00:00", "symbol": "ETH-USD"}, {"trade_id": 667832820, "side": "sell", "size": "0.00010336", "price": "3168.39000000", "time": "2025-07-16T07:45:28.435326Z", "fetched_at": "2025-07-16T07:46:31.092622+00:00", "symbol": "ETH-USD"}, {"trade_id": 667832819, "side": "buy", "size": "0.04743308", "price": "3168.38000000", "time": "2025-07-16T07:45:27.995731Z", "fetched_at": "2025-07-16T07:46:31.092622+00:00", "symbol": "ETH-USD"}, {"trade_id": 667832818, "side": "buy", "size": "0.00003246", "price": "3168.38000000", "time": "2025-07-16T07:45:26.843211Z", "fetched_at": "2025-07-16T07:46:31.092622+00:00", "symbol": "ETH-USD"}, {"trade_id": 667832817, "side": "sell", "size": "0.05461790", "price": "3168.59000000", "time": "2025-07-16T07:45:26.157872Z", "fetched_at": "2025-07-16T07:46:31.092622+00:00", "symbol": "ETH-USD"}, {"trade_id": 667832816, "side": "sell", "size": "0.10000000", "price": "3168.58000000", "time": "2025-07-16T07:45:26.157872Z", "fetched_at": "2025-07-16T07:46:31.092622+00:00", "symbol": "ETH-USD"}, {"trade_id": 667832815, "side": "sell", "size": "0.15780567", "price": "3168.46000000", "time": "2025-07-16T07:45:26.157872Z", "fetched_at": "2025-07-16T07:46:31.092622+00:00", "symbol": "ETH-USD"}, {"trade_id": 667832814, "side": "sell", "size": "0.00036870", "price": "3168.45000000", "time": "2025-07-16T07:45:25.609848Z", "fetched_at": "2025-07-16T07:46:31.092622+00:00", "symbol": "ETH-USD"}, {"trade_id": 667832813, "side": "sell", "size": "0.03894898", "price": "3168.45000000", "time": "2025-07-16T07:45:25.476097Z", "fetched_at": "2025-07-16T07:46:31.092622+00:00", "symbol": "ETH-USD"}, {"trade_id": 667832812, "side": "sell", "size": "0.00295553", "price": "3168.39000000", "time": "2025-07-16T07:45:25.476097Z", "fetched_at": "2025-07-16T07:46:31.092622+00:00", "symbol": "ETH-USD"}, {"trade_id": 667832811, "side": "sell", "size": "0.01310512", "price": "3168.45000000", "time": "2025-07-16T07:45:25.254535Z", "fetched_at": "2025-07-16T07:46:31.092622+00:00", "symbol": "ETH-USD"}, {"trade_id": 667832810, "side": "sell", "size": "0.00299488", "price": "3168.39000000", "time": "2025-07-16T07:45:25.254535Z", "fetched_at": "2025-07-16T07:46:31.092622+00:00", "symbol": "ETH-USD"}, {"trade_id": 667832809, "side": "buy", "size": "0.00286897", "price": "3168.38000000", "time": "2025-07-16T07:45:25.008347Z", "fetched_at": "2025-07-16T07:46:31.092622+00:00", "symbol": "ETH-USD"}, {"trade_id": 667832808, "side": "sell", "size": "0.00148406", "price": "3168.84000000", "time": "2025-07-16T07:45:23.712060Z", "fetched_at": "2025-07-16T07:46:31.092622+00:00", "symbol": "ETH-USD"}, {"trade_id": 667832807, "side": "sell", "size": "0.05000000", "price": "3168.75000000", "time": "2025-07-16T07:45:23.459950Z", "fetched_at": "2025-07-16T07:46:31.092622+00:00", "symbol": "ETH-USD"}, {"trade_id": 667832806, "side": "sell", "size": "0.00451137", "price": "3169.04000000", "time": "2025-07-16T07:45:23.170145Z", "fetched_at": "2025-07-16T07:46:31.092622+00:00", "symbol": "ETH-USD"}, {"trade_id": 667832805, "side": "sell", "size": "0.00315539", "price": "3169.03000000", "time": "2025-07-16T07:45:23.170145Z", "fetched_at": "2025-07-16T07:46:31.092622+00:00", "symbol": "ETH-USD"}, {"trade_id": 667832804, "side": "sell", "size": "0.00702584", "price": "3169.51000000", "time": "2025-07-16T07:45:21.943852Z", "fetched_at": "2025-07-16T07:46:31.092622+00:00", "symbol": "ETH-USD"}, {"trade_id": 667832803, "side": "sell", "size": "0.00315589", "price": "3169.13000000", "time": "2025-07-16T07:45:21.943852Z", "fetched_at": "2025-07-16T07:46:31.092622+00:00", "symbol": "ETH-USD"}, {"trade_id": 667832802, "side": "sell", "size": "0.02768637", "price": "3169.15000000", "time": "2025-07-16T07:45:21.177240Z", "fetched_at": "2025-07-16T07:46:31.092622+00:00", "symbol": "ETH-USD"}, {"trade_id": 667832801, "side": "sell", "size": "0.00010336", "price": "3168.78000000", "time": "2025-07-16T07:45:21.177240Z", "fetched_at": "2025-07-16T07:46:31.092622+00:00", "symbol": "ETH-USD"}, {"trade_id": 667832800, "side": "sell", "size": "0.00024001", "price": "3168.78000000", "time": "2025-07-16T07:45:21.177240Z", "fetched_at": "2025-07-16T07:46:31.092622+00:00", "symbol": "ETH-USD"}, {"trade_id": 667832799, "side": "sell", "size": "0.00005588", "price": "3168.78000000", "time": "2025-07-16T07:45:21.177240Z", "fetched_at": "2025-07-16T07:46:31.092622+00:00", "symbol": "ETH-USD"}, {"trade_id": 667832798, "side": "sell", "size": "0.00315599", "price": "3168.67000000", "time": "2025-07-16T07:45:21.177240Z", "fetched_at": "2025-07-16T07:46:31.092622+00:00", "symbol": "ETH-USD"}, {"trade_id": 667832797, "side": "sell", "size": "0.01330938", "price": "3168.77000000", "time": "2025-07-16T07:45:18.621772Z", "fetched_at": "2025-07-16T07:46:31.092622+00:00", "symbol": "ETH-USD"}, {"trade_id": 667832796, "side": "sell", "size": "0.00315618", "price": "3168.76000000", "time": "2025-07-16T07:45:18.621772Z", "fetched_at": "2025-07-16T07:46:31.092622+00:00", "symbol": "ETH-USD"}, {"trade_id": 667832795, "side": "sell", "size": "0.00041110", "price": "3168.67000000", "time": "2025-07-16T07:45:17.323640Z", "fetched_at": "2025-07-16T07:46:31.092622+00:00", "symbol": "ETH-USD"}, {"trade_id": 667832794, "side": "sell", "size": "0.00010335", "price": "3168.40000000", "time": "2025-07-16T07:45:17.323640Z", "fetched_at": "2025-07-16T07:46:31.092622+00:00", "symbol": "ETH-USD"}, {"trade_id": 667832793, "side": "buy", "size": "0.34767701", "price": "3168.41000000", "time": "2025-07-16T07:45:15.209183Z", "fetched_at": "2025-07-16T07:46:31.092622+00:00", "symbol": "ETH-USD"}, {"trade_id": 667832792, "side": "buy", "size": "0.16518762", "price": "3168.42000000", "time": "2025-07-16T07:45:15.209183Z", "fetched_at": "2025-07-16T07:46:31.092622+00:00", "symbol": "ETH-USD"}, {"trade_id": 667832791, "side": "buy", "size": "0.00213537", "price": "3168.43000000", "time": "2025-07-16T07:45:15.209183Z", "fetched_at": "2025-07-16T07:46:31.092622+00:00", "symbol": "ETH-USD"}, {"trade_id": 667832790, "side": "sell", "size": "0.00195209", "price": "3168.85000000", "time": "2025-07-16T07:45:15.101948Z", "fetched_at": "2025-07-16T07:46:31.092622+00:00", "symbol": "ETH-USD"}, {"trade_id": 667832789, "side": "sell", "size": "0.00315610", "price": "3168.84000000", "time": "2025-07-16T07:45:15.101948Z", "fetched_at": "2025-07-16T07:46:31.092622+00:00", "symbol": "ETH-USD"}, {"trade_id": 667832788, "side": "sell", "size": "0.00048004", "price": "3168.42000000", "time": "2025-07-16T07:45:15.101948Z", "fetched_at": "2025-07-16T07:46:31.092622+00:00", "symbol": "ETH-USD"}, {"trade_id": 667832787, "side": "sell", "size": "0.00011177", "price": "3168.42000000", "time": "2025-07-16T07:45:15.101948Z", "fetched_at": "2025-07-16T07:46:31.092622+00:00", "symbol": "ETH-USD"}, {"trade_id": 667832786, "side": "buy", "size": "0.10392021", "price": "3168.41000000", "time": "2025-07-16T07:45:14.817518Z", "fetched_at": "2025-07-16T07:46:31.092622+00:00", "symbol": "ETH-USD"}, {"trade_id": 667832785, "side": "buy", "size": "0.03481238", "price": "3168.46000000", "time": "2025-07-16T07:45:12.493921Z", "fetched_at": "2025-07-16T07:46:31.092622+00:00", "symbol": "ETH-USD"}, {"trade_id": 667832784, "side": "buy", "size": "0.00222933", "price": "3168.47000000", "time": "2025-07-16T07:45:12.493921Z", "fetched_at": "2025-07-16T07:46:31.092622+00:00", "symbol": "ETH-USD"}, {"trade_id": 667832783, "side": "buy", "size": "0.00234121", "price": "3168.83000000", "time": "2025-07-16T07:45:12.108544Z", "fetched_at": "2025-07-16T07:46:31.092622+00:00", "symbol": "ETH-USD"}, {"trade_id": 667832782, "side": "sell", "size": "0.27752926", "price": "3169.39000000", "time": "2025-07-16T07:45:11.992841Z", "fetched_at": "2025-07-16T07:46:31.092622+00:00", "symbol": "ETH-USD"}, {"trade_id": 667832781, "side": "sell", "size": "0.10000000", "price": "3169.39000000", "time": "2025-07-16T07:45:11.992841Z", "fetched_at": "2025-07-16T07:46:31.092622+00:00", "symbol": "ETH-USD"}, {"trade_id": 667832780, "side": "sell", "size": "0.10000000", "price": "3169.38000000", "time": "2025-07-16T07:45:11.992841Z", "fetched_at": "2025-07-16T07:46:31.092622+00:00", "symbol": "ETH-USD"}, {"trade_id": 667832779, "side": "sell", "size": "0.00048126", "price": "3169.38000000", "time": "2025-07-16T07:45:11.992841Z", "fetched_at": "2025-07-16T07:46:31.092622+00:00", "symbol": "ETH-USD"}, {"trade_id": 667832778, "side": "sell", "size": "0.00085954", "price": "3169.17000000", "time": "2025-07-16T07:45:11.709510Z", "fetched_at": "2025-07-16T07:46:31.092622+00:00", "symbol": "ETH-USD"}, {"trade_id": 667832777, "side": "buy", "size": "0.13683632", "price": "3169.48000000", "time": "2025-07-16T07:45:10.707117Z", "fetched_at": "2025-07-16T07:46:31.092622+00:00", "symbol": "ETH-USD"}, {"trade_id": 667832776, "side": "buy", "size": "0.00001577", "price": "3169.48000000", "time": "2025-07-16T07:45:10.707117Z", "fetched_at": "2025-07-16T07:46:31.092622+00:00", "symbol": "ETH-USD"}, {"trade_id": 667832775, "side": "buy", "size": "0.00241808", "price": "3169.50000000", "time": "2025-07-16T07:45:10.707117Z", "fetched_at": "2025-07-16T07:46:31.092622+00:00", "symbol": "ETH-USD"}, {"trade_id": 667832774, "side": "buy", "size": "0.12627039", "price": "3169.50000000", "time": "2025-07-16T07:45:10.707117Z", "fetched_at": "2025-07-16T07:46:31.092622+00:00", "symbol": "ETH-USD"}, {"trade_id": 667832773, "side": "buy", "size": "0.53124458", "price": "3169.80000000", "time": "2025-07-16T07:45:07.382399Z", "fetched_at": "2025-07-16T07:46:31.092622+00:00", "symbol": "ETH-USD"}, {"trade_id": 667832772, "side": "sell", "size": "0.52964000", "price": "3170.13000000", "time": "2025-07-16T07:45:06.482382Z", "fetched_at": "2025-07-16T07:46:31.092622+00:00", "symbol": "ETH-USD"}, {"trade_id": 667832771, "side": "sell", "size": "0.00060023", "price": "3170.22000000", "time": "2025-07-16T07:45:06.455964Z", "fetched_at": "2025-07-16T07:46:31.092622+00:00", "symbol": "ETH-USD"}, {"trade_id": 667832770, "side": "sell", "size": "0.00100000", "price": "3170.16000000", "time": "2025-07-16T07:45:06.398687Z", "fetched_at": "2025-07-16T07:46:31.092622+00:00", "symbol": "ETH-USD"}, {"trade_id": 667832769, "side": "sell", "size": "5.44216513", "price": "3170.15000000", "time": "2025-07-16T07:45:06.398687Z", "fetched_at": "2025-07-16T07:46:31.092622+00:00", "symbol": "ETH-USD"}, {"trade_id": 667832768, "side": "sell", "size": "0.29335002", "price": "3169.96000000", "time": "2025-07-16T07:45:06.398073Z", "fetched_at": "2025-07-16T07:46:31.092622+00:00", "symbol": "ETH-USD"}, {"trade_id": 667832767, "side": "sell", "size": "0.00100000", "price": "3169.92000000", "time": "2025-07-16T07:45:06.398073Z", "fetched_at": "2025-07-16T07:46:31.092622+00:00", "symbol": "ETH-USD"}, {"trade_id": 667832766, "side": "sell", "size": "0.94500000", "price": "3169.90000000", "time": "2025-07-16T07:45:06.398073Z", "fetched_at": "2025-07-16T07:46:31.092622+00:00", "symbol": "ETH-USD"}, {"trade_id": 667832765, "side": "sell", "size": "0.35287248", "price": "3169.80000000", "time": "2025-07-16T07:45:06.398073Z", "fetched_at": "2025-07-16T07:46:31.092622+00:00", "symbol": "ETH-USD"}, {"trade_id": 667832764, "side": "sell", "size": "1.05780879", "price": "3169.76000000", "time": "2025-07-16T07:45:06.395883Z", "fetched_at": "2025-07-16T07:46:31.092622+00:00", "symbol": "ETH-USD"}, {"trade_id": 667832763, "side": "sell", "size": "0.00100000", "price": "3169.68000000", "time": "2025-07-16T07:45:06.395883Z", "fetched_at": "2025-07-16T07:46:31.092622+00:00", "symbol": "ETH-USD"}, {"trade_id": 667832762, "side": "sell", "size": "3.93097725", "price": "3169.64000000", "time": "2025-07-16T07:45:06.395883Z", "fetched_at": "2025-07-16T07:46:31.092622+00:00", "symbol": "ETH-USD"}, {"trade_id": 667832761, "side": "sell", "size": "0.94500000", "price": "3169.57000000", "time": "2025-07-16T07:45:06.395883Z", "fetched_at": "2025-07-16T07:46:31.092622+00:00", "symbol": "ETH-USD"}, {"trade_id": 667832760, "side": "sell", "size": "0.25257300", "price": "3168.70000000", "time": "2025-07-16T07:45:06.393430Z", "fetched_at": "2025-07-16T07:46:31.092622+00:00", "symbol": "ETH-USD"}, {"trade_id": 667832759, "side": "sell", "size": "0.00100000", "price": "3169.44000000", "time": "2025-07-16T07:45:06.393361Z", "fetched_at": "2025-07-16T07:46:31.092622+00:00", "symbol": "ETH-USD"}, {"trade_id": 667832758, "side": "sell", "size": "3.15687457", "price": "3169.41000000", "time": "2025-07-16T07:45:06.393361Z", "fetched_at": "2025-07-16T07:46:31.092622+00:00", "symbol": "ETH-USD"}, {"trade_id": 667832757, "side": "sell", "size": "0.00047346", "price": "3169.33000000", "time": "2025-07-16T07:45:06.393361Z", "fetched_at": "2025-07-16T07:46:31.092622+00:00", "symbol": "ETH-USD"}, {"trade_id": 667832756, "side": "sell", "size": "0.31226357", "price": "3169.31000000", "time": "2025-07-16T07:45:06.393361Z", "fetched_at": "2025-07-16T07:46:31.092622+00:00", "symbol": "ETH-USD"}, {"trade_id": 667832755, "side": "sell", "size": "1.25314074", "price": "3169.24000000", "time": "2025-07-16T07:45:06.393361Z", "fetched_at": "2025-07-16T07:46:31.092622+00:00", "symbol": "ETH-USD"}, {"trade_id": 667832754, "side": "sell", "size": "0.94500000", "price": "3169.24000000", "time": "2025-07-16T07:45:06.393361Z", "fetched_at": "2025-07-16T07:46:31.092622+00:00", "symbol": "ETH-USD"}, {"trade_id": 667832753, "side": "sell", "size": "0.00100000", "price": "3169.20000000", "time": "2025-07-16T07:45:06.392505Z", "fetched_at": "2025-07-16T07:46:31.092622+00:00", "symbol": "ETH-USD"}, {"trade_id": 667832752, "side": "sell", "size": "0.25212723", "price": "3169.17000000", "time": "2025-07-16T07:45:06.392505Z", "fetched_at": "2025-07-16T07:46:31.092622+00:00", "symbol": "ETH-USD"}, {"trade_id": 667832751, "side": "sell", "size": "0.12520506", "price": "3169.08000000", "time": "2025-07-16T07:45:06.392312Z", "fetched_at": "2025-07-16T07:46:31.092622+00:00", "symbol": "ETH-USD"}, {"trade_id": 667832750, "side": "sell", "size": "0.30300761", "price": "3169.04000000", "time": "2025-07-16T07:45:06.392312Z", "fetched_at": "2025-07-16T07:46:31.092622+00:00", "symbol": "ETH-USD"}, {"trade_id": 667832749, "side": "sell", "size": "0.00100000", "price": "3168.96000000", "time": "2025-07-16T07:45:06.392237Z", "fetched_at": "2025-07-16T07:46:31.092622+00:00", "symbol": "ETH-USD"}, {"trade_id": 667832748, "side": "sell", "size": "0.62606532", "price": "3168.90000000", "time": "2025-07-16T07:45:06.392237Z", "fetched_at": "2025-07-16T07:46:31.092622+00:00", "symbol": "ETH-USD"}, {"trade_id": 667832747, "side": "sell", "size": "0.40000000", "price": "3168.88000000", "time": "2025-07-16T07:45:06.392237Z", "fetched_at": "2025-07-16T07:46:31.092622+00:00", "symbol": "ETH-USD"}, {"trade_id": 667832746, "side": "sell", "size": "0.20000000", "price": "3168.88000000", "time": "2025-07-16T07:45:06.392237Z", "fetched_at": "2025-07-16T07:46:31.092622+00:00", "symbol": "ETH-USD"}, {"trade_id": 667832745, "side": "sell", "size": "0.94500000", "price": "3168.87000000", "time": "2025-07-16T07:45:06.392237Z", "fetched_at": "2025-07-16T07:46:31.092622+00:00", "symbol": "ETH-USD"}, {"trade_id": 667832744, "side": "sell", "size": "0.20000000", "price": "3168.85000000", "time": "2025-07-16T07:45:06.392237Z", "fetched_at": "2025-07-16T07:46:31.092622+00:00", "symbol": "ETH-USD"}, {"trade_id": 667832743, "side": "sell", "size": "0.40000000", "price": "3168.85000000", "time": "2025-07-16T07:45:06.392237Z", "fetched_at": "2025-07-16T07:46:31.092622+00:00", "symbol": "ETH-USD"}, {"trade_id": 667832742, "side": "sell", "size": "0.80000000", "price": "3168.85000000", "time": "2025-07-16T07:45:06.392237Z", "fetched_at": "2025-07-16T07:46:31.092622+00:00", "symbol": "ETH-USD"}, {"trade_id": 667832741, "side": "sell", "size": "0.19999252", "price": "3168.78000000", "time": "2025-07-16T07:45:06.392237Z", "fetched_at": "2025-07-16T07:46:31.092622+00:00", "symbol": "ETH-USD"}, {"trade_id": 667832740, "side": "sell", "size": "0.64826250", "price": "3168.75000000", "time": "2025-07-16T07:45:06.390506Z", "fetched_at": "2025-07-16T07:46:31.092622+00:00", "symbol": "ETH-USD"}, {"trade_id": 667832739, "side": "sell", "size": "0.78896371", "price": "3168.72000000", "time": "2025-07-16T07:45:06.390506Z", "fetched_at": "2025-07-16T07:46:31.092622+00:00", "symbol": "ETH-USD"}, {"trade_id": 667832738, "side": "sell", "size": "0.00100000", "price": "3168.72000000", "time": "2025-07-16T07:45:06.390506Z", "fetched_at": "2025-07-16T07:46:31.092622+00:00", "symbol": "ETH-USD"}, {"trade_id": 667832737, "side": "sell", "size": "1.19998915", "price": "3168.71000000", "time": "2025-07-16T07:45:06.390506Z", "fetched_at": "2025-07-16T07:46:31.092622+00:00", "symbol": "ETH-USD"}, {"trade_id": 667832736, "side": "sell", "size": "1.03614555", "price": "3168.70000000", "time": "2025-07-16T07:45:06.390506Z", "fetched_at": "2025-07-16T07:46:31.092622+00:00", "symbol": "ETH-USD"}, {"trade_id": 667832735, "side": "sell", "size": "0.78901162", "price": "3168.53000000", "time": "2025-07-16T07:45:06.389235Z", "fetched_at": "2025-07-16T07:46:31.092622+00:00", "symbol": "ETH-USD"}, {"trade_id": 667832734, "side": "sell", "size": "0.10000000", "price": "3168.52000000", "time": "2025-07-16T07:45:06.389153Z", "fetched_at": "2025-07-16T07:46:31.092622+00:00", "symbol": "ETH-USD"}, {"trade_id": 667832733, "side": "sell", "size": "0.35287248", "price": "3168.48000000", "time": "2025-07-16T07:45:06.389153Z", "fetched_at": "2025-07-16T07:46:31.092622+00:00", "symbol": "ETH-USD"}, {"trade_id": 667832732, "side": "sell", "size": "0.00100000", "price": "3168.48000000", "time": "2025-07-16T07:45:06.389153Z", "fetched_at": "2025-07-16T07:46:31.092622+00:00", "symbol": "ETH-USD"}, {"trade_id": 667832731, "side": "sell", "size": "0.06215299", "price": "3168.47000000", "time": "2025-07-16T07:45:06.389153Z", "fetched_at": "2025-07-16T07:46:31.092622+00:00", "symbol": "ETH-USD"}, {"trade_id": 667832730, "side": "sell", "size": "0.00100000", "price": "3168.24000000", "time": "2025-07-16T07:45:06.389153Z", "fetched_at": "2025-07-16T07:46:31.092622+00:00", "symbol": "ETH-USD"}, {"trade_id": 667832729, "side": "sell", "size": "0.00315652", "price": "3168.04000000", "time": "2025-07-16T07:45:06.389153Z", "fetched_at": "2025-07-16T07:46:31.092622+00:00", "symbol": "ETH-USD"}, {"trade_id": 667832728, "side": "sell", "size": "0.00010335", "price": "3168.04000000", "time": "2025-07-16T07:45:06.389153Z", "fetched_at": "2025-07-16T07:46:31.092622+00:00", "symbol": "ETH-USD"}, {"trade_id": 667832727, "side": "sell", "size": "0.00005589", "price": "3168.04000000", "time": "2025-07-16T07:45:06.389153Z", "fetched_at": "2025-07-16T07:46:31.092622+00:00", "symbol": "ETH-USD"}, {"trade_id": 667832726, "side": "sell", "size": "0.00024001", "price": "3168.04000000", "time": "2025-07-16T07:45:06.389153Z", "fetched_at": "2025-07-16T07:46:31.092622+00:00", "symbol": "ETH-USD"}, {"trade_id": 667832725, "side": "sell", "size": "0.04096669", "price": "3168.04000000", "time": "2025-07-16T07:45:06.389153Z", "fetched_at": "2025-07-16T07:46:31.092622+00:00", "symbol": "ETH-USD"}, {"trade_id": 667832724, "side": "sell", "size": "0.27515329", "price": "3168.03000000", "time": "2025-07-16T07:45:03.521769Z", "fetched_at": "2025-07-16T07:46:31.092622+00:00", "symbol": "ETH-USD"}, {"trade_id": 667832723, "side": "sell", "size": "0.10000000", "price": "3168.02000000", "time": "2025-07-16T07:45:03.521769Z", "fetched_at": "2025-07-16T07:46:31.092622+00:00", "symbol": "ETH-USD"}, {"trade_id": 667832722, "side": "sell", "size": "0.00100000", "price": "3168.00000000", "time": "2025-07-16T07:45:03.521769Z", "fetched_at": "2025-07-16T07:46:31.092622+00:00", "symbol": "ETH-USD"}, {"trade_id": 667832721, "side": "sell", "size": "0.00214872", "price": "3167.41000000", "time": "2025-07-16T07:45:03.435608Z", "fetched_at": "2025-07-16T07:46:31.092622+00:00", "symbol": "ETH-USD"}, {"trade_id": 667832720, "side": "sell", "size": "0.00010334", "price": "3167.41000000", "time": "2025-07-16T07:45:03.435608Z", "fetched_at": "2025-07-16T07:46:31.092622+00:00", "symbol": "ETH-USD"}, {"trade_id": 667832719, "side": "sell", "size": "0.44362149", "price": "3167.41000000", "time": "2025-07-16T07:45:03.435608Z", "fetched_at": "2025-07-16T07:46:31.092622+00:00", "symbol": "ETH-USD"}, {"trade_id": 667832718, "side": "buy", "size": "1.81485317", "price": "3167.11000000", "time": "2025-07-16T07:44:58.550162Z", "fetched_at": "2025-07-16T07:46:31.092622+00:00", "symbol": "ETH-USD"}, {"trade_id": 667832717, "side": "buy", "size": "0.50287697", "price": "3167.15000000", "time": "2025-07-16T07:44:58.550162Z", "fetched_at": "2025-07-16T07:46:31.092622+00:00", "symbol": "ETH-USD"}, {"trade_id": 667832716, "side": "buy", "size": "0.12623646", "price": "3167.17000000", "time": "2025-07-16T07:44:58.550162Z", "fetched_at": "2025-07-16T07:46:31.092622+00:00", "symbol": "ETH-USD"}, {"trade_id": 667832715, "side": "buy", "size": "0.36931343", "price": "3167.19000000", "time": "2025-07-16T07:44:58.550162Z", "fetched_at": "2025-07-16T07:46:31.092622+00:00", "symbol": "ETH-USD"}, {"trade_id": 667832714, "side": "buy", "size": "0.15786587", "price": "3167.24000000", "time": "2025-07-16T07:44:58.550162Z", "fetched_at": "2025-07-16T07:46:31.092622+00:00", "symbol": "ETH-USD"}, {"trade_id": 667832713, "side": "buy", "size": "0.46870285", "price": "3167.27000000", "time": "2025-07-16T07:44:58.550162Z", "fetched_at": "2025-07-16T07:46:31.092622+00:00", "symbol": "ETH-USD"}, {"trade_id": 667832712, "side": "buy", "size": "6.08550000", "price": "3167.27000000", "time": "2025-07-16T07:44:58.550162Z", "fetched_at": "2025-07-16T07:46:31.092622+00:00", "symbol": "ETH-USD"}, {"trade_id": 667832711, "side": "buy", "size": "0.00100000", "price": "3167.28000000", "time": "2025-07-16T07:44:58.550162Z", "fetched_at": "2025-07-16T07:46:31.092622+00:00", "symbol": "ETH-USD"}, {"trade_id": 667832710, "side": "buy", "size": "0.08288732", "price": "3167.28000000", "time": "2025-07-16T07:44:58.550162Z", "fetched_at": "2025-07-16T07:46:31.092622+00:00", "symbol": "ETH-USD"}, {"trade_id": 667832709, "side": "buy", "size": "0.94500000", "price": "3167.33000000", "time": "2025-07-16T07:44:58.550162Z", "fetched_at": "2025-07-16T07:46:31.092622+00:00", "symbol": "ETH-USD"}, {"trade_id": 667832708, "side": "buy", "size": "0.62033721", "price": "3167.43000000", "time": "2025-07-16T07:44:58.550162Z", "fetched_at": "2025-07-16T07:46:31.092622+00:00", "symbol": "ETH-USD"}, {"trade_id": 667832707, "side": "buy", "size": "0.80930429", "price": "3167.44000000", "time": "2025-07-16T07:44:58.550162Z", "fetched_at": "2025-07-16T07:46:31.092622+00:00", "symbol": "ETH-USD"}, {"trade_id": 667832706, "side": "buy", "size": "0.21675465", "price": "3167.45000000", "time": "2025-07-16T07:44:58.550162Z", "fetched_at": "2025-07-16T07:46:31.092622+00:00", "symbol": "ETH-USD"}, {"trade_id": 667832705, "side": "buy", "size": "0.00090810", "price": "3167.46000000", "time": "2025-07-16T07:44:58.550162Z", "fetched_at": "2025-07-16T07:46:31.092622+00:00", "symbol": "ETH-USD"}, {"trade_id": 667832704, "side": "buy", "size": "0.12168279", "price": "3167.58000000", "time": "2025-07-16T07:44:58.550162Z", "fetched_at": "2025-07-16T07:46:31.092622+00:00", "symbol": "ETH-USD"}, {"trade_id": 667832703, "side": "buy", "size": "0.10000000", "price": "3167.64000000", "time": "2025-07-16T07:44:58.550162Z", "fetched_at": "2025-07-16T07:46:31.092622+00:00", "symbol": "ETH-USD"}, {"trade_id": 667832702, "side": "buy", "size": "0.08112041", "price": "3167.76000000", "time": "2025-07-16T07:44:58.550162Z", "fetched_at": "2025-07-16T07:46:31.092622+00:00", "symbol": "ETH-USD"}, {"trade_id": 667832701, "side": "sell", "size": "0.03270848", "price": "3168.04000000", "time": "2025-07-16T07:44:56.890612Z", "fetched_at": "2025-07-16T07:46:31.092622+00:00", "symbol": "ETH-USD"}, {"trade_id": 667832700, "side": "sell", "size": "0.00148847", "price": "3168.03000000", "time": "2025-07-16T07:44:56.890612Z", "fetched_at": "2025-07-16T07:46:31.092622+00:00", "symbol": "ETH-USD"}, {"trade_id": 667832699, "side": "sell", "size": "0.00019173", "price": "3168.03000000", "time": "2025-07-16T07:44:56.890612Z", "fetched_at": "2025-07-16T07:46:31.092622+00:00", "symbol": "ETH-USD"}, {"trade_id": 667832698, "side": "buy", "size": "0.01623000", "price": "3167.89000000", "time": "2025-07-16T07:44:55.185732Z", "fetched_at": "2025-07-16T07:46:31.092622+00:00", "symbol": "ETH-USD"}, {"trade_id": 667832697, "side": "sell", "size": "0.25261500", "price": "3167.76000000", "time": "2025-07-16T07:44:55.176247Z", "fetched_at": "2025-07-16T07:46:31.092622+00:00", "symbol": "ETH-USD"}, {"trade_id": 667832696, "side": "sell", "size": "0.00100000", "price": "3168.00000000", "time": "2025-07-16T07:44:55.175324Z", "fetched_at": "2025-07-16T07:46:31.092622+00:00", "symbol": "ETH-USD"}, {"trade_id": 667832695, "side": "sell", "size": "0.10280235", "price": "3167.99000000", "time": "2025-07-16T07:44:55.175324Z", "fetched_at": "2025-07-16T07:46:31.092622+00:00", "symbol": "ETH-USD"}, {"trade_id": 667832694, "side": "sell", "size": "4.11946000", "price": "3167.99000000", "time": "2025-07-16T07:44:55.175324Z", "fetched_at": "2025-07-16T07:46:31.092622+00:00", "symbol": "ETH-USD"}, {"trade_id": 667832693, "side": "sell", "size": "0.12110062", "price": "3167.95000000", "time": "2025-07-16T07:44:55.175324Z", "fetched_at": "2025-07-16T07:46:31.092622+00:00", "symbol": "ETH-USD"}, {"trade_id": 667832692, "side": "sell", "size": "0.78920148", "price": "3167.76000000", "time": "2025-07-16T07:44:55.174092Z", "fetched_at": "2025-07-16T07:46:31.092622+00:00", "symbol": "ETH-USD"}, {"trade_id": 667832691, "side": "sell", "size": "0.00100000", "price": "3167.76000000", "time": "2025-07-16T07:44:55.174092Z", "fetched_at": "2025-07-16T07:46:31.092622+00:00", "symbol": "ETH-USD"}, {"trade_id": 667832690, "side": "sell", "size": "0.61803924", "price": "3167.70000000", "time": "2025-07-16T07:44:55.173013Z", "fetched_at": "2025-07-16T07:46:31.092622+00:00", "symbol": "ETH-USD"}, {"trade_id": 667832689, "side": "sell", "size": "0.94500000", "price": "3167.63000000", "time": "2025-07-16T07:44:55.172177Z", "fetched_at": "2025-07-16T07:46:31.092622+00:00", "symbol": "ETH-USD"}, {"trade_id": 667832688, "side": "sell", "size": "0.78925103", "price": "3167.56000000", "time": "2025-07-16T07:44:55.172177Z", "fetched_at": "2025-07-16T07:46:31.092622+00:00", "symbol": "ETH-USD"}, {"trade_id": 667832687, "side": "sell", "size": "1.00482977", "price": "3167.53000000", "time": "2025-07-16T07:44:55.171171Z", "fetched_at": "2025-07-16T07:46:31.092622+00:00", "symbol": "ETH-USD"}, {"trade_id": 667832686, "side": "sell", "size": "0.00100000", "price": "3167.52000000", "time": "2025-07-16T07:44:55.171171Z", "fetched_at": "2025-07-16T07:46:31.092622+00:00", "symbol": "ETH-USD"}, {"trade_id": 667832685, "side": "sell", "size": "0.20000000", "price": "3167.51000000", "time": "2025-07-16T07:44:55.171171Z", "fetched_at": "2025-07-16T07:46:31.092622+00:00", "symbol": "ETH-USD"}, {"trade_id": 667832684, "side": "sell", "size": "0.40000000", "price": "3167.51000000", "time": "2025-07-16T07:44:55.171171Z", "fetched_at": "2025-07-16T07:46:31.092622+00:00", "symbol": "ETH-USD"}, {"trade_id": 667832683, "side": "sell", "size": "0.20000000", "price": "3167.51000000", "time": "2025-07-16T07:44:55.171171Z", "fetched_at": "2025-07-16T07:46:31.092622+00:00", "symbol": "ETH-USD"}, {"trade_id": 667832682, "side": "sell", "size": "0.40000000", "price": "3167.51000000", "time": "2025-07-16T07:44:55.171171Z", "fetched_at": "2025-07-16T07:46:31.092622+00:00", "symbol": "ETH-USD"}, {"trade_id": 667832681, "side": "sell", "size": "0.80000000", "price": "3167.51000000", "time": "2025-07-16T07:44:55.171171Z", "fetched_at": "2025-07-16T07:46:31.092622+00:00", "symbol": "ETH-USD"}, {"trade_id": 667832680, "side": "sell", "size": "0.81301548", "price": "3167.50000000", "time": "2025-07-16T07:44:55.171171Z", "fetched_at": "2025-07-16T07:46:31.092622+00:00", "symbol": "ETH-USD"}, {"trade_id": 667832679, "side": "sell", "size": "0.15785567", "price": "3167.46000000", "time": "2025-07-16T07:44:55.171171Z", "fetched_at": "2025-07-16T07:46:31.092622+00:00", "symbol": "ETH-USD"}, {"trade_id": 667832678, "side": "sell", "size": "0.10000000", "price": "3167.45000000", "time": "2025-07-16T07:44:55.171171Z", "fetched_at": "2025-07-16T07:46:31.092622+00:00", "symbol": "ETH-USD"}, {"trade_id": 667832677, "side": "sell", "size": "0.36064159", "price": "3167.44000000", "time": "2025-07-16T07:44:55.171171Z", "fetched_at": "2025-07-16T07:46:31.092622+00:00", "symbol": "ETH-USD"}, {"trade_id": 667832676, "side": "sell", "size": "0.24638176", "price": "3167.32000000", "time": "2025-07-16T07:44:55.170996Z", "fetched_at": "2025-07-16T07:46:31.092622+00:00", "symbol": "ETH-USD"}, {"trade_id": 667832675, "side": "sell", "size": "0.00148847", "price": "3167.31000000", "time": "2025-07-16T07:44:55.170996Z", "fetched_at": "2025-07-16T07:46:31.092622+00:00", "symbol": "ETH-USD"}, {"trade_id": 667832674, "side": "sell", "size": "0.33365294", "price": "3167.32000000", "time": "2025-07-16T07:44:54.996188Z", "fetched_at": "2025-07-16T07:46:31.092622+00:00", "symbol": "ETH-USD"}, {"trade_id": 667832673, "side": "sell", "size": "0.00148847", "price": "3167.31000000", "time": "2025-07-16T07:44:54.996188Z", "fetched_at": "2025-07-16T07:46:31.092622+00:00", "symbol": "ETH-USD"}, {"trade_id": 667832672, "side": "sell", "size": "0.01996530", "price": "3167.32000000", "time": "2025-07-16T07:44:54.580961Z", "fetched_at": "2025-07-16T07:46:31.092622+00:00", "symbol": "ETH-USD"}, {"trade_id": 667832671, "side": "sell", "size": "0.00148847", "price": "3167.31000000", "time": "2025-07-16T07:44:54.580961Z", "fetched_at": "2025-07-16T07:46:31.092622+00:00", "symbol": "ETH-USD"}, {"trade_id": 667832670, "side": "sell", "size": "0.00008379", "price": "3167.01000000", "time": "2025-07-16T07:44:54.580961Z", "fetched_at": "2025-07-16T07:46:31.092622+00:00", "symbol": "ETH-USD"}, {"trade_id": 667832669, "side": "sell", "size": "0.00035949", "price": "3167.01000000", "time": "2025-07-16T07:44:54.580961Z", "fetched_at": "2025-07-16T07:46:31.092622+00:00", "symbol": "ETH-USD"}, {"trade_id": 667832668, "side": "buy", "size": "0.00100000", "price": "3167.04000000", "time": "2025-07-16T07:44:50.603007Z", "fetched_at": "2025-07-16T07:46:31.092622+00:00", "symbol": "ETH-USD"}, {"trade_id": 667832667, "side": "buy", "size": "0.00084600", "price": "3167.21000000", "time": "2025-07-16T07:44:50.565318Z", "fetched_at": "2025-07-16T07:46:31.092622+00:00", "symbol": "ETH-USD"}, {"trade_id": 667832666, "side": "buy", "size": "0.00000947", "price": "3167.21000000", "time": "2025-07-16T07:44:50.565318Z", "fetched_at": "2025-07-16T07:46:31.092622+00:00", "symbol": "ETH-USD"}, {"trade_id": 667832665, "side": "buy", "size": "0.00100000", "price": "3167.28000000", "time": "2025-07-16T07:44:50.554526Z", "fetched_at": "2025-07-16T07:46:31.092622+00:00", "symbol": "ETH-USD"}, {"trade_id": 667832664, "side": "buy", "size": "0.00090810", "price": "3167.46000000", "time": "2025-07-16T07:44:49.854174Z", "fetched_at": "2025-07-16T07:46:31.092622+00:00", "symbol": "ETH-USD"}, {"trade_id": 667832663, "side": "buy", "size": "0.04057194", "price": "3167.46000000", "time": "2025-07-16T07:44:49.854174Z", "fetched_at": "2025-07-16T07:46:31.092622+00:00", "symbol": "ETH-USD"}, {"trade_id": 667832662, "side": "buy", "size": "0.00100000", "price": "3167.76000000", "time": "2025-07-16T07:44:49.652774Z", "fetched_at": "2025-07-16T07:46:31.092622+00:00", "symbol": "ETH-USD"}, {"trade_id": 667832661, "side": "sell", "size": "0.01710000", "price": "3167.77000000", "time": "2025-07-16T07:44:49.164845Z", "fetched_at": "2025-07-16T07:46:31.092622+00:00", "symbol": "ETH-USD"}, {"trade_id": 667832660, "side": "buy", "size": "0.16232690", "price": "3167.99000000", "time": "2025-07-16T07:44:48.724339Z", "fetched_at": "2025-07-16T07:46:31.092622+00:00", "symbol": "ETH-USD"}, {"trade_id": 667832659, "side": "buy", "size": "0.13767968", "price": "3167.99000000", "time": "2025-07-16T07:44:48.724339Z", "fetched_at": "2025-07-16T07:46:31.092622+00:00", "symbol": "ETH-USD"}, {"trade_id": 667832658, "side": "buy", "size": "0.04064406", "price": "3167.99000000", "time": "2025-07-16T07:44:48.724339Z", "fetched_at": "2025-07-16T07:46:31.092622+00:00", "symbol": "ETH-USD"}, {"trade_id": 667832657, "side": "buy", "size": "0.53782755", "price": "3168.13000000", "time": "2025-07-16T07:44:48.599312Z", "fetched_at": "2025-07-16T07:46:31.092622+00:00", "symbol": "ETH-USD"}, {"trade_id": 667832656, "side": "sell", "size": "0.01496418", "price": "3168.29000000", "time": "2025-07-16T07:44:46.168340Z", "fetched_at": "2025-07-16T07:46:31.092622+00:00", "symbol": "ETH-USD"}, {"trade_id": 667832655, "side": "sell", "size": "0.00001495", "price": "3168.00000000", "time": "2025-07-16T07:44:46.168340Z", "fetched_at": "2025-07-16T07:46:31.092622+00:00", "symbol": "ETH-USD"}, {"trade_id": 667832654, "side": "sell", "size": "0.00148847", "price": "3168.00000000", "time": "2025-07-16T07:44:46.168340Z", "fetched_at": "2025-07-16T07:46:31.092622+00:00", "symbol": "ETH-USD"}, {"trade_id": 667832653, "side": "sell", "size": "0.13391117", "price": "3168.36000000", "time": "2025-07-16T07:44:46.134562Z", "fetched_at": "2025-07-16T07:46:31.092622+00:00", "symbol": "ETH-USD"}, {"trade_id": 667832652, "side": "sell", "size": "0.40000000", "price": "3168.36000000", "time": "2025-07-16T07:44:46.134562Z", "fetched_at": "2025-07-16T07:46:31.092622+00:00", "symbol": "ETH-USD"}, {"trade_id": 667832651, "side": "sell", "size": "0.20000000", "price": "3168.36000000", "time": "2025-07-16T07:44:46.134562Z", "fetched_at": "2025-07-16T07:46:31.092622+00:00", "symbol": "ETH-USD"}, {"trade_id": 667832650, "side": "sell", "size": "0.04775086", "price": "3168.35000000", "time": "2025-07-16T07:44:46.134562Z", "fetched_at": "2025-07-16T07:46:31.092622+00:00", "symbol": "ETH-USD"}, {"trade_id": 667832649, "side": "sell", "size": "0.37192046", "price": "3168.28000000", "time": "2025-07-16T07:44:46.134562Z", "fetched_at": "2025-07-16T07:46:31.092622+00:00", "symbol": "ETH-USD"}, {"trade_id": 667832648, "side": "sell", "size": "0.11623000", "price": "3168.27000000", "time": "2025-07-16T07:44:46.134562Z", "fetched_at": "2025-07-16T07:46:31.092622+00:00", "symbol": "ETH-USD"}, {"trade_id": 667832647, "side": "sell", "size": "0.00100000", "price": "3168.24000000", "time": "2025-07-16T07:44:46.134562Z", "fetched_at": "2025-07-16T07:46:31.092622+00:00", "symbol": "ETH-USD"}, {"trade_id": 667832646, "side": "sell", "size": "0.00020669", "price": "3168.00000000", "time": "2025-07-16T07:44:46.134562Z", "fetched_at": "2025-07-16T07:46:31.092622+00:00", "symbol": "ETH-USD"}, {"trade_id": 667832645, "side": "sell", "size": "0.00148847", "price": "3168.00000000", "time": "2025-07-16T07:44:46.134562Z", "fetched_at": "2025-07-16T07:46:31.092622+00:00", "symbol": "ETH-USD"}, {"trade_id": 667832644, "side": "sell", "size": "0.00100000", "price": "3168.00000000", "time": "2025-07-16T07:44:46.134562Z", "fetched_at": "2025-07-16T07:46:31.092622+00:00", "symbol": "ETH-USD"}, {"trade_id": 667832643, "side": "sell", "size": "0.30000000", "price": "3168.00000000", "time": "2025-07-16T07:44:46.134562Z", "fetched_at": "2025-07-16T07:46:31.092622+00:00", "symbol": "ETH-USD"}, {"trade_id": 667832642, "side": "sell", "size": "0.00100000", "price": "3167.76000000", "time": "2025-07-16T07:44:45.636474Z", "fetched_at": "2025-07-16T07:46:31.092622+00:00", "symbol": "ETH-USD"}, {"trade_id": 667832641, "side": "sell", "size": "0.23805727", "price": "3167.76000000", "time": "2025-07-16T07:44:45.636474Z", "fetched_at": "2025-07-16T07:46:31.092622+00:00", "symbol": "ETH-USD"}, {"trade_id": 667832640, "side": "sell", "size": "0.00002799", "price": "3167.73000000", "time": "2025-07-16T07:44:45.632152Z", "fetched_at": "2025-07-16T07:46:31.092622+00:00", "symbol": "ETH-USD"}, {"trade_id": 667832639, "side": "sell", "size": "0.00012056", "price": "3167.73000000", "time": "2025-07-16T07:44:45.632152Z", "fetched_at": "2025-07-16T07:46:31.092622+00:00", "symbol": "ETH-USD"}, {"trade_id": 667832638, "side": "sell", "size": "0.37794219", "price": "3167.73000000", "time": "2025-07-16T07:44:45.632152Z", "fetched_at": "2025-07-16T07:46:31.092622+00:00", "symbol": "ETH-USD"}, {"trade_id": 667832637, "side": "sell", "size": "0.19846413", "price": "3167.73000000", "time": "2025-07-16T07:44:45.632152Z", "fetched_at": "2025-07-16T07:46:31.092622+00:00", "symbol": "ETH-USD"}, {"trade_id": 667832636, "side": "sell", "size": "0.00148847", "price": "3167.72000000", "time": "2025-07-16T07:44:45.632152Z", "fetched_at": "2025-07-16T07:46:31.092622+00:00", "symbol": "ETH-USD"}, {"trade_id": 667832635, "side": "sell", "size": "0.00150564", "price": "3167.73000000", "time": "2025-07-16T07:44:45.595502Z", "fetched_at": "2025-07-16T07:46:31.092622+00:00", "symbol": "ETH-USD"}, {"trade_id": 667832634, "side": "sell", "size": "0.00148847", "price": "3167.72000000", "time": "2025-07-16T07:44:45.595502Z", "fetched_at": "2025-07-16T07:46:31.092622+00:00", "symbol": "ETH-USD"}, {"trade_id": 667832633, "side": "buy", "size": "0.01623000", "price": "3167.72000000", "time": "2025-07-16T07:44:45.059872Z", "fetched_at": "2025-07-16T07:46:31.092622+00:00", "symbol": "ETH-USD"}, {"trade_id": 667832632, "side": "sell", "size": "0.00038789", "price": "3167.52000000", "time": "2025-07-16T07:44:45.044981Z", "fetched_at": "2025-07-16T07:46:31.092622+00:00", "symbol": "ETH-USD"}, {"trade_id": 667832631, "side": "sell", "size": "0.00061211", "price": "3167.52000000", "time": "2025-07-16T07:44:45.042265Z", "fetched_at": "2025-07-16T07:46:31.092622+00:00", "symbol": "ETH-USD"}, {"trade_id": 667832630, "side": "sell", "size": "0.00020671", "price": "3167.38000000", "time": "2025-07-16T07:44:45.042265Z", "fetched_at": "2025-07-16T07:46:31.092622+00:00", "symbol": "ETH-USD"}, {"trade_id": 667832629, "side": "sell", "size": "0.00096009", "price": "3167.28000000", "time": "2025-07-16T07:44:45.042265Z", "fetched_at": "2025-07-16T07:46:31.092622+00:00", "symbol": "ETH-USD"}, {"trade_id": 667832628, "side": "sell", "size": "0.00022357", "price": "3167.28000000", "time": "2025-07-16T07:44:45.042265Z", "fetched_at": "2025-07-16T07:46:31.092622+00:00", "symbol": "ETH-USD"}, {"trade_id": 667832627, "side": "sell", "size": "0.00148847", "price": "3167.28000000", "time": "2025-07-16T07:44:45.042265Z", "fetched_at": "2025-07-16T07:46:31.092622+00:00", "symbol": "ETH-USD"}, {"trade_id": 667832626, "side": "sell", "size": "0.00100000", "price": "3167.28000000", "time": "2025-07-16T07:44:45.042265Z", "fetched_at": "2025-07-16T07:46:31.092622+00:00", "symbol": "ETH-USD"}, {"trade_id": 667832625, "side": "sell", "size": "0.00148847", "price": "3167.22000000", "time": "2025-07-16T07:44:44.816172Z", "fetched_at": "2025-07-16T07:46:31.092622+00:00", "symbol": "ETH-USD"}, {"trade_id": 667832624, "side": "sell", "size": "0.01308579", "price": "3167.22000000", "time": "2025-07-16T07:44:44.816172Z", "fetched_at": "2025-07-16T07:46:31.092622+00:00", "symbol": "ETH-USD"}, {"trade_id": 667832623, "side": "buy", "size": "0.08000000", "price": "3167.21000000", "time": "2025-07-16T07:44:44.200113Z", "fetched_at": "2025-07-16T07:46:31.092622+00:00", "symbol": "ETH-USD"}, {"trade_id": 667832622, "side": "sell", "size": "0.00148847", "price": "3167.04000000", "time": "2025-07-16T07:44:44.031507Z", "fetched_at": "2025-07-16T07:46:31.092622+00:00", "symbol": "ETH-USD"}, {"trade_id": 667832621, "side": "sell", "size": "1.05006830", "price": "3167.09000000", "time": "2025-07-16T07:44:43.919371Z", "fetched_at": "2025-07-16T07:46:31.092622+00:00", "symbol": "ETH-USD"}, {"trade_id": 667832620, "side": "sell", "size": "0.20000000", "price": "3167.07000000", "time": "2025-07-16T07:44:43.919371Z", "fetched_at": "2025-07-16T07:46:31.092622+00:00", "symbol": "ETH-USD"}, {"trade_id": 667832619, "side": "sell", "size": "0.80000000", "price": "3167.07000000", "time": "2025-07-16T07:44:43.919371Z", "fetched_at": "2025-07-16T07:46:31.092622+00:00", "symbol": "ETH-USD"}, {"trade_id": 667832618, "side": "sell", "size": "0.40000000", "price": "3167.07000000", "time": "2025-07-16T07:44:43.919371Z", "fetched_at": "2025-07-16T07:46:31.092622+00:00", "symbol": "ETH-USD"}, {"trade_id": 667832617, "side": "sell", "size": "0.15787577", "price": "3167.05000000", "time": "2025-07-16T07:44:43.919371Z", "fetched_at": "2025-07-16T07:46:31.092622+00:00", "symbol": "ETH-USD"}, {"trade_id": 667832616, "side": "sell", "size": "0.00100000", "price": "3167.04000000", "time": "2025-07-16T07:44:43.919371Z", "fetched_at": "2025-07-16T07:46:31.092622+00:00", "symbol": "ETH-USD"}, {"trade_id": 667832615, "side": "sell", "size": "0.37260088", "price": "3166.90000000", "time": "2025-07-16T07:44:43.915262Z", "fetched_at": "2025-07-16T07:46:31.092622+00:00", "symbol": "ETH-USD"}, {"trade_id": 667832614, "side": "sell", "size": "0.00144013", "price": "3166.81000000", "time": "2025-07-16T07:44:43.915262Z", "fetched_at": "2025-07-16T07:46:31.092622+00:00", "symbol": "ETH-USD"}, {"trade_id": 667832613, "side": "sell", "size": "0.00033532", "price": "3166.81000000", "time": "2025-07-16T07:44:43.915262Z", "fetched_at": "2025-07-16T07:46:31.092622+00:00", "symbol": "ETH-USD"}, {"trade_id": 667832612, "side": "sell", "size": "0.00148847", "price": "3166.74000000", "time": "2025-07-16T07:44:43.915262Z", "fetched_at": "2025-07-16T07:46:31.092622+00:00", "symbol": "ETH-USD"}, {"trade_id": 667832611, "side": "sell", "size": "0.00151153", "price": "3166.64000000", "time": "2025-07-16T07:44:41.210634Z", "fetched_at": "2025-07-16T07:46:31.092622+00:00", "symbol": "ETH-USD"}, {"trade_id": 667832610, "side": "sell", "size": "0.00148847", "price": "3166.58000000", "time": "2025-07-16T07:44:41.210634Z", "fetched_at": "2025-07-16T07:46:31.092622+00:00", "symbol": "ETH-USD"}, {"trade_id": 667832609, "side": "buy", "size": "0.00100000", "price": "3166.32000000", "time": "2025-07-16T07:44:40.097876Z", "fetched_at": "2025-07-16T07:46:31.092622+00:00", "symbol": "ETH-USD"}, {"trade_id": 667832608, "side": "buy", "size": "0.00000315", "price": "3166.40000000", "time": "2025-07-16T07:44:40.094710Z", "fetched_at": "2025-07-16T07:46:31.092622+00:00", "symbol": "ETH-USD"}, {"trade_id": 667832607, "side": "buy", "size": "0.00100000", "price": "3166.56000000", "time": "2025-07-16T07:44:39.159289Z", "fetched_at": "2025-07-16T07:46:31.092622+00:00", "symbol": "ETH-USD"}, {"trade_id": 667832606, "side": "buy", "size": "0.00000947", "price": "3166.69000000", "time": "2025-07-16T07:44:38.625427Z", "fetched_at": "2025-07-16T07:46:31.092622+00:00", "symbol": "ETH-USD"}, {"trade_id": 667832605, "side": "buy", "size": "0.19999556", "price": "3166.69000000", "time": "2025-07-16T07:44:38.625427Z", "fetched_at": "2025-07-16T07:46:31.092622+00:00", "symbol": "ETH-USD"}, {"trade_id": 667832604, "side": "sell", "size": "0.00031233", "price": "3166.70000000", "time": "2025-07-16T07:44:38.507223Z", "fetched_at": "2025-07-16T07:46:31.092622+00:00", "symbol": "ETH-USD"}, {"trade_id": 667832603, "side": "buy", "size": "0.19999563", "price": "3166.73000000", "time": "2025-07-16T07:44:37.799521Z", "fetched_at": "2025-07-16T07:46:31.092622+00:00", "symbol": "ETH-USD"}, {"trade_id": 667832602, "side": "buy", "size": "0.10617659", "price": "3166.80000000", "time": "2025-07-16T07:44:37.620485Z", "fetched_at": "2025-07-16T07:46:31.092622+00:00", "symbol": "ETH-USD"}, {"trade_id": 667832601, "side": "buy", "size": "0.01578880", "price": "3166.80000000", "time": "2025-07-16T07:44:37.421785Z", "fetched_at": "2025-07-16T07:46:31.092622+00:00", "symbol": "ETH-USD"}, {"trade_id": 667832600, "side": "buy", "size": "0.00315777", "price": "3166.79000000", "time": "2025-07-16T07:44:36.547378Z", "fetched_at": "2025-07-16T07:46:31.092622+00:00", "symbol": "ETH-USD"}, {"trade_id": 667832599, "side": "buy", "size": "0.00100000", "price": "3166.80000000", "time": "2025-07-16T07:44:36.547378Z", "fetched_at": "2025-07-16T07:46:31.092622+00:00", "symbol": "ETH-USD"}, {"trade_id": 667832598, "side": "buy", "size": "0.02701404", "price": "3166.85000000", "time": "2025-07-16T07:44:36.547378Z", "fetched_at": "2025-07-16T07:46:31.092622+00:00", "symbol": "ETH-USD"}, {"trade_id": 667832597, "side": "buy", "size": "0.78608001", "price": "3167.23000000", "time": "2025-07-16T07:44:36.547378Z", "fetched_at": "2025-07-16T07:46:31.092622+00:00", "symbol": "ETH-USD"}, {"trade_id": 667832596, "side": "buy", "size": "0.00090822", "price": "3167.05000000", "time": "2025-07-16T07:44:36.537946Z", "fetched_at": "2025-07-16T07:46:31.092622+00:00", "symbol": "ETH-USD"}, {"trade_id": 667832595, "side": "buy", "size": "0.01623000", "price": "3166.85000000", "time": "2025-07-16T07:44:36.527129Z", "fetched_at": "2025-07-16T07:46:31.092622+00:00", "symbol": "ETH-USD"}, {"trade_id": 667832594, "side": "buy", "size": "0.01623000", "price": "3166.85000000", "time": "2025-07-16T07:44:36.526589Z", "fetched_at": "2025-07-16T07:46:31.092622+00:00", "symbol": "ETH-USD"}, {"trade_id": 667832593, "side": "buy", "size": "0.13724624", "price": "3166.85000000", "time": "2025-07-16T07:44:36.525985Z", "fetched_at": "2025-07-16T07:46:31.092622+00:00", "symbol": "ETH-USD"}, {"trade_id": 667832592, "side": "buy", "size": "0.20003112", "price": "3166.85000000", "time": "2025-07-16T07:44:36.525985Z", "fetched_at": "2025-07-16T07:46:31.092622+00:00", "symbol": "ETH-USD"}, {"trade_id": 667832591, "side": "buy", "size": "0.31453946", "price": "3166.92000000", "time": "2025-07-16T07:44:36.525985Z", "fetched_at": "2025-07-16T07:46:31.092622+00:00", "symbol": "ETH-USD"}, {"trade_id": 667832590, "side": "buy", "size": "0.11447290", "price": "3166.93000000", "time": "2025-07-16T07:44:36.525985Z", "fetched_at": "2025-07-16T07:46:31.092622+00:00", "symbol": "ETH-USD"}, {"trade_id": 667832589, "side": "buy", "size": "0.50586431", "price": "3166.93000000", "time": "2025-07-16T07:44:36.525743Z", "fetched_at": "2025-07-16T07:46:31.092622+00:00", "symbol": "ETH-USD"}, {"trade_id": 667832588, "side": "buy", "size": "0.00430366", "price": "3166.99000000", "time": "2025-07-16T07:44:36.525743Z", "fetched_at": "2025-07-16T07:46:31.092622+00:00", "symbol": "ETH-USD"}, {"trade_id": 667832587, "side": "buy", "size": "0.94069634", "price": "3166.99000000", "time": "2025-07-16T07:44:36.525340Z", "fetched_at": "2025-07-16T07:46:31.092622+00:00", "symbol": "ETH-USD"}, {"trade_id": 667832586, "side": "buy", "size": "0.00090824", "price": "3167.00000000", "time": "2025-07-16T07:44:36.525340Z", "fetched_at": "2025-07-16T07:46:31.092622+00:00", "symbol": "ETH-USD"}, {"trade_id": 667832585, "side": "buy", "size": "0.09074385", "price": "3167.03000000", "time": "2025-07-16T07:44:36.525340Z", "fetched_at": "2025-07-16T07:46:31.092622+00:00", "symbol": "ETH-USD"}, {"trade_id": 667832584, "side": "buy", "size": "0.10000000", "price": "3167.04000000", "time": "2025-07-16T07:44:36.525340Z", "fetched_at": "2025-07-16T07:46:31.092622+00:00", "symbol": "ETH-USD"}, {"trade_id": 667832583, "side": "buy", "size": "0.00100000", "price": "3167.04000000", "time": "2025-07-16T07:44:36.525340Z", "fetched_at": "2025-07-16T07:46:31.092622+00:00", "symbol": "ETH-USD"}, {"trade_id": 667832582, "side": "buy", "size": "0.00020000", "price": "3167.20000000", "time": "2025-07-16T07:44:36.525340Z", "fetched_at": "2025-07-16T07:46:31.092622+00:00", "symbol": "ETH-USD"}, {"trade_id": 667832581, "side": "buy", "size": "0.00310366", "price": "3167.22000000", "time": "2025-07-16T07:44:36.525340Z", "fetched_at": "2025-07-16T07:46:31.092622+00:00", "symbol": "ETH-USD"}, {"trade_id": 667832580, "side": "buy", "size": "0.00100000", "price": "3167.28000000", "time": "2025-07-16T07:44:36.525340Z", "fetched_at": "2025-07-16T07:46:31.092622+00:00", "symbol": "ETH-USD"}, {"trade_id": 667832579, "side": "buy", "size": "0.00077668", "price": "3167.29000000", "time": "2025-07-16T07:44:36.525192Z", "fetched_at": "2025-07-16T07:46:31.092622+00:00", "symbol": "ETH-USD"}, {"trade_id": 667832578, "side": "buy", "size": "0.31022088", "price": "3167.29000000", "time": "2025-07-16T07:44:36.525192Z", "fetched_at": "2025-07-16T07:46:31.092622+00:00", "symbol": "ETH-USD"}, {"trade_id": 667832577, "side": "buy", "size": "0.26369913", "price": "3167.29000000", "time": "2025-07-16T07:44:36.525141Z", "fetched_at": "2025-07-16T07:46:31.092622+00:00", "symbol": "ETH-USD"}, {"trade_id": 667832576, "side": "buy", "size": "0.00155019", "price": "3167.34000000", "time": "2025-07-16T07:44:36.229997Z", "fetched_at": "2025-07-16T07:46:31.092622+00:00", "symbol": "ETH-USD"}, {"trade_id": 667832575, "side": "buy", "size": "0.63716001", "price": "3167.34000000", "time": "2025-07-16T07:44:36.229997Z", "fetched_at": "2025-07-16T07:46:31.092622+00:00", "symbol": "ETH-USD"}, {"trade_id": 667832574, "side": "buy", "size": "0.51724477", "price": "3167.77000000", "time": "2025-07-16T07:44:35.135639Z", "fetched_at": "2025-07-16T07:46:31.092622+00:00", "symbol": "ETH-USD"}, {"trade_id": 667832573, "side": "buy", "size": "1.65259710", "price": "3167.77000000", "time": "2025-07-16T07:44:35.120470Z", "fetched_at": "2025-07-16T07:46:31.092622+00:00", "symbol": "ETH-USD"}, {"trade_id": 667832572, "side": "buy", "size": "1.39905534", "price": "3167.77000000", "time": "2025-07-16T07:44:35.109380Z", "fetched_at": "2025-07-16T07:46:31.092622+00:00", "symbol": "ETH-USD"}, {"trade_id": 667832571, "side": "buy", "size": "0.36770094", "price": "3167.77000000", "time": "2025-07-16T07:44:35.103168Z", "fetched_at": "2025-07-16T07:46:31.092622+00:00", "symbol": "ETH-USD"}, {"trade_id": 667832570, "side": "buy", "size": "2.86707693", "price": "3167.77000000", "time": "2025-07-16T07:44:35.099185Z", "fetched_at": "2025-07-16T07:46:31.092622+00:00", "symbol": "ETH-USD"}, {"trade_id": 667832569, "side": "buy", "size": "10.70884619", "price": "3167.77000000", "time": "2025-07-16T07:44:35.097961Z", "fetched_at": "2025-07-16T07:46:31.092622+00:00", "symbol": "ETH-USD"}, {"trade_id": 667832568, "side": "buy", "size": "0.05218568", "price": "3167.78000000", "time": "2025-07-16T07:44:35.097961Z", "fetched_at": "2025-07-16T07:46:31.092622+00:00", "symbol": "ETH-USD"}, {"trade_id": 667832567, "side": "buy", "size": "0.14781432", "price": "3167.78000000", "time": "2025-07-16T07:44:35.097961Z", "fetched_at": "2025-07-16T07:46:31.092622+00:00", "symbol": "ETH-USD"}, {"trade_id": 667832566, "side": "sell", "size": "0.62261569", "price": "3167.77000000", "time": "2025-07-16T07:44:35.091645Z", "fetched_at": "2025-07-16T07:46:31.092622+00:00", "symbol": "ETH-USD"}, {"trade_id": 667832565, "side": "sell", "size": "0.00100000", "price": "3167.76000000", "time": "2025-07-16T07:44:35.091645Z", "fetched_at": "2025-07-16T07:46:31.092622+00:00", "symbol": "ETH-USD"}, {"trade_id": 667832564, "side": "sell", "size": "0.34082451", "price": "3167.76000000", "time": "2025-07-16T07:44:35.091645Z", "fetched_at": "2025-07-16T07:46:31.092622+00:00", "symbol": "ETH-USD"}, {"trade_id": 667832563, "side": "sell", "size": "0.24109636", "price": "3167.76000000", "time": "2025-07-16T07:44:35.091645Z", "fetched_at": "2025-07-16T07:46:31.092622+00:00", "symbol": "ETH-USD"}, {"trade_id": 667832562, "side": "sell", "size": "2.13527969", "price": "3167.70000000", "time": "2025-07-16T07:44:35.091645Z", "fetched_at": "2025-07-16T07:46:31.092622+00:00", "symbol": "ETH-USD"}, {"trade_id": 667832561, "side": "sell", "size": "1.10984443", "price": "3167.70000000", "time": "2025-07-16T07:44:35.091645Z", "fetched_at": "2025-07-16T07:46:31.092622+00:00", "symbol": "ETH-USD"}, {"trade_id": 667832560, "side": "sell", "size": "0.40000000", "price": "3167.69000000", "time": "2025-07-16T07:44:35.091645Z", "fetched_at": "2025-07-16T07:46:31.092622+00:00", "symbol": "ETH-USD"}, {"trade_id": 667832559, "side": "sell", "size": "0.20000000", "price": "3167.69000000", "time": "2025-07-16T07:44:35.091645Z", "fetched_at": "2025-07-16T07:46:31.092622+00:00", "symbol": "ETH-USD"}, {"trade_id": 667832558, "side": "sell", "size": "0.94500000", "price": "3167.68000000", "time": "2025-07-16T07:44:35.091645Z", "fetched_at": "2025-07-16T07:46:31.092622+00:00", "symbol": "ETH-USD"}, {"trade_id": 667832557, "side": "sell", "size": "0.17289524", "price": "3167.67000000", "time": "2025-07-16T07:44:35.091645Z", "fetched_at": "2025-07-16T07:46:31.092622+00:00", "symbol": "ETH-USD"}