[{"trade_id": 667656020, "side": "sell", "size": "0.12669122", "price": "3124.98000000", "time": "2025-07-15T23:20:18.320720Z", "fetched_at": "2025-07-15T23:20:19.576570+00:00", "symbol": "ETH-USD"}, {"trade_id": 667656019, "side": "sell", "size": "0.00190037", "price": "3124.88000000", "time": "2025-07-15T23:20:18.084718Z", "fetched_at": "2025-07-15T23:20:19.576570+00:00", "symbol": "ETH-USD"}, {"trade_id": 667656018, "side": "buy", "size": "0.13846641", "price": "3125.00000000", "time": "2025-07-15T23:20:17.750130Z", "fetched_at": "2025-07-15T23:20:19.576570+00:00", "symbol": "ETH-USD"}, {"trade_id": 667656017, "side": "buy", "size": "0.01588686", "price": "3125.00000000", "time": "2025-07-15T23:20:17.750130Z", "fetched_at": "2025-07-15T23:20:19.576570+00:00", "symbol": "ETH-USD"}, {"trade_id": 667656016, "side": "buy", "size": "0.19815800", "price": "3125.11000000", "time": "2025-07-15T23:20:17.727153Z", "fetched_at": "2025-07-15T23:20:19.576570+00:00", "symbol": "ETH-USD"}, {"trade_id": 667656015, "side": "sell", "size": "0.01583990", "price": "3125.12000000", "time": "2025-07-15T23:20:17.632896Z", "fetched_at": "2025-07-15T23:20:19.576570+00:00", "symbol": "ETH-USD"}, {"trade_id": 667656014, "side": "sell", "size": "0.00777228", "price": "3125.39000000", "time": "2025-07-15T23:20:17.381254Z", "fetched_at": "2025-07-15T23:20:19.576570+00:00", "symbol": "ETH-USD"}, {"trade_id": 667656013, "side": "sell", "size": "0.04750936", "price": "3125.40000000", "time": "2025-07-15T23:20:17.362216Z", "fetched_at": "2025-07-15T23:20:19.576570+00:00", "symbol": "ETH-USD"}, {"trade_id": 667656012, "side": "sell", "size": "0.00761168", "price": "3125.48000000", "time": "2025-07-15T23:20:17.291665Z", "fetched_at": "2025-07-15T23:20:19.576570+00:00", "symbol": "ETH-USD"}, {"trade_id": 667656011, "side": "sell", "size": "0.00016182", "price": "3125.32000000", "time": "2025-07-15T23:20:17.291665Z", "fetched_at": "2025-07-15T23:20:19.576570+00:00", "symbol": "ETH-USD"}, {"trade_id": 667656010, "side": "sell", "size": "0.01512841", "price": "3125.48000000", "time": "2025-07-15T23:20:17.034050Z", "fetched_at": "2025-07-15T23:20:19.576570+00:00", "symbol": "ETH-USD"}, {"trade_id": 667656009, "side": "sell", "size": "0.00004486", "price": "3125.32000000", "time": "2025-07-15T23:20:17.034050Z", "fetched_at": "2025-07-15T23:20:19.576570+00:00", "symbol": "ETH-USD"}, {"trade_id": 667656008, "side": "sell", "size": "0.00564614", "price": "3125.29000000", "time": "2025-07-15T23:20:16.649905Z", "fetched_at": "2025-07-15T23:20:19.576570+00:00", "symbol": "ETH-USD"}, {"trade_id": 667656007, "side": "sell", "size": "0.00057054", "price": "3125.12000000", "time": "2025-07-15T23:20:16.649905Z", "fetched_at": "2025-07-15T23:20:19.576570+00:00", "symbol": "ETH-USD"}, {"trade_id": 667656006, "side": "sell", "size": "0.00389472", "price": "3125.31000000", "time": "2025-07-15T23:20:16.356504Z", "fetched_at": "2025-07-15T23:20:19.576570+00:00", "symbol": "ETH-USD"}, {"trade_id": 667656005, "side": "sell", "size": "0.00065626", "price": "3125.12000000", "time": "2025-07-15T23:20:16.356504Z", "fetched_at": "2025-07-15T23:20:19.576570+00:00", "symbol": "ETH-USD"}, {"trade_id": 667656004, "side": "sell", "size": "0.00065626", "price": "3125.02000000", "time": "2025-07-15T23:20:16.222114Z", "fetched_at": "2025-07-15T23:20:19.576570+00:00", "symbol": "ETH-USD"}, {"trade_id": 667656003, "side": "sell", "size": "0.01486885", "price": "3125.30000000", "time": "2025-07-15T23:20:15.990649Z", "fetched_at": "2025-07-15T23:20:19.576570+00:00", "symbol": "ETH-USD"}, {"trade_id": 667656002, "side": "sell", "size": "0.00067361", "price": "3125.29000000", "time": "2025-07-15T23:20:15.990649Z", "fetched_at": "2025-07-15T23:20:19.576570+00:00", "symbol": "ETH-USD"}, {"trade_id": 667656001, "side": "sell", "size": "0.00252268", "price": "3125.30000000", "time": "2025-07-15T23:20:15.862450Z", "fetched_at": "2025-07-15T23:20:19.576570+00:00", "symbol": "ETH-USD"}, {"trade_id": 667656000, "side": "sell", "size": "0.00067361", "price": "3125.29000000", "time": "2025-07-15T23:20:15.862450Z", "fetched_at": "2025-07-15T23:20:19.576570+00:00", "symbol": "ETH-USD"}, {"trade_id": 667655999, "side": "sell", "size": "0.00219736", "price": "3125.31000000", "time": "2025-07-15T23:20:15.801275Z", "fetched_at": "2025-07-15T23:20:19.576570+00:00", "symbol": "ETH-USD"}, {"trade_id": 667655998, "side": "sell", "size": "0.00005589", "price": "3125.02000000", "time": "2025-07-15T23:20:15.801275Z", "fetched_at": "2025-07-15T23:20:19.576570+00:00", "symbol": "ETH-USD"}, {"trade_id": 667655997, "side": "sell", "size": "0.00024005", "price": "3125.02000000", "time": "2025-07-15T23:20:15.801275Z", "fetched_at": "2025-07-15T23:20:19.576570+00:00", "symbol": "ETH-USD"}, {"trade_id": 667655996, "side": "sell", "size": "0.00067361", "price": "3125.02000000", "time": "2025-07-15T23:20:15.801275Z", "fetched_at": "2025-07-15T23:20:19.576570+00:00", "symbol": "ETH-USD"}, {"trade_id": 667655995, "side": "buy", "size": "0.00211232", "price": "3125.01000000", "time": "2025-07-15T23:20:15.566917Z", "fetched_at": "2025-07-15T23:20:19.576570+00:00", "symbol": "ETH-USD"}, {"trade_id": 667655994, "side": "buy", "size": "0.00089761", "price": "3125.01000000", "time": "2025-07-15T23:20:15.566917Z", "fetched_at": "2025-07-15T23:20:19.576570+00:00", "symbol": "ETH-USD"}, {"trade_id": 667655993, "side": "sell", "size": "0.03105607", "price": "3125.31000000", "time": "2025-07-15T23:20:15.230750Z", "fetched_at": "2025-07-15T23:20:19.576570+00:00", "symbol": "ETH-USD"}, {"trade_id": 667655992, "side": "sell", "size": "0.00058606", "price": "3125.30000000", "time": "2025-07-15T23:20:15.230750Z", "fetched_at": "2025-07-15T23:20:19.576570+00:00", "symbol": "ETH-USD"}, {"trade_id": 667655991, "side": "buy", "size": "0.38394299", "price": "3125.09000000", "time": "2025-07-15T23:20:14.683775Z", "fetched_at": "2025-07-15T23:20:19.576570+00:00", "symbol": "ETH-USD"}, {"trade_id": 667655990, "side": "buy", "size": "0.00010239", "price": "3125.01000000", "time": "2025-07-15T23:20:14.309155Z", "fetched_at": "2025-07-15T23:20:19.576570+00:00", "symbol": "ETH-USD"}, {"trade_id": 667655989, "side": "buy", "size": "0.00317983", "price": "3125.47000000", "time": "2025-07-15T23:20:14.253018Z", "fetched_at": "2025-07-15T23:20:19.576570+00:00", "symbol": "ETH-USD"}, {"trade_id": 667655988, "side": "buy", "size": "0.20009037", "price": "3125.49000000", "time": "2025-07-15T23:20:14.253018Z", "fetched_at": "2025-07-15T23:20:19.576570+00:00", "symbol": "ETH-USD"}, {"trade_id": 667655987, "side": "buy", "size": "1.66073790", "price": "3125.49000000", "time": "2025-07-15T23:20:14.250154Z", "fetched_at": "2025-07-15T23:20:19.576570+00:00", "symbol": "ETH-USD"}, {"trade_id": 667655986, "side": "buy", "size": "0.13917173", "price": "3125.49000000", "time": "2025-07-15T23:20:14.249340Z", "fetched_at": "2025-07-15T23:20:19.576570+00:00", "symbol": "ETH-USD"}, {"trade_id": 667655985, "side": "buy", "size": "0.41520129", "price": "3125.49000000", "time": "2025-07-15T23:20:14.249340Z", "fetched_at": "2025-07-15T23:20:19.576570+00:00", "symbol": "ETH-USD"}, {"trade_id": 667655984, "side": "sell", "size": "0.00686827", "price": "3125.76000000", "time": "2025-07-15T23:20:13.964567Z", "fetched_at": "2025-07-15T23:20:19.576570+00:00", "symbol": "ETH-USD"}, {"trade_id": 667655983, "side": "sell", "size": "0.00090425", "price": "3125.50000000", "time": "2025-07-15T23:20:13.964567Z", "fetched_at": "2025-07-15T23:20:19.576570+00:00", "symbol": "ETH-USD"}, {"trade_id": 667655982, "side": "sell", "size": "0.79993789", "price": "3125.25000000", "time": "2025-07-15T23:20:12.547997Z", "fetched_at": "2025-07-15T23:20:19.576570+00:00", "symbol": "ETH-USD"}, {"trade_id": 667655981, "side": "sell", "size": "0.80000000", "price": "3125.02000000", "time": "2025-07-15T23:20:12.544303Z", "fetched_at": "2025-07-15T23:20:19.576570+00:00", "symbol": "ETH-USD"}, {"trade_id": 667655980, "side": "sell", "size": "0.00084170", "price": "3125.01000000", "time": "2025-07-15T23:20:12.544303Z", "fetched_at": "2025-07-15T23:20:19.576570+00:00", "symbol": "ETH-USD"}, {"trade_id": 667655979, "side": "buy", "size": "0.04680063", "price": "3124.77000000", "time": "2025-07-15T23:20:12.354789Z", "fetched_at": "2025-07-15T23:20:19.576570+00:00", "symbol": "ETH-USD"}, {"trade_id": 667655978, "side": "buy", "size": "0.00319937", "price": "3124.77000000", "time": "2025-07-15T23:20:12.354789Z", "fetched_at": "2025-07-15T23:20:19.576570+00:00", "symbol": "ETH-USD"}, {"trade_id": 667655977, "side": "buy", "size": "0.00207769", "price": "3124.73000000", "time": "2025-07-15T23:20:12.248073Z", "fetched_at": "2025-07-15T23:20:19.576570+00:00", "symbol": "ETH-USD"}, {"trade_id": 667655976, "side": "buy", "size": "0.00138703", "price": "3124.69000000", "time": "2025-07-15T23:20:12.203421Z", "fetched_at": "2025-07-15T23:20:19.576570+00:00", "symbol": "ETH-USD"}, {"trade_id": 667655975, "side": "buy", "size": "0.00100000", "price": "3124.78000000", "time": "2025-07-15T23:20:12.203421Z", "fetched_at": "2025-07-15T23:20:19.576570+00:00", "symbol": "ETH-USD"}, {"trade_id": 667655974, "side": "buy", "size": "0.00319914", "price": "3124.99000000", "time": "2025-07-15T23:20:12.098230Z", "fetched_at": "2025-07-15T23:20:19.576570+00:00", "symbol": "ETH-USD"}, {"trade_id": 667655973, "side": "buy", "size": "0.00262844", "price": "3125.00000000", "time": "2025-07-15T23:20:12.067169Z", "fetched_at": "2025-07-15T23:20:19.576570+00:00", "symbol": "ETH-USD"}, {"trade_id": 667655972, "side": "sell", "size": "0.00757829", "price": "3125.26000000", "time": "2025-07-15T23:20:11.674583Z", "fetched_at": "2025-07-15T23:20:19.576570+00:00", "symbol": "ETH-USD"}, {"trade_id": 667655971, "side": "buy", "size": "0.00319912", "price": "3125.01000000", "time": "2025-07-15T23:20:11.381465Z", "fetched_at": "2025-07-15T23:20:19.576570+00:00", "symbol": "ETH-USD"}, {"trade_id": 667655970, "side": "buy", "size": "0.00100000", "price": "3125.01000000", "time": "2025-07-15T23:20:11.381465Z", "fetched_at": "2025-07-15T23:20:19.576570+00:00", "symbol": "ETH-USD"}, {"trade_id": 667655969, "side": "buy", "size": "0.00100000", "price": "3125.24000000", "time": "2025-07-15T23:20:11.274972Z", "fetched_at": "2025-07-15T23:20:19.576570+00:00", "symbol": "ETH-USD"}, {"trade_id": 667655968, "side": "buy", "size": "1.99774047", "price": "3125.29000000", "time": "2025-07-15T23:20:11.082917Z", "fetched_at": "2025-07-15T23:20:19.576570+00:00", "symbol": "ETH-USD"}, {"trade_id": 667655967, "side": "buy", "size": "0.01341175", "price": "3125.41000000", "time": "2025-07-15T23:20:11.060227Z", "fetched_at": "2025-07-15T23:20:19.576570+00:00", "symbol": "ETH-USD"}, {"trade_id": 667655966, "side": "sell", "size": "0.50697190", "price": "3125.30000000", "time": "2025-07-15T23:20:10.824994Z", "fetched_at": "2025-07-15T23:20:19.576570+00:00", "symbol": "ETH-USD"}, {"trade_id": 667655965, "side": "sell", "size": "0.07684000", "price": "3125.30000000", "time": "2025-07-15T23:20:10.824994Z", "fetched_at": "2025-07-15T23:20:19.576570+00:00", "symbol": "ETH-USD"}, {"trade_id": 667655964, "side": "sell", "size": "0.00005590", "price": "3125.30000000", "time": "2025-07-15T23:20:10.824994Z", "fetched_at": "2025-07-15T23:20:19.576570+00:00", "symbol": "ETH-USD"}, {"trade_id": 667655963, "side": "sell", "size": "0.00024000", "price": "3125.30000000", "time": "2025-07-15T23:20:10.824994Z", "fetched_at": "2025-07-15T23:20:19.576570+00:00", "symbol": "ETH-USD"}, {"trade_id": 667655962, "side": "buy", "size": "0.00225953", "price": "3125.29000000", "time": "2025-07-15T23:20:10.816150Z", "fetched_at": "2025-07-15T23:20:19.576570+00:00", "symbol": "ETH-USD"}, {"trade_id": 667655961, "side": "sell", "size": "0.00155513", "price": "3125.31000000", "time": "2025-07-15T23:20:10.037912Z", "fetched_at": "2025-07-15T23:20:19.576570+00:00", "symbol": "ETH-USD"}, {"trade_id": 667655960, "side": "sell", "size": "0.36194055", "price": "3125.78000000", "time": "2025-07-15T23:20:09.883851Z", "fetched_at": "2025-07-15T23:20:19.576570+00:00", "symbol": "ETH-USD"}, {"trade_id": 667655959, "side": "sell", "size": "0.00081344", "price": "3125.77000000", "time": "2025-07-15T23:20:09.883851Z", "fetched_at": "2025-07-15T23:20:19.576570+00:00", "symbol": "ETH-USD"}, {"trade_id": 667655958, "side": "sell", "size": "0.13045091", "price": "3125.32000000", "time": "2025-07-15T23:20:09.883851Z", "fetched_at": "2025-07-15T23:20:19.576570+00:00", "symbol": "ETH-USD"}, {"trade_id": 667655957, "side": "sell", "size": "0.00308909", "price": "3125.32000000", "time": "2025-07-15T23:20:09.670884Z", "fetched_at": "2025-07-15T23:20:19.576570+00:00", "symbol": "ETH-USD"}, {"trade_id": 667655956, "side": "sell", "size": "0.22111443", "price": "3125.41000000", "time": "2025-07-15T23:20:09.644291Z", "fetched_at": "2025-07-15T23:20:19.576570+00:00", "symbol": "ETH-USD"}, {"trade_id": 667655955, "side": "sell", "size": "0.13354000", "price": "3125.41000000", "time": "2025-07-15T23:20:09.644291Z", "fetched_at": "2025-07-15T23:20:19.576570+00:00", "symbol": "ETH-USD"}, {"trade_id": 667655954, "side": "sell", "size": "0.34815986", "price": "3125.68000000", "time": "2025-07-15T23:20:09.576448Z", "fetched_at": "2025-07-15T23:20:19.576570+00:00", "symbol": "ETH-USD"}, {"trade_id": 667655953, "side": "sell", "size": "0.00083378", "price": "3125.67000000", "time": "2025-07-15T23:20:09.576448Z", "fetched_at": "2025-07-15T23:20:19.576570+00:00", "symbol": "ETH-USD"}, {"trade_id": 667655952, "side": "sell", "size": "0.04709180", "price": "3125.66000000", "time": "2025-07-15T23:20:09.576448Z", "fetched_at": "2025-07-15T23:20:19.576570+00:00", "symbol": "ETH-USD"}, {"trade_id": 667655951, "side": "sell", "size": "0.00031644", "price": "3125.69000000", "time": "2025-07-15T23:20:09.369310Z", "fetched_at": "2025-07-15T23:20:19.576570+00:00", "symbol": "ETH-USD"}, {"trade_id": 667655950, "side": "sell", "size": "0.00010000", "price": "3125.69000000", "time": "2025-07-15T23:20:09.307302Z", "fetched_at": "2025-07-15T23:20:19.576570+00:00", "symbol": "ETH-USD"}, {"trade_id": 667655949, "side": "sell", "size": "0.00010000", "price": "3125.89000000", "time": "2025-07-15T23:20:08.421536Z", "fetched_at": "2025-07-15T23:20:19.576570+00:00", "symbol": "ETH-USD"}, {"trade_id": 667655948, "side": "sell", "size": "0.01454912", "price": "3126.04000000", "time": "2025-07-15T23:20:08.314936Z", "fetched_at": "2025-07-15T23:20:19.576570+00:00", "symbol": "ETH-USD"}, {"trade_id": 667655947, "side": "sell", "size": "0.00087750", "price": "3126.03000000", "time": "2025-07-15T23:20:08.314936Z", "fetched_at": "2025-07-15T23:20:19.576570+00:00", "symbol": "ETH-USD"}, {"trade_id": 667655946, "side": "sell", "size": "0.00010334", "price": "3125.83000000", "time": "2025-07-15T23:20:08.314936Z", "fetched_at": "2025-07-15T23:20:19.576570+00:00", "symbol": "ETH-USD"}, {"trade_id": 667655945, "side": "sell", "size": "0.17149041", "price": "3126.08000000", "time": "2025-07-15T23:20:07.631263Z", "fetched_at": "2025-07-15T23:20:19.576570+00:00", "symbol": "ETH-USD"}, {"trade_id": 667655944, "side": "sell", "size": "0.15994700", "price": "3126.04000000", "time": "2025-07-15T23:20:07.631263Z", "fetched_at": "2025-07-15T23:20:19.576570+00:00", "symbol": "ETH-USD"}, {"trade_id": 667655943, "side": "sell", "size": "0.24269000", "price": "3126.03000000", "time": "2025-07-15T23:20:07.631263Z", "fetched_at": "2025-07-15T23:20:19.576570+00:00", "symbol": "ETH-USD"}, {"trade_id": 667655942, "side": "sell", "size": "0.16960583", "price": "3126.02000000", "time": "2025-07-15T23:20:07.631263Z", "fetched_at": "2025-07-15T23:20:19.576570+00:00", "symbol": "ETH-USD"}, {"trade_id": 667655941, "side": "sell", "size": "0.00088117", "price": "3126.01000000", "time": "2025-07-15T23:20:07.631263Z", "fetched_at": "2025-07-15T23:20:19.576570+00:00", "symbol": "ETH-USD"}, {"trade_id": 667655940, "side": "sell", "size": "0.00010335", "price": "3125.83000000", "time": "2025-07-15T23:20:07.631263Z", "fetched_at": "2025-07-15T23:20:19.576570+00:00", "symbol": "ETH-USD"}, {"trade_id": 667655939, "side": "sell", "size": "0.00063881", "price": "3125.83000000", "time": "2025-07-15T23:20:07.631263Z", "fetched_at": "2025-07-15T23:20:19.576570+00:00", "symbol": "ETH-USD"}, {"trade_id": 667655938, "side": "sell", "size": "0.63524763", "price": "3125.82000000", "time": "2025-07-15T23:20:07.417110Z", "fetched_at": "2025-07-15T23:20:19.576570+00:00", "symbol": "ETH-USD"}, {"trade_id": 667655937, "side": "sell", "size": "0.15995905", "price": "3125.80000000", "time": "2025-07-15T23:20:07.417110Z", "fetched_at": "2025-07-15T23:20:19.576570+00:00", "symbol": "ETH-USD"}, {"trade_id": 667655936, "side": "sell", "size": "0.80000000", "price": "3125.75000000", "time": "2025-07-15T23:20:07.417110Z", "fetched_at": "2025-07-15T23:20:19.576570+00:00", "symbol": "ETH-USD"}, {"trade_id": 667655935, "side": "sell", "size": "0.00088337", "price": "3125.74000000", "time": "2025-07-15T23:20:07.417110Z", "fetched_at": "2025-07-15T23:20:19.576570+00:00", "symbol": "ETH-USD"}, {"trade_id": 667655934, "side": "sell", "size": "0.00010000", "price": "3125.74000000", "time": "2025-07-15T23:20:07.383706Z", "fetched_at": "2025-07-15T23:20:19.576570+00:00", "symbol": "ETH-USD"}, {"trade_id": 667655933, "side": "sell", "size": "0.00000940", "price": "3125.74000000", "time": "2025-07-15T23:20:07.288292Z", "fetched_at": "2025-07-15T23:20:19.576570+00:00", "symbol": "ETH-USD"}, {"trade_id": 667655932, "side": "buy", "size": "0.00023120", "price": "3125.33000000", "time": "2025-07-15T23:20:07.225918Z", "fetched_at": "2025-07-15T23:20:19.576570+00:00", "symbol": "ETH-USD"}, {"trade_id": 667655931, "side": "buy", "size": "0.31689953", "price": "3125.30000000", "time": "2025-07-15T23:20:07.099328Z", "fetched_at": "2025-07-15T23:20:19.576570+00:00", "symbol": "ETH-USD"}, {"trade_id": 667655930, "side": "buy", "size": "0.00319881", "price": "3125.31000000", "time": "2025-07-15T23:20:07.099328Z", "fetched_at": "2025-07-15T23:20:19.576570+00:00", "symbol": "ETH-USD"}, {"trade_id": 667655929, "side": "sell", "size": "0.08498116", "price": "3125.73000000", "time": "2025-07-15T23:20:06.110902Z", "fetched_at": "2025-07-15T23:20:19.576570+00:00", "symbol": "ETH-USD"}, {"trade_id": 667655928, "side": "sell", "size": "0.76997708", "price": "3125.71000000", "time": "2025-07-15T23:20:06.110201Z", "fetched_at": "2025-07-15T23:20:19.576570+00:00", "symbol": "ETH-USD"}, {"trade_id": 667655927, "side": "sell", "size": "0.03002292", "price": "3125.71000000", "time": "2025-07-15T23:20:06.106027Z", "fetched_at": "2025-07-15T23:20:19.576570+00:00", "symbol": "ETH-USD"}, {"trade_id": 667655926, "side": "sell", "size": "0.00005589", "price": "3125.69000000", "time": "2025-07-15T23:20:06.106027Z", "fetched_at": "2025-07-15T23:20:19.576570+00:00", "symbol": "ETH-USD"}, {"trade_id": 667655925, "side": "sell", "size": "0.00024003", "price": "3125.69000000", "time": "2025-07-15T23:20:06.106027Z", "fetched_at": "2025-07-15T23:20:19.576570+00:00", "symbol": "ETH-USD"}, {"trade_id": 667655924, "side": "buy", "size": "0.00319843", "price": "3125.69000000", "time": "2025-07-15T23:20:05.228159Z", "fetched_at": "2025-07-15T23:20:19.576570+00:00", "symbol": "ETH-USD"}, {"trade_id": 667655923, "side": "buy", "size": "0.00319843", "price": "3125.69000000", "time": "2025-07-15T23:20:05.212183Z", "fetched_at": "2025-07-15T23:20:19.576570+00:00", "symbol": "ETH-USD"}, {"trade_id": 667655922, "side": "buy", "size": "0.00319842", "price": "3125.70000000", "time": "2025-07-15T23:20:05.182460Z", "fetched_at": "2025-07-15T23:20:19.576570+00:00", "symbol": "ETH-USD"}, {"trade_id": 667655921, "side": "buy", "size": "0.07815898", "price": "3125.70000000", "time": "2025-07-15T23:20:05.172454Z", "fetched_at": "2025-07-15T23:20:19.576570+00:00", "symbol": "ETH-USD"}, {"trade_id": 667655920, "side": "buy", "size": "0.00319842", "price": "3125.70000000", "time": "2025-07-15T23:20:05.172454Z", "fetched_at": "2025-07-15T23:20:19.576570+00:00", "symbol": "ETH-USD"}, {"trade_id": 667655919, "side": "sell", "size": "0.00000319", "price": "3125.70000000", "time": "2025-07-15T23:20:04.356911Z", "fetched_at": "2025-07-15T23:20:19.576570+00:00", "symbol": "ETH-USD"}, {"trade_id": 667655918, "side": "sell", "size": "0.00319799", "price": "3124.74000000", "time": "2025-07-15T23:20:03.818368Z", "fetched_at": "2025-07-15T23:20:19.576570+00:00", "symbol": "ETH-USD"}, {"trade_id": 667655917, "side": "sell", "size": "0.00036483", "price": "3124.74000000", "time": "2025-07-15T23:20:03.716056Z", "fetched_at": "2025-07-15T23:20:19.576570+00:00", "symbol": "ETH-USD"}, {"trade_id": 667655916, "side": "sell", "size": "0.39908281", "price": "3124.95000000", "time": "2025-07-15T23:20:03.537610Z", "fetched_at": "2025-07-15T23:20:19.576570+00:00", "symbol": "ETH-USD"}, {"trade_id": 667655915, "side": "sell", "size": "0.45024330", "price": "3124.73000000", "time": "2025-07-15T23:20:03.533711Z", "fetched_at": "2025-07-15T23:20:19.576570+00:00", "symbol": "ETH-USD"}, {"trade_id": 667655914, "side": "sell", "size": "0.00319799", "price": "3124.29000000", "time": "2025-07-15T23:20:03.533711Z", "fetched_at": "2025-07-15T23:20:19.576570+00:00", "symbol": "ETH-USD"}, {"trade_id": 667655913, "side": "sell", "size": "0.00606729", "price": "3124.71000000", "time": "2025-07-15T23:20:03.449249Z", "fetched_at": "2025-07-15T23:20:19.576570+00:00", "symbol": "ETH-USD"}, {"trade_id": 667655912, "side": "sell", "size": "0.00319799", "price": "3124.27000000", "time": "2025-07-15T23:20:03.445396Z", "fetched_at": "2025-07-15T23:20:19.576570+00:00", "symbol": "ETH-USD"}, {"trade_id": 667655911, "side": "sell", "size": "0.00319702", "price": "3123.96000000", "time": "2025-07-15T23:20:03.356150Z", "fetched_at": "2025-07-15T23:20:19.576570+00:00", "symbol": "ETH-USD"}, {"trade_id": 667655910, "side": "sell", "size": "0.00160693", "price": "3123.96000000", "time": "2025-07-15T23:20:03.094933Z", "fetched_at": "2025-07-15T23:20:19.576570+00:00", "symbol": "ETH-USD"}, {"trade_id": 667655909, "side": "sell", "size": "0.13354000", "price": "3124.13000000", "time": "2025-07-15T23:20:02.793142Z", "fetched_at": "2025-07-15T23:20:19.576570+00:00", "symbol": "ETH-USD"}, {"trade_id": 667655908, "side": "sell", "size": "0.13354000", "price": "3124.12000000", "time": "2025-07-15T23:20:02.728832Z", "fetched_at": "2025-07-15T23:20:19.576570+00:00", "symbol": "ETH-USD"}, {"trade_id": 667655907, "side": "buy", "size": "0.00106446", "price": "3124.82000000", "time": "2025-07-15T23:20:02.721507Z", "fetched_at": "2025-07-15T23:20:19.576570+00:00", "symbol": "ETH-USD"}, {"trade_id": 667655906, "side": "sell", "size": "0.13354000", "price": "3124.11000000", "time": "2025-07-15T23:20:02.712072Z", "fetched_at": "2025-07-15T23:20:19.576570+00:00", "symbol": "ETH-USD"}, {"trade_id": 667655905, "side": "sell", "size": "0.13354000", "price": "3124.10000000", "time": "2025-07-15T23:20:02.699625Z", "fetched_at": "2025-07-15T23:20:19.576570+00:00", "symbol": "ETH-USD"}, {"trade_id": 667655904, "side": "buy", "size": "0.00100000", "price": "3124.32000000", "time": "2025-07-15T23:20:02.682748Z", "fetched_at": "2025-07-15T23:20:19.576570+00:00", "symbol": "ETH-USD"}, {"trade_id": 667655903, "side": "buy", "size": "0.00106450", "price": "3124.68000000", "time": "2025-07-15T23:20:02.660563Z", "fetched_at": "2025-07-15T23:20:19.576570+00:00", "symbol": "ETH-USD"}, {"trade_id": 667655902, "side": "buy", "size": "0.00106450", "price": "3124.68000000", "time": "2025-07-15T23:20:02.646859Z", "fetched_at": "2025-07-15T23:20:19.576570+00:00", "symbol": "ETH-USD"}, {"trade_id": 667655901, "side": "buy", "size": "0.00106450", "price": "3124.68000000", "time": "2025-07-15T23:20:02.635931Z", "fetched_at": "2025-07-15T23:20:19.576570+00:00", "symbol": "ETH-USD"}, {"trade_id": 667655900, "side": "buy", "size": "0.00797345", "price": "3124.43000000", "time": "2025-07-15T23:20:02.624136Z", "fetched_at": "2025-07-15T23:20:19.576570+00:00", "symbol": "ETH-USD"}, {"trade_id": 667655899, "side": "sell", "size": "0.09188818", "price": "3124.69000000", "time": "2025-07-15T23:20:02.606691Z", "fetched_at": "2025-07-15T23:20:19.576570+00:00", "symbol": "ETH-USD"}, {"trade_id": 667655898, "side": "sell", "size": "0.71811740", "price": "3125.58000000", "time": "2025-07-15T23:20:02.481090Z", "fetched_at": "2025-07-15T23:20:19.576570+00:00", "symbol": "ETH-USD"}, {"trade_id": 667655897, "side": "sell", "size": "0.11371268", "price": "3125.58000000", "time": "2025-07-15T23:20:02.481090Z", "fetched_at": "2025-07-15T23:20:19.576570+00:00", "symbol": "ETH-USD"}, {"trade_id": 667655896, "side": "sell", "size": "0.00319703", "price": "3125.57000000", "time": "2025-07-15T23:20:02.481090Z", "fetched_at": "2025-07-15T23:20:19.576570+00:00", "symbol": "ETH-USD"}, {"trade_id": 667655895, "side": "sell", "size": "1.29285000", "price": "3125.54000000", "time": "2025-07-15T23:20:02.481090Z", "fetched_at": "2025-07-15T23:20:19.576570+00:00", "symbol": "ETH-USD"}, {"trade_id": 667655894, "side": "buy", "size": "0.00107831", "price": "3125.06000000", "time": "2025-07-15T23:20:02.476883Z", "fetched_at": "2025-07-15T23:20:19.576570+00:00", "symbol": "ETH-USD"}, {"trade_id": 667655893, "side": "sell", "size": "0.01623000", "price": "3125.07000000", "time": "2025-07-15T23:20:02.465620Z", "fetched_at": "2025-07-15T23:20:19.576570+00:00", "symbol": "ETH-USD"}, {"trade_id": 667655892, "side": "buy", "size": "0.59299915", "price": "3124.76000000", "time": "2025-07-15T23:20:02.427908Z", "fetched_at": "2025-07-15T23:20:19.576570+00:00", "symbol": "ETH-USD"}, {"trade_id": 667655891, "side": "buy", "size": "0.69341000", "price": "3124.76000000", "time": "2025-07-15T23:20:02.427753Z", "fetched_at": "2025-07-15T23:20:19.576570+00:00", "symbol": "ETH-USD"}, {"trade_id": 667655890, "side": "buy", "size": "0.17165263", "price": "3124.78000000", "time": "2025-07-15T23:20:02.421664Z", "fetched_at": "2025-07-15T23:20:19.576570+00:00", "symbol": "ETH-USD"}, {"trade_id": 667655889, "side": "buy", "size": "0.00047967", "price": "3124.78000000", "time": "2025-07-15T23:20:02.421664Z", "fetched_at": "2025-07-15T23:20:19.576570+00:00", "symbol": "ETH-USD"}, {"trade_id": 667655888, "side": "buy", "size": "0.40000000", "price": "3125.03000000", "time": "2025-07-15T23:20:02.404508Z", "fetched_at": "2025-07-15T23:20:19.576570+00:00", "symbol": "ETH-USD"}, {"trade_id": 667655887, "side": "sell", "size": "0.00303386", "price": "3125.28000000", "time": "2025-07-15T23:20:02.403565Z", "fetched_at": "2025-07-15T23:20:19.576570+00:00", "symbol": "ETH-USD"}, {"trade_id": 667655886, "side": "buy", "size": "0.00137975", "price": "3125.27000000", "time": "2025-07-15T23:20:02.401431Z", "fetched_at": "2025-07-15T23:20:19.576570+00:00", "symbol": "ETH-USD"}, {"trade_id": 667655885, "side": "buy", "size": "1.18037365", "price": "3125.21000000", "time": "2025-07-15T23:20:02.392374Z", "fetched_at": "2025-07-15T23:20:19.576570+00:00", "symbol": "ETH-USD"}, {"trade_id": 667655884, "side": "buy", "size": "0.00100000", "price": "3125.24000000", "time": "2025-07-15T23:20:02.392374Z", "fetched_at": "2025-07-15T23:20:19.576570+00:00", "symbol": "ETH-USD"}, {"trade_id": 667655883, "side": "buy", "size": "0.56781595", "price": "3125.26000000", "time": "2025-07-15T23:20:02.392374Z", "fetched_at": "2025-07-15T23:20:19.576570+00:00", "symbol": "ETH-USD"}, {"trade_id": 667655882, "side": "buy", "size": "0.00137975", "price": "3125.27000000", "time": "2025-07-15T23:20:02.392374Z", "fetched_at": "2025-07-15T23:20:19.576570+00:00", "symbol": "ETH-USD"}, {"trade_id": 667655881, "side": "buy", "size": "1.20765939", "price": "3125.43000000", "time": "2025-07-15T23:20:02.367012Z", "fetched_at": "2025-07-15T23:20:19.576570+00:00", "symbol": "ETH-USD"}, {"trade_id": 667655880, "side": "buy", "size": "0.35793086", "price": "3125.66000000", "time": "2025-07-15T23:20:02.363747Z", "fetched_at": "2025-07-15T23:20:19.576570+00:00", "symbol": "ETH-USD"}, {"trade_id": 667655879, "side": "buy", "size": "0.00137958", "price": "3125.67000000", "time": "2025-07-15T23:20:02.363747Z", "fetched_at": "2025-07-15T23:20:19.576570+00:00", "symbol": "ETH-USD"}, {"trade_id": 667655878, "side": "buy", "size": "0.00137951", "price": "3125.83000000", "time": "2025-07-15T23:20:02.338471Z", "fetched_at": "2025-07-15T23:20:19.576570+00:00", "symbol": "ETH-USD"}, {"trade_id": 667655877, "side": "buy", "size": "0.00137951", "price": "3125.83000000", "time": "2025-07-15T23:20:02.321487Z", "fetched_at": "2025-07-15T23:20:19.576570+00:00", "symbol": "ETH-USD"}, {"trade_id": 667655876, "side": "buy", "size": "0.00138248", "price": "3125.83000000", "time": "2025-07-15T23:20:02.312481Z", "fetched_at": "2025-07-15T23:20:19.576570+00:00", "symbol": "ETH-USD"}, {"trade_id": 667655875, "side": "buy", "size": "0.00138482", "price": "3125.77000000", "time": "2025-07-15T23:20:02.293223Z", "fetched_at": "2025-07-15T23:20:19.576570+00:00", "symbol": "ETH-USD"}, {"trade_id": 667655874, "side": "buy", "size": "0.00138478", "price": "3125.84000000", "time": "2025-07-15T23:20:02.266345Z", "fetched_at": "2025-07-15T23:20:19.576570+00:00", "symbol": "ETH-USD"}, {"trade_id": 667655873, "side": "buy", "size": "0.00081235", "price": "3126.38000000", "time": "2025-07-15T23:20:02.022600Z", "fetched_at": "2025-07-15T23:20:19.576570+00:00", "symbol": "ETH-USD"}, {"trade_id": 667655872, "side": "buy", "size": "0.46235611", "price": "3126.38000000", "time": "2025-07-15T23:20:02.022600Z", "fetched_at": "2025-07-15T23:20:19.576570+00:00", "symbol": "ETH-USD"}, {"trade_id": 667655871, "side": "sell", "size": "0.02625997", "price": "3126.47000000", "time": "2025-07-15T23:20:01.869555Z", "fetched_at": "2025-07-15T23:20:19.576570+00:00", "symbol": "ETH-USD"}, {"trade_id": 667655870, "side": "sell", "size": "0.00232363", "price": "3126.34000000", "time": "2025-07-15T23:20:01.863527Z", "fetched_at": "2025-07-15T23:20:19.576570+00:00", "symbol": "ETH-USD"}, {"trade_id": 667655869, "side": "sell", "size": "0.13354000", "price": "3126.34000000", "time": "2025-07-15T23:20:01.863527Z", "fetched_at": "2025-07-15T23:20:19.576570+00:00", "symbol": "ETH-USD"}, {"trade_id": 667655868, "side": "sell", "size": "0.02625997", "price": "3126.33000000", "time": "2025-07-15T23:20:01.863527Z", "fetched_at": "2025-07-15T23:20:19.576570+00:00", "symbol": "ETH-USD"}, {"trade_id": 667655867, "side": "buy", "size": "0.00297004", "price": "3126.34000000", "time": "2025-07-15T23:20:01.693513Z", "fetched_at": "2025-07-15T23:20:19.576570+00:00", "symbol": "ETH-USD"}, {"trade_id": 667655866, "side": "sell", "size": "0.13354000", "price": "3125.95000000", "time": "2025-07-15T23:20:01.668163Z", "fetched_at": "2025-07-15T23:20:19.576570+00:00", "symbol": "ETH-USD"}, {"trade_id": 667655865, "side": "buy", "size": "0.00297004", "price": "3126.34000000", "time": "2025-07-15T23:20:01.644392Z", "fetched_at": "2025-07-15T23:20:19.576570+00:00", "symbol": "ETH-USD"}, {"trade_id": 667655864, "side": "buy", "size": "0.00296957", "price": "3126.84000000", "time": "2025-07-15T23:20:01.613151Z", "fetched_at": "2025-07-15T23:20:19.576570+00:00", "symbol": "ETH-USD"}, {"trade_id": 667655863, "side": "buy", "size": "0.95920961", "price": "3126.45000000", "time": "2025-07-15T23:20:01.609680Z", "fetched_at": "2025-07-15T23:20:19.576570+00:00", "symbol": "ETH-USD"}, {"trade_id": 667655862, "side": "sell", "size": "0.49769146", "price": "3126.85000000", "time": "2025-07-15T23:20:01.603455Z", "fetched_at": "2025-07-15T23:20:19.576570+00:00", "symbol": "ETH-USD"}, {"trade_id": 667655861, "side": "sell", "size": "0.15991222", "price": "3126.72000000", "time": "2025-07-15T23:20:01.603455Z", "fetched_at": "2025-07-15T23:20:19.576570+00:00", "symbol": "ETH-USD"}, {"trade_id": 667655860, "side": "sell", "size": "0.16149702", "price": "3126.52000000", "time": "2025-07-15T23:20:01.603455Z", "fetched_at": "2025-07-15T23:20:19.576570+00:00", "symbol": "ETH-USD"}, {"trade_id": 667655859, "side": "sell", "size": "0.94500000", "price": "3126.35000000", "time": "2025-07-15T23:20:01.603455Z", "fetched_at": "2025-07-15T23:20:19.576570+00:00", "symbol": "ETH-USD"}, {"trade_id": 667655858, "side": "buy", "size": "0.94036556", "price": "3126.23000000", "time": "2025-07-15T23:20:01.589058Z", "fetched_at": "2025-07-15T23:20:19.576570+00:00", "symbol": "ETH-USD"}, {"trade_id": 667655857, "side": "sell", "size": "0.25943930", "price": "3126.85000000", "time": "2025-07-15T23:20:01.587859Z", "fetched_at": "2025-07-15T23:20:19.576570+00:00", "symbol": "ETH-USD"}, {"trade_id": 667655856, "side": "sell", "size": "0.55202070", "price": "3126.80000000", "time": "2025-07-15T23:20:01.587859Z", "fetched_at": "2025-07-15T23:20:19.576570+00:00", "symbol": "ETH-USD"}, {"trade_id": 667655855, "side": "sell", "size": "0.94500000", "price": "3126.53000000", "time": "2025-07-15T23:20:01.587859Z", "fetched_at": "2025-07-15T23:20:19.576570+00:00", "symbol": "ETH-USD"}, {"trade_id": 667655854, "side": "sell", "size": "0.13354000", "price": "3126.35000000", "time": "2025-07-15T23:20:01.587859Z", "fetched_at": "2025-07-15T23:20:19.576570+00:00", "symbol": "ETH-USD"}, {"trade_id": 667655853, "side": "buy", "size": "0.24555974", "price": "3126.23000000", "time": "2025-07-15T23:20:01.587585Z", "fetched_at": "2025-07-15T23:20:19.576570+00:00", "symbol": "ETH-USD"}, {"trade_id": 667655852, "side": "buy", "size": "0.08566046", "price": "3126.23000000", "time": "2025-07-15T23:20:01.587585Z", "fetched_at": "2025-07-15T23:20:19.576570+00:00", "symbol": "ETH-USD"}, {"trade_id": 667655851, "side": "buy", "size": "1.21340441", "price": "3126.23000000", "time": "2025-07-15T23:20:01.586064Z", "fetched_at": "2025-07-15T23:20:19.576570+00:00", "symbol": "ETH-USD"}, {"trade_id": 667655850, "side": "buy", "size": "1.19889991", "price": "3126.02000000", "time": "2025-07-15T23:20:01.573428Z", "fetched_at": "2025-07-15T23:20:19.576570+00:00", "symbol": "ETH-USD"}, {"trade_id": 667655849, "side": "buy", "size": "0.14620810", "price": "3126.14000000", "time": "2025-07-15T23:20:01.561538Z", "fetched_at": "2025-07-15T23:20:19.576570+00:00", "symbol": "ETH-USD"}, {"trade_id": 667655848, "side": "buy", "size": "0.23719886", "price": "3126.14000000", "time": "2025-07-15T23:20:01.561173Z", "fetched_at": "2025-07-15T23:20:19.576570+00:00", "symbol": "ETH-USD"}, {"trade_id": 667655847, "side": "buy", "size": "0.81544296", "price": "3126.14000000", "time": "2025-07-15T23:20:01.560016Z", "fetched_at": "2025-07-15T23:20:19.576570+00:00", "symbol": "ETH-USD"}, {"trade_id": 667655846, "side": "buy", "size": "0.07622378", "price": "3126.10000000", "time": "2025-07-15T23:20:01.552548Z", "fetched_at": "2025-07-15T23:20:19.576570+00:00", "symbol": "ETH-USD"}, {"trade_id": 667655845, "side": "buy", "size": "0.24086614", "price": "3126.05000000", "time": "2025-07-15T23:20:01.550763Z", "fetched_at": "2025-07-15T23:20:19.576570+00:00", "symbol": "ETH-USD"}, {"trade_id": 667655844, "side": "buy", "size": "0.05513247", "price": "3126.09000000", "time": "2025-07-15T23:20:01.550763Z", "fetched_at": "2025-07-15T23:20:19.576570+00:00", "symbol": "ETH-USD"}, {"trade_id": 667655843, "side": "buy", "size": "0.90283212", "price": "3126.24000000", "time": "2025-07-15T23:20:01.550763Z", "fetched_at": "2025-07-15T23:20:19.576570+00:00", "symbol": "ETH-USD"}, {"trade_id": 667655842, "side": "buy", "size": "0.29599861", "price": "3126.24000000", "time": "2025-07-15T23:20:01.550441Z", "fetched_at": "2025-07-15T23:20:19.576570+00:00", "symbol": "ETH-USD"}, {"trade_id": 667655841, "side": "buy", "size": "0.00000206", "price": "3126.33000000", "time": "2025-07-15T23:20:01.550441Z", "fetched_at": "2025-07-15T23:20:19.576570+00:00", "symbol": "ETH-USD"}, {"trade_id": 667655840, "side": "buy", "size": "0.69315048", "price": "3126.33000000", "time": "2025-07-15T23:20:01.546170Z", "fetched_at": "2025-07-15T23:20:19.576570+00:00", "symbol": "ETH-USD"}, {"trade_id": 667655839, "side": "buy", "size": "0.25184746", "price": "3126.33000000", "time": "2025-07-15T23:20:01.545975Z", "fetched_at": "2025-07-15T23:20:19.576570+00:00", "symbol": "ETH-USD"}, {"trade_id": 667655838, "side": "buy", "size": "0.00000206", "price": "3126.62000000", "time": "2025-07-15T23:20:01.545975Z", "fetched_at": "2025-07-15T23:20:19.576570+00:00", "symbol": "ETH-USD"}, {"trade_id": 667655837, "side": "buy", "size": "1.19867730", "price": "3126.62000000", "time": "2025-07-15T23:20:01.543987Z", "fetched_at": "2025-07-15T23:20:19.576570+00:00", "symbol": "ETH-USD"}, {"trade_id": 667655836, "side": "buy", "size": "0.94500000", "price": "3126.63000000", "time": "2025-07-15T23:20:01.543745Z", "fetched_at": "2025-07-15T23:20:19.576570+00:00", "symbol": "ETH-USD"}, {"trade_id": 667655835, "side": "buy", "size": "1.19867730", "price": "3126.62000000", "time": "2025-07-15T23:20:01.539582Z", "fetched_at": "2025-07-15T23:20:19.576570+00:00", "symbol": "ETH-USD"}, {"trade_id": 667655834, "side": "sell", "size": "0.11702950", "price": "3127.27000000", "time": "2025-07-15T23:20:01.534580Z", "fetched_at": "2025-07-15T23:20:19.576570+00:00", "symbol": "ETH-USD"}, {"trade_id": 667655833, "side": "sell", "size": "0.55515799", "price": "3127.15000000", "time": "2025-07-15T23:20:01.534580Z", "fetched_at": "2025-07-15T23:20:19.576570+00:00", "symbol": "ETH-USD"}, {"trade_id": 667655832, "side": "buy", "size": "0.00262976", "price": "3126.62000000", "time": "2025-07-15T23:20:01.529313Z", "fetched_at": "2025-07-15T23:20:19.576570+00:00", "symbol": "ETH-USD"}, {"trade_id": 667655831, "side": "buy", "size": "0.94500000", "price": "3126.68000000", "time": "2025-07-15T23:20:01.529313Z", "fetched_at": "2025-07-15T23:20:19.576570+00:00", "symbol": "ETH-USD"}, {"trade_id": 667655830, "side": "buy", "size": "1.19603004", "price": "3126.62000000", "time": "2025-07-15T23:20:01.515265Z", "fetched_at": "2025-07-15T23:20:19.576570+00:00", "symbol": "ETH-USD"}, {"trade_id": 667655829, "side": "buy", "size": "0.00262976", "price": "3127.10000000", "time": "2025-07-15T23:20:01.515265Z", "fetched_at": "2025-07-15T23:20:19.576570+00:00", "symbol": "ETH-USD"}, {"trade_id": 667655828, "side": "sell", "size": "0.10188383", "price": "3127.25000000", "time": "2025-07-15T23:20:01.514516Z", "fetched_at": "2025-07-15T23:20:19.576570+00:00", "symbol": "ETH-USD"}, {"trade_id": 667655827, "side": "buy", "size": "1.19865154", "price": "3126.62000000", "time": "2025-07-15T23:20:01.506873Z", "fetched_at": "2025-07-15T23:20:19.576570+00:00", "symbol": "ETH-USD"}, {"trade_id": 667655826, "side": "sell", "size": "0.94500000", "price": "3127.28000000", "time": "2025-07-15T23:20:01.502327Z", "fetched_at": "2025-07-15T23:20:19.576570+00:00", "symbol": "ETH-USD"}, {"trade_id": 667655825, "side": "buy", "size": "0.10000000", "price": "3126.45000000", "time": "2025-07-15T23:20:01.497993Z", "fetched_at": "2025-07-15T23:20:19.576570+00:00", "symbol": "ETH-USD"}, {"trade_id": 667655824, "side": "buy", "size": "0.94500000", "price": "3126.50000000", "time": "2025-07-15T23:20:01.497993Z", "fetched_at": "2025-07-15T23:20:19.576570+00:00", "symbol": "ETH-USD"}, {"trade_id": 667655823, "side": "buy", "size": "0.25362638", "price": "3126.72000000", "time": "2025-07-15T23:20:01.497993Z", "fetched_at": "2025-07-15T23:20:19.576570+00:00", "symbol": "ETH-USD"}, {"trade_id": 667655822, "side": "buy", "size": "0.94500000", "price": "3126.72000000", "time": "2025-07-15T23:20:01.494509Z", "fetched_at": "2025-07-15T23:20:19.576570+00:00", "symbol": "ETH-USD"}, {"trade_id": 667655821, "side": "sell", "size": "0.80987723", "price": "3127.15000000", "time": "2025-07-15T23:20:01.487659Z", "fetched_at": "2025-07-15T23:20:19.576570+00:00", "symbol": "ETH-USD"}, {"trade_id": 667655820, "side": "buy", "size": "0.00000962", "price": "3126.68000000", "time": "2025-07-15T23:20:01.483975Z", "fetched_at": "2025-07-15T23:20:19.576570+00:00", "symbol": "ETH-USD"}, {"trade_id": 667655819, "side": "buy", "size": "1.19862620", "price": "3126.72000000", "time": "2025-07-15T23:20:01.483975Z", "fetched_at": "2025-07-15T23:20:19.576570+00:00", "symbol": "ETH-USD"}, {"trade_id": 667655818, "side": "buy", "size": "0.39852055", "price": "3126.59000000", "time": "2025-07-15T23:20:01.479762Z", "fetched_at": "2025-07-15T23:20:19.576570+00:00", "symbol": "ETH-USD"}, {"trade_id": 667655817, "side": "buy", "size": "1.19863582", "price": "3126.62000000", "time": "2025-07-15T23:20:01.479762Z", "fetched_at": "2025-07-15T23:20:19.576570+00:00", "symbol": "ETH-USD"}, {"trade_id": 667655816, "side": "sell", "size": "0.13512277", "price": "3127.55000000", "time": "2025-07-15T23:20:01.478899Z", "fetched_at": "2025-07-15T23:20:19.576570+00:00", "symbol": "ETH-USD"}, {"trade_id": 667655815, "side": "sell", "size": "0.05622135", "price": "3127.55000000", "time": "2025-07-15T23:20:01.478899Z", "fetched_at": "2025-07-15T23:20:19.576570+00:00", "symbol": "ETH-USD"}, {"trade_id": 667655814, "side": "buy", "size": "1.19861442", "price": "3126.72000000", "time": "2025-07-15T23:20:01.464041Z", "fetched_at": "2025-07-15T23:20:19.576570+00:00", "symbol": "ETH-USD"}, {"trade_id": 667655813, "side": "sell", "size": "0.01639624", "price": "3127.58000000", "time": "2025-07-15T23:20:01.463190Z", "fetched_at": "2025-07-15T23:20:19.576570+00:00", "symbol": "ETH-USD"}, {"trade_id": 667655812, "side": "buy", "size": "0.00262991", "price": "3126.92000000", "time": "2025-07-15T23:20:01.457026Z", "fetched_at": "2025-07-15T23:20:19.576570+00:00", "symbol": "ETH-USD"}, {"trade_id": 667655811, "side": "buy", "size": "0.34707693", "price": "3126.97000000", "time": "2025-07-15T23:20:01.453005Z", "fetched_at": "2025-07-15T23:20:19.576570+00:00", "symbol": "ETH-USD"}, {"trade_id": 667655810, "side": "buy", "size": "0.85144561", "price": "3126.97000000", "time": "2025-07-15T23:20:01.449008Z", "fetched_at": "2025-07-15T23:20:19.576570+00:00", "symbol": "ETH-USD"}, {"trade_id": 667655809, "side": "buy", "size": "0.07320018", "price": "3126.81000000", "time": "2025-07-15T23:20:01.448774Z", "fetched_at": "2025-07-15T23:20:19.576570+00:00", "symbol": "ETH-USD"}, {"trade_id": 667655808, "side": "sell", "size": "0.02547096", "price": "3127.63000000", "time": "2025-07-15T23:20:01.447458Z", "fetched_at": "2025-07-15T23:20:19.576570+00:00", "symbol": "ETH-USD"}, {"trade_id": 667655807, "side": "sell", "size": "0.02547096", "price": "3127.60000000", "time": "2025-07-15T23:20:01.447458Z", "fetched_at": "2025-07-15T23:20:19.576570+00:00", "symbol": "ETH-USD"}, {"trade_id": 667655806, "side": "sell", "size": "0.02547096", "price": "3127.60000000", "time": "2025-07-15T23:20:01.447458Z", "fetched_at": "2025-07-15T23:20:19.576570+00:00", "symbol": "ETH-USD"}, {"trade_id": 667655805, "side": "sell", "size": "0.04704363", "price": "3127.60000000", "time": "2025-07-15T23:20:01.447458Z", "fetched_at": "2025-07-15T23:20:19.576570+00:00", "symbol": "ETH-USD"}, {"trade_id": 667655804, "side": "sell", "size": "0.44938339", "price": "3127.60000000", "time": "2025-07-15T23:20:01.447458Z", "fetched_at": "2025-07-15T23:20:19.576570+00:00", "symbol": "ETH-USD"}, {"trade_id": 667655803, "side": "sell", "size": "0.02547096", "price": "3127.57000000", "time": "2025-07-15T23:20:01.447458Z", "fetched_at": "2025-07-15T23:20:19.576570+00:00", "symbol": "ETH-USD"}, {"trade_id": 667655802, "side": "sell", "size": "0.08545937", "price": "3127.57000000", "time": "2025-07-15T23:20:01.447458Z", "fetched_at": "2025-07-15T23:20:19.576570+00:00", "symbol": "ETH-USD"}, {"trade_id": 667655801, "side": "sell", "size": "0.45328896", "price": "3127.29000000", "time": "2025-07-15T23:20:01.447458Z", "fetched_at": "2025-07-15T23:20:19.576570+00:00", "symbol": "ETH-USD"}, {"trade_id": 667655800, "side": "sell", "size": "0.44753796", "price": "3127.03000000", "time": "2025-07-15T23:20:01.447458Z", "fetched_at": "2025-07-15T23:20:19.576570+00:00", "symbol": "ETH-USD"}, {"trade_id": 667655799, "side": "sell", "size": "0.05094192", "price": "3126.98000000", "time": "2025-07-15T23:20:01.447458Z", "fetched_at": "2025-07-15T23:20:19.576570+00:00", "symbol": "ETH-USD"}, {"trade_id": 667655798, "side": "sell", "size": "0.05094192", "price": "3126.98000000", "time": "2025-07-15T23:20:01.447458Z", "fetched_at": "2025-07-15T23:20:19.576570+00:00", "symbol": "ETH-USD"}, {"trade_id": 667655797, "side": "sell", "size": "0.07126760", "price": "3126.93000000", "time": "2025-07-15T23:20:01.447458Z", "fetched_at": "2025-07-15T23:20:19.576570+00:00", "symbol": "ETH-USD"}, {"trade_id": 667655796, "side": "buy", "size": "0.14855439", "price": "3126.80000000", "time": "2025-07-15T23:20:01.446114Z", "fetched_at": "2025-07-15T23:20:19.576570+00:00", "symbol": "ETH-USD"}, {"trade_id": 667655795, "side": "sell", "size": "0.01623000", "price": "3126.61000000", "time": "2025-07-15T23:20:01.441515Z", "fetched_at": "2025-07-15T23:20:19.576570+00:00", "symbol": "ETH-USD"}, {"trade_id": 667655794, "side": "buy", "size": "0.88559393", "price": "3126.01000000", "time": "2025-07-15T23:20:01.440980Z", "fetched_at": "2025-07-15T23:20:19.576570+00:00", "symbol": "ETH-USD"}, {"trade_id": 667655793, "side": "buy", "size": "2.21878977", "price": "3126.01000000", "time": "2025-07-15T23:20:01.440761Z", "fetched_at": "2025-07-15T23:20:19.576570+00:00", "symbol": "ETH-USD"}, {"trade_id": 667655792, "side": "buy", "size": "0.62244405", "price": "3126.05000000", "time": "2025-07-15T23:20:01.440495Z", "fetched_at": "2025-07-15T23:20:19.576570+00:00", "symbol": "ETH-USD"}, {"trade_id": 667655791, "side": "buy", "size": "2.98762598", "price": "3126.05000000", "time": "2025-07-15T23:20:01.439822Z", "fetched_at": "2025-07-15T23:20:19.576570+00:00", "symbol": "ETH-USD"}, {"trade_id": 667655790, "side": "sell", "size": "0.06902869", "price": "3127.60000000", "time": "2025-07-15T23:20:01.439044Z", "fetched_at": "2025-07-15T23:20:19.576570+00:00", "symbol": "ETH-USD"}, {"trade_id": 667655789, "side": "sell", "size": "0.09707992", "price": "3127.58000000", "time": "2025-07-15T23:20:01.439044Z", "fetched_at": "2025-07-15T23:20:19.576570+00:00", "symbol": "ETH-USD"}, {"trade_id": 667655788, "side": "sell", "size": "0.70506920", "price": "3127.58000000", "time": "2025-07-15T23:20:01.439044Z", "fetched_at": "2025-07-15T23:20:19.576570+00:00", "symbol": "ETH-USD"}, {"trade_id": 667655787, "side": "sell", "size": "0.94500000", "price": "3127.30000000", "time": "2025-07-15T23:20:01.439044Z", "fetched_at": "2025-07-15T23:20:19.576570+00:00", "symbol": "ETH-USD"}, {"trade_id": 667655786, "side": "sell", "size": "0.09011219", "price": "3126.99000000", "time": "2025-07-15T23:20:01.439044Z", "fetched_at": "2025-07-15T23:20:19.576570+00:00", "symbol": "ETH-USD"}, {"trade_id": 667655785, "side": "buy", "size": "1.16761919", "price": "3126.05000000", "time": "2025-07-15T23:20:01.438740Z", "fetched_at": "2025-07-15T23:20:19.576570+00:00", "symbol": "ETH-USD"}, {"trade_id": 667655784, "side": "buy", "size": "2.02681126", "price": "3126.05000000", "time": "2025-07-15T23:20:01.438293Z", "fetched_at": "2025-07-15T23:20:19.576570+00:00", "symbol": "ETH-USD"}, {"trade_id": 667655783, "side": "buy", "size": "1.19280317", "price": "3126.05000000", "time": "2025-07-15T23:20:01.438075Z", "fetched_at": "2025-07-15T23:20:19.576570+00:00", "symbol": "ETH-USD"}, {"trade_id": 667655782, "side": "buy", "size": "0.41540559", "price": "3126.06000000", "time": "2025-07-15T23:20:01.438075Z", "fetched_at": "2025-07-15T23:20:19.576570+00:00", "symbol": "ETH-USD"}, {"trade_id": 667655781, "side": "buy", "size": "0.44725350", "price": "3126.12000000", "time": "2025-07-15T23:20:01.438075Z", "fetched_at": "2025-07-15T23:20:19.576570+00:00", "symbol": "ETH-USD"}, {"trade_id": 667655780, "side": "buy", "size": "1.11852472", "price": "3126.13000000", "time": "2025-07-15T23:20:01.438075Z", "fetched_at": "2025-07-15T23:20:19.576570+00:00", "symbol": "ETH-USD"}, {"trade_id": 667655779, "side": "buy", "size": "0.00100000", "price": "3126.16000000", "time": "2025-07-15T23:20:01.438075Z", "fetched_at": "2025-07-15T23:20:19.576570+00:00", "symbol": "ETH-USD"}, {"trade_id": 667655778, "side": "buy", "size": "0.45568194", "price": "3126.23000000", "time": "2025-07-15T23:20:01.438075Z", "fetched_at": "2025-07-15T23:20:19.576570+00:00", "symbol": "ETH-USD"}, {"trade_id": 667655777, "side": "buy", "size": "1.29944838", "price": "3126.31000000", "time": "2025-07-15T23:20:01.438075Z", "fetched_at": "2025-07-15T23:20:19.576570+00:00", "symbol": "ETH-USD"}, {"trade_id": 667655776, "side": "buy", "size": "0.00100000", "price": "3126.39000000", "time": "2025-07-15T23:20:01.438075Z", "fetched_at": "2025-07-15T23:20:19.576570+00:00", "symbol": "ETH-USD"}, {"trade_id": 667655775, "side": "buy", "size": "1.19852300", "price": "3126.97000000", "time": "2025-07-15T23:20:01.438075Z", "fetched_at": "2025-07-15T23:20:19.576570+00:00", "symbol": "ETH-USD"}, {"trade_id": 667655774, "side": "buy", "size": "1.89739044", "price": "3126.44000000", "time": "2025-07-15T23:20:01.436972Z", "fetched_at": "2025-07-15T23:20:19.576570+00:00", "symbol": "ETH-USD"}, {"trade_id": 667655773, "side": "buy", "size": "0.09185257", "price": "3126.72000000", "time": "2025-07-15T23:20:01.436047Z", "fetched_at": "2025-07-15T23:20:19.576570+00:00", "symbol": "ETH-USD"}, {"trade_id": 667655772, "side": "buy", "size": "0.26356068", "price": "3126.44000000", "time": "2025-07-15T23:20:01.435688Z", "fetched_at": "2025-07-15T23:20:19.576570+00:00", "symbol": "ETH-USD"}, {"trade_id": 667655771, "side": "buy", "size": "1.72022381", "price": "3126.44000000", "time": "2025-07-15T23:20:01.435543Z", "fetched_at": "2025-07-15T23:20:19.576570+00:00", "symbol": "ETH-USD"}, {"trade_id": 667655770, "side": "buy", "size": "0.30374619", "price": "3126.45000000", "time": "2025-07-15T23:20:01.435543Z", "fetched_at": "2025-07-15T23:20:19.576570+00:00", "symbol": "ETH-USD"}, {"trade_id": 667655769, "side": "buy", "size": "0.24986685", "price": "3126.45000000", "time": "2025-07-15T23:20:01.434544Z", "fetched_at": "2025-07-15T23:20:19.576570+00:00", "symbol": "ETH-USD"}, {"trade_id": 667655768, "side": "buy", "size": "1.01709552", "price": "3126.55000000", "time": "2025-07-15T23:20:01.434544Z", "fetched_at": "2025-07-15T23:20:19.576570+00:00", "symbol": "ETH-USD"}, {"trade_id": 667655767, "side": "buy", "size": "0.38818827", "price": "3126.58000000", "time": "2025-07-15T23:20:01.433869Z", "fetched_at": "2025-07-15T23:20:19.576570+00:00", "symbol": "ETH-USD"}, {"trade_id": 667655766, "side": "buy", "size": "1.19666841", "price": "3126.60000000", "time": "2025-07-15T23:20:01.433869Z", "fetched_at": "2025-07-15T23:20:19.576570+00:00", "symbol": "ETH-USD"}, {"trade_id": 667655765, "side": "buy", "size": "6.01688206", "price": "3126.60000000", "time": "2025-07-15T23:20:01.432994Z", "fetched_at": "2025-07-15T23:20:19.576570+00:00", "symbol": "ETH-USD"}, {"trade_id": 667655764, "side": "buy", "size": "0.19015040", "price": "3126.80000000", "time": "2025-07-15T23:20:01.431826Z", "fetched_at": "2025-07-15T23:20:19.576570+00:00", "symbol": "ETH-USD"}, {"trade_id": 667655763, "side": "buy", "size": "0.09508505", "price": "3127.04000000", "time": "2025-07-15T23:20:01.431826Z", "fetched_at": "2025-07-15T23:20:19.576570+00:00", "symbol": "ETH-USD"}, {"trade_id": 667655762, "side": "buy", "size": "4.16176982", "price": "3126.60000000", "time": "2025-07-15T23:20:01.426998Z", "fetched_at": "2025-07-15T23:20:19.576570+00:00", "symbol": "ETH-USD"}, {"trade_id": 667655761, "side": "buy", "size": "0.27680652", "price": "3126.60000000", "time": "2025-07-15T23:20:01.426998Z", "fetched_at": "2025-07-15T23:20:19.576570+00:00", "symbol": "ETH-USD"}, {"trade_id": 667655760, "side": "buy", "size": "2.01197306", "price": "3126.61000000", "time": "2025-07-15T23:20:01.426998Z", "fetched_at": "2025-07-15T23:20:19.576570+00:00", "symbol": "ETH-USD"}, {"trade_id": 667655759, "side": "buy", "size": "0.00100000", "price": "3126.62000000", "time": "2025-07-15T23:20:01.426998Z", "fetched_at": "2025-07-15T23:20:19.576570+00:00", "symbol": "ETH-USD"}, {"trade_id": 667655758, "side": "buy", "size": "0.00047958", "price": "3126.66000000", "time": "2025-07-15T23:20:01.426998Z", "fetched_at": "2025-07-15T23:20:19.576570+00:00", "symbol": "ETH-USD"}, {"trade_id": 667655757, "side": "buy", "size": "1.19809166", "price": "3126.71000000", "time": "2025-07-15T23:20:01.426998Z", "fetched_at": "2025-07-15T23:20:19.576570+00:00", "symbol": "ETH-USD"}, {"trade_id": 667655756, "side": "buy", "size": "0.00100000", "price": "3126.85000000", "time": "2025-07-15T23:20:01.426053Z", "fetched_at": "2025-07-15T23:20:19.576570+00:00", "symbol": "ETH-USD"}, {"trade_id": 667655755, "side": "buy", "size": "1.30123808", "price": "3126.94000000", "time": "2025-07-15T23:20:01.426053Z", "fetched_at": "2025-07-15T23:20:19.576570+00:00", "symbol": "ETH-USD"}, {"trade_id": 667655754, "side": "buy", "size": "0.17933448", "price": "3127.11000000", "time": "2025-07-15T23:20:01.426053Z", "fetched_at": "2025-07-15T23:20:19.576570+00:00", "symbol": "ETH-USD"}, {"trade_id": 667655753, "side": "buy", "size": "0.10515609", "price": "3127.68000000", "time": "2025-07-15T23:20:01.426053Z", "fetched_at": "2025-07-15T23:20:19.576570+00:00", "symbol": "ETH-USD"}, {"trade_id": 667655752, "side": "buy", "size": "1.94973000", "price": "3128.13000000", "time": "2025-07-15T23:20:01.426053Z", "fetched_at": "2025-07-15T23:20:19.576570+00:00", "symbol": "ETH-USD"}, {"trade_id": 667655751, "side": "buy", "size": "0.05027000", "price": "3128.13000000", "time": "2025-07-15T23:20:01.425738Z", "fetched_at": "2025-07-15T23:20:19.576570+00:00", "symbol": "ETH-USD"}, {"trade_id": 667655750, "side": "buy", "size": "1.19852369", "price": "3127.01000000", "time": "2025-07-15T23:20:01.424844Z", "fetched_at": "2025-07-15T23:20:19.576570+00:00", "symbol": "ETH-USD"}, {"trade_id": 667655749, "side": "buy", "size": "1.18698838", "price": "3127.03000000", "time": "2025-07-15T23:20:01.424844Z", "fetched_at": "2025-07-15T23:20:19.576570+00:00", "symbol": "ETH-USD"}, {"trade_id": 667655748, "side": "buy", "size": "4.60186000", "price": "3127.04000000", "time": "2025-07-15T23:20:01.424844Z", "fetched_at": "2025-07-15T23:20:19.576570+00:00", "symbol": "ETH-USD"}, {"trade_id": 667655747, "side": "buy", "size": "0.00100000", "price": "3127.08000000", "time": "2025-07-15T23:20:01.424844Z", "fetched_at": "2025-07-15T23:20:19.576570+00:00", "symbol": "ETH-USD"}, {"trade_id": 667655746, "side": "buy", "size": "0.13404254", "price": "3127.10000000", "time": "2025-07-15T23:20:01.424844Z", "fetched_at": "2025-07-15T23:20:19.576570+00:00", "symbol": "ETH-USD"}, {"trade_id": 667655745, "side": "buy", "size": "0.94500000", "price": "3127.30000000", "time": "2025-07-15T23:20:01.424844Z", "fetched_at": "2025-07-15T23:20:19.576570+00:00", "symbol": "ETH-USD"}, {"trade_id": 667655744, "side": "buy", "size": "0.00100000", "price": "3127.31000000", "time": "2025-07-15T23:20:01.424844Z", "fetched_at": "2025-07-15T23:20:19.576570+00:00", "symbol": "ETH-USD"}, {"trade_id": 667655743, "side": "buy", "size": "0.78247438", "price": "3127.34000000", "time": "2025-07-15T23:20:01.424844Z", "fetched_at": "2025-07-15T23:20:19.576570+00:00", "symbol": "ETH-USD"}, {"trade_id": 667655742, "side": "buy", "size": "0.18300722", "price": "3127.39000000", "time": "2025-07-15T23:20:01.424844Z", "fetched_at": "2025-07-15T23:20:19.576570+00:00", "symbol": "ETH-USD"}, {"trade_id": 667655741, "side": "buy", "size": "0.25572600", "price": "3127.59000000", "time": "2025-07-15T23:20:01.424844Z", "fetched_at": "2025-07-15T23:20:19.576570+00:00", "symbol": "ETH-USD"}, {"trade_id": 667655740, "side": "buy", "size": "7.62062004", "price": "3127.60000000", "time": "2025-07-15T23:20:01.424844Z", "fetched_at": "2025-07-15T23:20:19.576570+00:00", "symbol": "ETH-USD"}, {"trade_id": 667655739, "side": "buy", "size": "10.58123344", "price": "3127.60000000", "time": "2025-07-15T23:20:01.424598Z", "fetched_at": "2025-07-15T23:20:19.576570+00:00", "symbol": "ETH-USD"}, {"trade_id": 667655738, "side": "buy", "size": "0.53442399", "price": "3127.60000000", "time": "2025-07-15T23:20:01.424229Z", "fetched_at": "2025-07-15T23:20:19.576570+00:00", "symbol": "ETH-USD"}, {"trade_id": 667655737, "side": "buy", "size": "0.82886554", "price": "3127.60000000", "time": "2025-07-15T23:20:01.423958Z", "fetched_at": "2025-07-15T23:20:19.576570+00:00", "symbol": "ETH-USD"}, {"trade_id": 667655736, "side": "buy", "size": "0.43485699", "price": "3127.60000000", "time": "2025-07-15T23:20:01.422606Z", "fetched_at": "2025-07-15T23:20:19.576570+00:00", "symbol": "ETH-USD"}, {"trade_id": 667655735, "side": "buy", "size": "0.00066684", "price": "3127.50000000", "time": "2025-07-15T23:20:01.420736Z", "fetched_at": "2025-07-15T23:20:19.576570+00:00", "symbol": "ETH-USD"}, {"trade_id": 667655734, "side": "buy", "size": "6.00000000", "price": "3127.50000000", "time": "2025-07-15T23:20:01.420736Z", "fetched_at": "2025-07-15T23:20:19.576570+00:00", "symbol": "ETH-USD"}, {"trade_id": 667655733, "side": "buy", "size": "4.79320614", "price": "3127.52000000", "time": "2025-07-15T23:20:01.420736Z", "fetched_at": "2025-07-15T23:20:19.576570+00:00", "symbol": "ETH-USD"}, {"trade_id": 667655732, "side": "buy", "size": "0.00100000", "price": "3127.54000000", "time": "2025-07-15T23:20:01.420464Z", "fetched_at": "2025-07-15T23:20:19.576570+00:00", "symbol": "ETH-USD"}, {"trade_id": 667655731, "side": "buy", "size": "0.09158418", "price": "3127.59000000", "time": "2025-07-15T23:20:01.420464Z", "fetched_at": "2025-07-15T23:20:19.576570+00:00", "symbol": "ETH-USD"}, {"trade_id": 667655730, "side": "buy", "size": "0.24489004", "price": "3127.59000000", "time": "2025-07-15T23:20:01.420464Z", "fetched_at": "2025-07-15T23:20:19.576570+00:00", "symbol": "ETH-USD"}, {"trade_id": 667655729, "side": "buy", "size": "0.00047945", "price": "3127.60000000", "time": "2025-07-15T23:20:01.420464Z", "fetched_at": "2025-07-15T23:20:19.576570+00:00", "symbol": "ETH-USD"}, {"trade_id": 667655728, "side": "buy", "size": "0.07617408", "price": "3127.61000000", "time": "2025-07-15T23:20:01.420464Z", "fetched_at": "2025-07-15T23:20:19.576570+00:00", "symbol": "ETH-USD"}, {"trade_id": 667655727, "side": "buy", "size": "0.12732496", "price": "3127.63000000", "time": "2025-07-15T23:20:01.420464Z", "fetched_at": "2025-07-15T23:20:19.576570+00:00", "symbol": "ETH-USD"}, {"trade_id": 667655726, "side": "buy", "size": "0.04093948", "price": "3127.63000000", "time": "2025-07-15T23:20:01.420375Z", "fetched_at": "2025-07-15T23:20:19.576570+00:00", "symbol": "ETH-USD"}, {"trade_id": 667655725, "side": "buy", "size": "0.79931976", "price": "3127.65000000", "time": "2025-07-15T23:20:01.420375Z", "fetched_at": "2025-07-15T23:20:19.576570+00:00", "symbol": "ETH-USD"}, {"trade_id": 667655724, "side": "buy", "size": "0.63636537", "price": "3127.65000000", "time": "2025-07-15T23:20:01.420375Z", "fetched_at": "2025-07-15T23:20:19.576570+00:00", "symbol": "ETH-USD"}, {"trade_id": 667655723, "side": "buy", "size": "0.94500000", "price": "3127.75000000", "time": "2025-07-15T23:20:01.420201Z", "fetched_at": "2025-07-15T23:20:19.576570+00:00", "symbol": "ETH-USD"}, {"trade_id": 667655722, "side": "buy", "size": "0.11677631", "price": "3127.75000000", "time": "2025-07-15T23:20:01.420201Z", "fetched_at": "2025-07-15T23:20:19.576570+00:00", "symbol": "ETH-USD"}, {"trade_id": 667655721, "side": "buy", "size": "0.10098886", "price": "3127.76000000", "time": "2025-07-15T23:20:01.420201Z", "fetched_at": "2025-07-15T23:20:19.576570+00:00", "symbol": "ETH-USD"}, {"trade_id": 667655720, "side": "buy", "size": "0.00100000", "price": "3127.77000000", "time": "2025-07-15T23:20:01.420201Z", "fetched_at": "2025-07-15T23:20:19.576570+00:00", "symbol": "ETH-USD"}, {"trade_id": 667655719, "side": "buy", "size": "0.79927954", "price": "3127.81000000", "time": "2025-07-15T23:20:01.419769Z", "fetched_at": "2025-07-15T23:20:19.576570+00:00", "symbol": "ETH-USD"}, {"trade_id": 667655718, "side": "buy", "size": "0.66401370", "price": "3127.85000000", "time": "2025-07-15T23:20:01.419769Z", "fetched_at": "2025-07-15T23:20:19.576570+00:00", "symbol": "ETH-USD"}, {"trade_id": 667655717, "side": "buy", "size": "0.05027140", "price": "3127.86000000", "time": "2025-07-15T23:20:01.419769Z", "fetched_at": "2025-07-15T23:20:19.576570+00:00", "symbol": "ETH-USD"}, {"trade_id": 667655716, "side": "buy", "size": "0.07579036", "price": "3127.87000000", "time": "2025-07-15T23:20:01.419769Z", "fetched_at": "2025-07-15T23:20:19.576570+00:00", "symbol": "ETH-USD"}, {"trade_id": 667655715, "side": "buy", "size": "0.31620612", "price": "3127.96000000", "time": "2025-07-15T23:20:01.419769Z", "fetched_at": "2025-07-15T23:20:19.576570+00:00", "symbol": "ETH-USD"}, {"trade_id": 667655714, "side": "buy", "size": "0.65820014", "price": "3127.97000000", "time": "2025-07-15T23:20:01.419769Z", "fetched_at": "2025-07-15T23:20:19.576570+00:00", "symbol": "ETH-USD"}, {"trade_id": 667655713, "side": "buy", "size": "0.00100000", "price": "3128.00000000", "time": "2025-07-15T23:20:01.419769Z", "fetched_at": "2025-07-15T23:20:19.576570+00:00", "symbol": "ETH-USD"}, {"trade_id": 667655712, "side": "buy", "size": "0.80000000", "price": "3128.01000000", "time": "2025-07-15T23:20:01.419769Z", "fetched_at": "2025-07-15T23:20:19.576570+00:00", "symbol": "ETH-USD"}, {"trade_id": 667655711, "side": "buy", "size": "0.40000000", "price": "3128.01000000", "time": "2025-07-15T23:20:01.419769Z", "fetched_at": "2025-07-15T23:20:19.576570+00:00", "symbol": "ETH-USD"}, {"trade_id": 667655710, "side": "buy", "size": "0.30224432", "price": "3128.01000000", "time": "2025-07-15T23:20:01.419769Z", "fetched_at": "2025-07-15T23:20:19.576570+00:00", "symbol": "ETH-USD"}, {"trade_id": 667655709, "side": "buy", "size": "0.15984039", "price": "3128.12000000", "time": "2025-07-15T23:20:01.419769Z", "fetched_at": "2025-07-15T23:20:19.576570+00:00", "symbol": "ETH-USD"}, {"trade_id": 667655708, "side": "buy", "size": "0.94500000", "price": "3128.14000000", "time": "2025-07-15T23:20:01.419769Z", "fetched_at": "2025-07-15T23:20:19.576570+00:00", "symbol": "ETH-USD"}, {"trade_id": 667655707, "side": "buy", "size": "0.10914565", "price": "3128.16000000", "time": "2025-07-15T23:20:01.419769Z", "fetched_at": "2025-07-15T23:20:19.576570+00:00", "symbol": "ETH-USD"}, {"trade_id": 667655706, "side": "buy", "size": "0.00100000", "price": "3128.23000000", "time": "2025-07-15T23:20:01.419769Z", "fetched_at": "2025-07-15T23:20:19.576570+00:00", "symbol": "ETH-USD"}, {"trade_id": 667655705, "side": "buy", "size": "0.19999369", "price": "3128.29000000", "time": "2025-07-15T23:20:01.419769Z", "fetched_at": "2025-07-15T23:20:19.576570+00:00", "symbol": "ETH-USD"}, {"trade_id": 667655704, "side": "buy", "size": "0.00033349", "price": "3128.29000000", "time": "2025-07-15T23:20:01.419769Z", "fetched_at": "2025-07-15T23:20:19.576570+00:00", "symbol": "ETH-USD"}, {"trade_id": 667655703, "side": "buy", "size": "0.00262874", "price": "3128.31000000", "time": "2025-07-15T23:20:01.419769Z", "fetched_at": "2025-07-15T23:20:19.576570+00:00", "symbol": "ETH-USD"}, {"trade_id": 667655702, "side": "buy", "size": "0.00100000", "price": "3128.46000000", "time": "2025-07-15T23:20:01.419769Z", "fetched_at": "2025-07-15T23:20:19.576570+00:00", "symbol": "ETH-USD"}, {"trade_id": 667655701, "side": "buy", "size": "0.00240616", "price": "3128.73000000", "time": "2025-07-15T23:20:01.419769Z", "fetched_at": "2025-07-15T23:20:19.576570+00:00", "symbol": "ETH-USD"}, {"trade_id": 667655700, "side": "sell", "size": "0.01375953", "price": "3128.74000000", "time": "2025-07-15T23:20:01.181372Z", "fetched_at": "2025-07-15T23:20:19.576570+00:00", "symbol": "ETH-USD"}, {"trade_id": 667655699, "side": "buy", "size": "0.45604948", "price": "3128.54000000", "time": "2025-07-15T23:20:00.971536Z", "fetched_at": "2025-07-15T23:20:19.576570+00:00", "symbol": "ETH-USD"}, {"trade_id": 667655698, "side": "sell", "size": "0.09308444", "price": "3128.97000000", "time": "2025-07-15T23:20:00.959744Z", "fetched_at": "2025-07-15T23:20:19.576570+00:00", "symbol": "ETH-USD"}, {"trade_id": 667655697, "side": "sell", "size": "0.79899007", "price": "3128.95000000", "time": "2025-07-15T23:20:00.959744Z", "fetched_at": "2025-07-15T23:20:19.576570+00:00", "symbol": "ETH-USD"}, {"trade_id": 667655696, "side": "sell", "size": "0.00183080", "price": "3128.94000000", "time": "2025-07-15T23:20:00.959744Z", "fetched_at": "2025-07-15T23:20:19.576570+00:00", "symbol": "ETH-USD"}, {"trade_id": 667655695, "side": "sell", "size": "0.00005588", "price": "3128.74000000", "time": "2025-07-15T23:20:00.959744Z", "fetched_at": "2025-07-15T23:20:19.576570+00:00", "symbol": "ETH-USD"}, {"trade_id": 667655694, "side": "sell", "size": "0.00024002", "price": "3128.74000000", "time": "2025-07-15T23:20:00.959744Z", "fetched_at": "2025-07-15T23:20:19.576570+00:00", "symbol": "ETH-USD"}, {"trade_id": 667655693, "side": "sell", "size": "0.12596040", "price": "3128.74000000", "time": "2025-07-15T23:20:00.959744Z", "fetched_at": "2025-07-15T23:20:19.576570+00:00", "symbol": "ETH-USD"}, {"trade_id": 667655692, "side": "sell", "size": "0.00757960", "price": "3128.74000000", "time": "2025-07-15T23:20:00.926436Z", "fetched_at": "2025-07-15T23:20:19.576570+00:00", "symbol": "ETH-USD"}, {"trade_id": 667655691, "side": "buy", "size": "0.15001600", "price": "3128.73000000", "time": "2025-07-15T23:20:00.904194Z", "fetched_at": "2025-07-15T23:20:19.576570+00:00", "symbol": "ETH-USD"}, {"trade_id": 667655690, "side": "sell", "size": "0.13354000", "price": "3128.47000000", "time": "2025-07-15T23:20:00.262912Z", "fetched_at": "2025-07-15T23:20:19.576570+00:00", "symbol": "ETH-USD"}, {"trade_id": 667655689, "side": "buy", "size": "0.36743785", "price": "3128.60000000", "time": "2025-07-15T23:20:00.177249Z", "fetched_at": "2025-07-15T23:20:19.576570+00:00", "symbol": "ETH-USD"}, {"trade_id": 667655688, "side": "buy", "size": "0.40550306", "price": "3128.62000000", "time": "2025-07-15T23:20:00.152667Z", "fetched_at": "2025-07-15T23:20:19.576570+00:00", "symbol": "ETH-USD"}, {"trade_id": 667655687, "side": "buy", "size": "1.38569829", "price": "3128.63000000", "time": "2025-07-15T23:20:00.152149Z", "fetched_at": "2025-07-15T23:20:19.576570+00:00", "symbol": "ETH-USD"}, {"trade_id": 667655686, "side": "buy", "size": "0.36464235", "price": "3128.73000000", "time": "2025-07-15T23:20:00.145714Z", "fetched_at": "2025-07-15T23:20:19.576570+00:00", "symbol": "ETH-USD"}, {"trade_id": 667655685, "side": "buy", "size": "0.10000000", "price": "3128.87000000", "time": "2025-07-15T23:20:00.144154Z", "fetched_at": "2025-07-15T23:20:19.576570+00:00", "symbol": "ETH-USD"}, {"trade_id": 667655684, "side": "buy", "size": "0.00319500", "price": "3128.96000000", "time": "2025-07-15T23:20:00.144154Z", "fetched_at": "2025-07-15T23:20:19.576570+00:00", "symbol": "ETH-USD"}, {"trade_id": 667655683, "side": "buy", "size": "1.99680500", "price": "3128.96000000", "time": "2025-07-15T23:20:00.140265Z", "fetched_at": "2025-07-15T23:20:19.576570+00:00", "symbol": "ETH-USD"}, {"trade_id": 667655682, "side": "buy", "size": "0.00319500", "price": "3129.04000000", "time": "2025-07-15T23:20:00.140265Z", "fetched_at": "2025-07-15T23:20:19.576570+00:00", "symbol": "ETH-USD"}, {"trade_id": 667655681, "side": "buy", "size": "0.99520501", "price": "3128.98000000", "time": "2025-07-15T23:19:59.429174Z", "fetched_at": "2025-07-15T23:20:19.576570+00:00", "symbol": "ETH-USD"}, {"trade_id": 667655680, "side": "buy", "size": "0.00319499", "price": "3129.05000000", "time": "2025-07-15T23:19:59.429174Z", "fetched_at": "2025-07-15T23:20:19.576570+00:00", "symbol": "ETH-USD"}, {"trade_id": 667655679, "side": "sell", "size": "0.01516690", "price": "3129.08000000", "time": "2025-07-15T23:19:59.128153Z", "fetched_at": "2025-07-15T23:20:19.576570+00:00", "symbol": "ETH-USD"}, {"trade_id": 667655678, "side": "buy", "size": "0.19680503", "price": "3129.07000000", "time": "2025-07-15T23:19:59.104434Z", "fetched_at": "2025-07-15T23:20:19.576570+00:00", "symbol": "ETH-USD"}, {"trade_id": 667655677, "side": "buy", "size": "0.00319497", "price": "3129.07000000", "time": "2025-07-15T23:19:59.104434Z", "fetched_at": "2025-07-15T23:20:19.576570+00:00", "symbol": "ETH-USD"}, {"trade_id": 667655676, "side": "sell", "size": "0.06209454", "price": "3129.18000000", "time": "2025-07-15T23:19:58.530344Z", "fetched_at": "2025-07-15T23:20:19.576570+00:00", "symbol": "ETH-USD"}, {"trade_id": 667655675, "side": "sell", "size": "0.00146420", "price": "3129.17000000", "time": "2025-07-15T23:19:58.530344Z", "fetched_at": "2025-07-15T23:20:19.576570+00:00", "symbol": "ETH-USD"}, {"trade_id": 667655674, "side": "sell", "size": "0.00100000", "price": "3129.15000000", "time": "2025-07-15T23:19:58.530344Z", "fetched_at": "2025-07-15T23:20:19.576570+00:00", "symbol": "ETH-USD"}, {"trade_id": 667655673, "side": "sell", "size": "0.13354000", "price": "3128.97000000", "time": "2025-07-15T23:19:58.530344Z", "fetched_at": "2025-07-15T23:20:19.576570+00:00", "symbol": "ETH-USD"}, {"trade_id": 667655672, "side": "sell", "size": "0.00320388", "price": "3129.02000000", "time": "2025-07-15T23:19:58.032240Z", "fetched_at": "2025-07-15T23:20:19.576570+00:00", "symbol": "ETH-USD"}, {"trade_id": 667655671, "side": "sell", "size": "1.84380300", "price": "3129.00000000", "time": "2025-07-15T23:19:58.032240Z", "fetched_at": "2025-07-15T23:20:19.576570+00:00", "symbol": "ETH-USD"}, {"trade_id": 667655670, "side": "sell", "size": "0.64206563", "price": "3128.99000000", "time": "2025-07-15T23:19:58.032240Z", "fetched_at": "2025-07-15T23:20:19.576570+00:00", "symbol": "ETH-USD"}, {"trade_id": 667655669, "side": "sell", "size": "0.11720528", "price": "3128.99000000", "time": "2025-07-15T23:19:57.570950Z", "fetched_at": "2025-07-15T23:20:19.576570+00:00", "symbol": "ETH-USD"}, {"trade_id": 667655668, "side": "sell", "size": "0.00143929", "price": "3128.95000000", "time": "2025-07-15T23:19:57.570950Z", "fetched_at": "2025-07-15T23:20:19.576570+00:00", "symbol": "ETH-USD"}, {"trade_id": 667655667, "side": "buy", "size": "0.02102983", "price": "3128.54000000", "time": "2025-07-15T23:19:56.894477Z", "fetched_at": "2025-07-15T23:20:19.576570+00:00", "symbol": "ETH-USD"}, {"trade_id": 667655666, "side": "sell", "size": "0.00010335", "price": "3128.53000000", "time": "2025-07-15T23:19:56.729187Z", "fetched_at": "2025-07-15T23:20:19.576570+00:00", "symbol": "ETH-USD"}, {"trade_id": 667655665, "side": "sell", "size": "0.00009538", "price": "3128.53000000", "time": "2025-07-15T23:19:56.729187Z", "fetched_at": "2025-07-15T23:20:19.576570+00:00", "symbol": "ETH-USD"}, {"trade_id": 667655664, "side": "sell", "size": "0.00040716", "price": "3128.53000000", "time": "2025-07-15T23:19:56.729187Z", "fetched_at": "2025-07-15T23:20:19.576570+00:00", "symbol": "ETH-USD"}, {"trade_id": 667655663, "side": "buy", "size": "0.16026145", "price": "3128.52000000", "time": "2025-07-15T23:19:56.184275Z", "fetched_at": "2025-07-15T23:20:19.576570+00:00", "symbol": "ETH-USD"}, {"trade_id": 667655662, "side": "sell", "size": "0.00768528", "price": "3128.53000000", "time": "2025-07-15T23:19:55.933579Z", "fetched_at": "2025-07-15T23:20:19.576570+00:00", "symbol": "ETH-USD"}, {"trade_id": 667655661, "side": "sell", "size": "0.01898819", "price": "3128.53000000", "time": "2025-07-15T23:19:55.817009Z", "fetched_at": "2025-07-15T23:20:19.576570+00:00", "symbol": "ETH-USD"}, {"trade_id": 667655660, "side": "sell", "size": "0.00303381", "price": "3128.53000000", "time": "2025-07-15T23:19:55.770172Z", "fetched_at": "2025-07-15T23:20:19.576570+00:00", "symbol": "ETH-USD"}, {"trade_id": 667655659, "side": "buy", "size": "0.00167055", "price": "3128.52000000", "time": "2025-07-15T23:19:55.572422Z", "fetched_at": "2025-07-15T23:20:19.576570+00:00", "symbol": "ETH-USD"}, {"trade_id": 667655658, "side": "sell", "size": "0.07591178", "price": "3128.40000000", "time": "2025-07-15T23:19:54.942168Z", "fetched_at": "2025-07-15T23:20:19.576570+00:00", "symbol": "ETH-USD"}, {"trade_id": 667655657, "side": "buy", "size": "0.08622271", "price": "3127.74000000", "time": "2025-07-15T23:19:54.312114Z", "fetched_at": "2025-07-15T23:20:19.576570+00:00", "symbol": "ETH-USD"}, {"trade_id": 667655656, "side": "buy", "size": "0.40000000", "price": "3127.74000000", "time": "2025-07-15T23:19:54.312114Z", "fetched_at": "2025-07-15T23:20:19.576570+00:00", "symbol": "ETH-USD"}, {"trade_id": 667655655, "side": "buy", "size": "0.60666004", "price": "3127.75000000", "time": "2025-07-15T23:19:54.312114Z", "fetched_at": "2025-07-15T23:20:19.576570+00:00", "symbol": "ETH-USD"}, {"trade_id": 667655654, "side": "buy", "size": "0.00100000", "price": "3127.77000000", "time": "2025-07-15T23:19:54.312114Z", "fetched_at": "2025-07-15T23:20:19.576570+00:00", "symbol": "ETH-USD"}, {"trade_id": 667655653, "side": "buy", "size": "0.79928472", "price": "3127.79000000", "time": "2025-07-15T23:19:54.312114Z", "fetched_at": "2025-07-15T23:20:19.576570+00:00", "symbol": "ETH-USD"}, {"trade_id": 667655652, "side": "buy", "size": "1.98093148", "price": "3127.80000000", "time": "2025-07-15T23:19:54.312114Z", "fetched_at": "2025-07-15T23:20:19.576570+00:00", "symbol": "ETH-USD"}, {"trade_id": 667655651, "side": "buy", "size": "0.40534604", "price": "3127.82000000", "time": "2025-07-15T23:19:54.312114Z", "fetched_at": "2025-07-15T23:20:19.576570+00:00", "symbol": "ETH-USD"}, {"trade_id": 667655650, "side": "buy", "size": "0.94500000", "price": "3127.87000000", "time": "2025-07-15T23:19:54.312114Z", "fetched_at": "2025-07-15T23:20:19.576570+00:00", "symbol": "ETH-USD"}, {"trade_id": 667655649, "side": "buy", "size": "0.67536352", "price": "3127.88000000", "time": "2025-07-15T23:19:54.312114Z", "fetched_at": "2025-07-15T23:20:19.576570+00:00", "symbol": "ETH-USD"}, {"trade_id": 667655648, "side": "buy", "size": "0.40560287", "price": "3127.99000000", "time": "2025-07-15T23:19:54.312114Z", "fetched_at": "2025-07-15T23:20:19.576570+00:00", "symbol": "ETH-USD"}, {"trade_id": 667655647, "side": "buy", "size": "0.81036172", "price": "3128.00000000", "time": "2025-07-15T23:19:54.312114Z", "fetched_at": "2025-07-15T23:20:19.576570+00:00", "symbol": "ETH-USD"}, {"trade_id": 667655646, "side": "buy", "size": "0.15984453", "price": "3128.03000000", "time": "2025-07-15T23:19:54.312114Z", "fetched_at": "2025-07-15T23:20:19.576570+00:00", "symbol": "ETH-USD"}, {"trade_id": 667655645, "side": "buy", "size": "0.30153864", "price": "3128.03000000", "time": "2025-07-15T23:19:54.312114Z", "fetched_at": "2025-07-15T23:20:19.576570+00:00", "symbol": "ETH-USD"}, {"trade_id": 667655644, "side": "buy", "size": "0.56403974", "price": "3128.05000000", "time": "2025-07-15T23:19:54.312114Z", "fetched_at": "2025-07-15T23:20:19.576570+00:00", "symbol": "ETH-USD"}, {"trade_id": 667655643, "side": "buy", "size": "0.80000000", "price": "3128.10000000", "time": "2025-07-15T23:19:54.312114Z", "fetched_at": "2025-07-15T23:20:19.576570+00:00", "symbol": "ETH-USD"}, {"trade_id": 667655642, "side": "buy", "size": "1.10000000", "price": "3128.10000000", "time": "2025-07-15T23:19:54.312114Z", "fetched_at": "2025-07-15T23:20:19.576570+00:00", "symbol": "ETH-USD"}, {"trade_id": 667655641, "side": "buy", "size": "0.37152310", "price": "3128.10000000", "time": "2025-07-15T23:19:54.312114Z", "fetched_at": "2025-07-15T23:20:19.576570+00:00", "symbol": "ETH-USD"}, {"trade_id": 667655640, "side": "buy", "size": "0.73024546", "price": "3128.11000000", "time": "2025-07-15T23:19:54.312114Z", "fetched_at": "2025-07-15T23:20:19.576570+00:00", "symbol": "ETH-USD"}, {"trade_id": 667655639, "side": "buy", "size": "1.10926413", "price": "3128.11000000", "time": "2025-07-15T23:19:54.312114Z", "fetched_at": "2025-07-15T23:20:19.576570+00:00", "symbol": "ETH-USD"}, {"trade_id": 667655638, "side": "buy", "size": "2.00000000", "price": "3128.22000000", "time": "2025-07-15T23:19:54.312114Z", "fetched_at": "2025-07-15T23:20:19.576570+00:00", "symbol": "ETH-USD"}, {"trade_id": 667655637, "side": "buy", "size": "1.20000000", "price": "3128.24000000", "time": "2025-07-15T23:19:54.312114Z", "fetched_at": "2025-07-15T23:20:19.576570+00:00", "symbol": "ETH-USD"}, {"trade_id": 667655636, "side": "buy", "size": "0.16870263", "price": "3128.25000000", "time": "2025-07-15T23:19:54.312114Z", "fetched_at": "2025-07-15T23:20:19.576570+00:00", "symbol": "ETH-USD"}, {"trade_id": 667655635, "side": "buy", "size": "0.00319580", "price": "3128.26000000", "time": "2025-07-15T23:19:54.312114Z", "fetched_at": "2025-07-15T23:20:19.576570+00:00", "symbol": "ETH-USD"}, {"trade_id": 667655634, "side": "buy", "size": "0.59977287", "price": "3128.47000000", "time": "2025-07-15T23:19:54.312114Z", "fetched_at": "2025-07-15T23:20:19.576570+00:00", "symbol": "ETH-USD"}, {"trade_id": 667655633, "side": "buy", "size": "0.34522713", "price": "3128.47000000", "time": "2025-07-15T23:19:54.132766Z", "fetched_at": "2025-07-15T23:20:19.576570+00:00", "symbol": "ETH-USD"}, {"trade_id": 667655632, "side": "sell", "size": "0.00000319", "price": "3128.48000000", "time": "2025-07-15T23:19:54.115865Z", "fetched_at": "2025-07-15T23:20:19.576570+00:00", "symbol": "ETH-USD"}, {"trade_id": 667655631, "side": "sell", "size": "0.00505794", "price": "3128.48000000", "time": "2025-07-15T23:19:54.098809Z", "fetched_at": "2025-07-15T23:20:19.576570+00:00", "symbol": "ETH-USD"}, {"trade_id": 667655630, "side": "sell", "size": "0.01553031", "price": "3128.24000000", "time": "2025-07-15T23:19:52.780734Z", "fetched_at": "2025-07-15T23:20:19.576570+00:00", "symbol": "ETH-USD"}, {"trade_id": 667655629, "side": "buy", "size": "0.15982229", "price": "3128.47000000", "time": "2025-07-15T23:19:51.834006Z", "fetched_at": "2025-07-15T23:20:19.576570+00:00", "symbol": "ETH-USD"}, {"trade_id": 667655628, "side": "buy", "size": "0.00319542", "price": "3128.63000000", "time": "2025-07-15T23:19:51.830981Z", "fetched_at": "2025-07-15T23:20:19.576570+00:00", "symbol": "ETH-USD"}, {"trade_id": 667655627, "side": "buy", "size": "0.01464527", "price": "3128.63000000", "time": "2025-07-15T23:19:51.708123Z", "fetched_at": "2025-07-15T23:20:19.576570+00:00", "symbol": "ETH-USD"}, {"trade_id": 667655626, "side": "buy", "size": "0.01464527", "price": "3128.63000000", "time": "2025-07-15T23:19:51.677572Z", "fetched_at": "2025-07-15T23:20:19.576570+00:00", "symbol": "ETH-USD"}, {"trade_id": 667655625, "side": "buy", "size": "0.01464527", "price": "3128.63000000", "time": "2025-07-15T23:19:51.646883Z", "fetched_at": "2025-07-15T23:20:19.576570+00:00", "symbol": "ETH-USD"}, {"trade_id": 667655624, "side": "sell", "size": "0.04231663", "price": "3128.64000000", "time": "2025-07-15T23:19:51.646482Z", "fetched_at": "2025-07-15T23:20:19.576570+00:00", "symbol": "ETH-USD"}, {"trade_id": 667655623, "side": "buy", "size": "0.01464527", "price": "3128.63000000", "time": "2025-07-15T23:19:51.616192Z", "fetched_at": "2025-07-15T23:20:19.576570+00:00", "symbol": "ETH-USD"}, {"trade_id": 667655622, "side": "buy", "size": "0.01464527", "price": "3128.63000000", "time": "2025-07-15T23:19:51.585148Z", "fetched_at": "2025-07-15T23:20:19.576570+00:00", "symbol": "ETH-USD"}, {"trade_id": 667655621, "side": "buy", "size": "0.01144985", "price": "3128.62000000", "time": "2025-07-15T23:19:51.554262Z", "fetched_at": "2025-07-15T23:20:19.576570+00:00", "symbol": "ETH-USD"}, {"trade_id": 667655620, "side": "buy", "size": "0.00319542", "price": "3128.63000000", "time": "2025-07-15T23:19:51.554262Z", "fetched_at": "2025-07-15T23:20:19.576570+00:00", "symbol": "ETH-USD"}, {"trade_id": 667655619, "side": "buy", "size": "0.01144984", "price": "3128.61000000", "time": "2025-07-15T23:19:51.524203Z", "fetched_at": "2025-07-15T23:20:19.576570+00:00", "symbol": "ETH-USD"}, {"trade_id": 667655618, "side": "buy", "size": "0.00319543", "price": "3128.62000000", "time": "2025-07-15T23:19:51.524203Z", "fetched_at": "2025-07-15T23:20:19.576570+00:00", "symbol": "ETH-USD"}, {"trade_id": 667655617, "side": "buy", "size": "0.01464527", "price": "3128.66000000", "time": "2025-07-15T23:19:51.493838Z", "fetched_at": "2025-07-15T23:20:19.576570+00:00", "symbol": "ETH-USD"}, {"trade_id": 667655616, "side": "buy", "size": "0.01144971", "price": "3128.49000000", "time": "2025-07-15T23:19:51.462707Z", "fetched_at": "2025-07-15T23:20:19.576570+00:00", "symbol": "ETH-USD"}, {"trade_id": 667655615, "side": "buy", "size": "0.00319556", "price": "3128.49000000", "time": "2025-07-15T23:19:51.462707Z", "fetched_at": "2025-07-15T23:20:19.576570+00:00", "symbol": "ETH-USD"}, {"trade_id": 667655614, "side": "buy", "size": "0.01464527", "price": "3128.66000000", "time": "2025-07-15T23:19:51.421175Z", "fetched_at": "2025-07-15T23:20:19.576570+00:00", "symbol": "ETH-USD"}, {"trade_id": 667655613, "side": "buy", "size": "0.01464527", "price": "3128.66000000", "time": "2025-07-15T23:19:51.390267Z", "fetched_at": "2025-07-15T23:20:19.576570+00:00", "symbol": "ETH-USD"}, {"trade_id": 667655612, "side": "buy", "size": "0.01464527", "price": "3128.64000000", "time": "2025-07-15T23:19:51.359427Z", "fetched_at": "2025-07-15T23:20:19.576570+00:00", "symbol": "ETH-USD"}, {"trade_id": 667655611, "side": "sell", "size": "0.00060096", "price": "3129.00000000", "time": "2025-07-15T23:19:51.358316Z", "fetched_at": "2025-07-15T23:20:19.576570+00:00", "symbol": "ETH-USD"}, {"trade_id": 667655610, "side": "sell", "size": "0.00129205", "price": "3128.99000000", "time": "2025-07-15T23:19:51.358316Z", "fetched_at": "2025-07-15T23:20:19.576570+00:00", "symbol": "ETH-USD"}, {"trade_id": 667655609, "side": "sell", "size": "0.00100000", "price": "3128.92000000", "time": "2025-07-15T23:19:51.358316Z", "fetched_at": "2025-07-15T23:20:19.576570+00:00", "symbol": "ETH-USD"}, {"trade_id": 667655608, "side": "sell", "size": "0.00010334", "price": "3128.67000000", "time": "2025-07-15T23:19:51.358316Z", "fetched_at": "2025-07-15T23:20:19.576570+00:00", "symbol": "ETH-USD"}, {"trade_id": 667655607, "side": "sell", "size": "0.00001640", "price": "3128.67000000", "time": "2025-07-15T23:19:51.358316Z", "fetched_at": "2025-07-15T23:20:19.576570+00:00", "symbol": "ETH-USD"}, {"trade_id": 667655606, "side": "buy", "size": "0.01464527", "price": "3128.64000000", "time": "2025-07-15T23:19:51.326699Z", "fetched_at": "2025-07-15T23:20:19.576570+00:00", "symbol": "ETH-USD"}, {"trade_id": 667655605, "side": "buy", "size": "0.01464527", "price": "3128.64000000", "time": "2025-07-15T23:19:51.296122Z", "fetched_at": "2025-07-15T23:20:19.576570+00:00", "symbol": "ETH-USD"}, {"trade_id": 667655604, "side": "buy", "size": "0.01464527", "price": "3128.64000000", "time": "2025-07-15T23:19:51.265540Z", "fetched_at": "2025-07-15T23:20:19.576570+00:00", "symbol": "ETH-USD"}, {"trade_id": 667655603, "side": "buy", "size": "0.00319542", "price": "3128.63000000", "time": "2025-07-15T23:19:51.234869Z", "fetched_at": "2025-07-15T23:20:19.576570+00:00", "symbol": "ETH-USD"}, {"trade_id": 667655602, "side": "buy", "size": "0.01464527", "price": "3128.61000000", "time": "2025-07-15T23:19:51.203824Z", "fetched_at": "2025-07-15T23:20:19.576570+00:00", "symbol": "ETH-USD"}, {"trade_id": 667655601, "side": "buy", "size": "0.01144981", "price": "3128.59000000", "time": "2025-07-15T23:19:51.173077Z", "fetched_at": "2025-07-15T23:20:19.576570+00:00", "symbol": "ETH-USD"}, {"trade_id": 667655600, "side": "buy", "size": "0.00319546", "price": "3128.59000000", "time": "2025-07-15T23:19:51.173077Z", "fetched_at": "2025-07-15T23:20:19.576570+00:00", "symbol": "ETH-USD"}, {"trade_id": 667655599, "side": "buy", "size": "0.01144979", "price": "3128.57000000", "time": "2025-07-15T23:19:51.142891Z", "fetched_at": "2025-07-15T23:20:19.576570+00:00", "symbol": "ETH-USD"}, {"trade_id": 667655598, "side": "buy", "size": "0.00319548", "price": "3128.57000000", "time": "2025-07-15T23:19:51.142891Z", "fetched_at": "2025-07-15T23:20:19.576570+00:00", "symbol": "ETH-USD"}, {"trade_id": 667655597, "side": "buy", "size": "0.01144976", "price": "3128.54000000", "time": "2025-07-15T23:19:51.112103Z", "fetched_at": "2025-07-15T23:20:19.576570+00:00", "symbol": "ETH-USD"}, {"trade_id": 667655596, "side": "buy", "size": "0.00319551", "price": "3128.54000000", "time": "2025-07-15T23:19:51.112103Z", "fetched_at": "2025-07-15T23:20:19.576570+00:00", "symbol": "ETH-USD"}, {"trade_id": 667655595, "side": "buy", "size": "0.01464527", "price": "3128.52000000", "time": "2025-07-15T23:19:51.081672Z", "fetched_at": "2025-07-15T23:20:19.576570+00:00", "symbol": "ETH-USD"}, {"trade_id": 667655594, "side": "sell", "size": "0.49196000", "price": "3128.51000000", "time": "2025-07-15T23:19:51.071786Z", "fetched_at": "2025-07-15T23:20:19.576570+00:00", "symbol": "ETH-USD"}, {"trade_id": 667655593, "side": "sell", "size": "2.50803173", "price": "3128.51000000", "time": "2025-07-15T23:19:51.071786Z", "fetched_at": "2025-07-15T23:20:19.576570+00:00", "symbol": "ETH-USD"}, {"trade_id": 667655592, "side": "buy", "size": "0.01464527", "price": "3128.50000000", "time": "2025-07-15T23:19:51.051132Z", "fetched_at": "2025-07-15T23:20:19.576570+00:00", "symbol": "ETH-USD"}, {"trade_id": 667655591, "side": "buy", "size": "0.01464527", "price": "3128.50000000", "time": "2025-07-15T23:19:51.021019Z", "fetched_at": "2025-07-15T23:20:19.576570+00:00", "symbol": "ETH-USD"}, {"trade_id": 667655590, "side": "buy", "size": "0.01464527", "price": "3128.50000000", "time": "2025-07-15T23:19:50.990378Z", "fetched_at": "2025-07-15T23:20:19.576570+00:00", "symbol": "ETH-USD"}, {"trade_id": 667655589, "side": "buy", "size": "0.01464527", "price": "3128.46000000", "time": "2025-07-15T23:19:50.959309Z", "fetched_at": "2025-07-15T23:20:19.576570+00:00", "symbol": "ETH-USD"}, {"trade_id": 667655588, "side": "buy", "size": "0.01464527", "price": "3128.46000000", "time": "2025-07-15T23:19:50.929110Z", "fetched_at": "2025-07-15T23:20:19.576570+00:00", "symbol": "ETH-USD"}, {"trade_id": 667655587, "side": "buy", "size": "0.01144959", "price": "3128.38000000", "time": "2025-07-15T23:19:50.897571Z", "fetched_at": "2025-07-15T23:20:19.576570+00:00", "symbol": "ETH-USD"}, {"trade_id": 667655586, "side": "buy", "size": "0.00319568", "price": "3128.38000000", "time": "2025-07-15T23:19:50.897571Z", "fetched_at": "2025-07-15T23:20:19.576570+00:00", "symbol": "ETH-USD"}, {"trade_id": 667655585, "side": "sell", "size": "0.46184376", "price": "3128.51000000", "time": "2025-07-15T23:19:49.840592Z", "fetched_at": "2025-07-15T23:20:19.576570+00:00", "symbol": "ETH-USD"}, {"trade_id": 667655584, "side": "sell", "size": "0.04400985", "price": "3128.49000000", "time": "2025-07-15T23:19:49.840592Z", "fetched_at": "2025-07-15T23:20:19.576570+00:00", "symbol": "ETH-USD"}, {"trade_id": 667655583, "side": "sell", "size": "0.00169497", "price": "3128.48000000", "time": "2025-07-15T23:19:49.840592Z", "fetched_at": "2025-07-15T23:20:19.576570+00:00", "symbol": "ETH-USD"}, {"trade_id": 667655582, "side": "sell", "size": "0.12558028", "price": "3128.25000000", "time": "2025-07-15T23:19:49.840592Z", "fetched_at": "2025-07-15T23:20:19.576570+00:00", "symbol": "ETH-USD"}, {"trade_id": 667655581, "side": "sell", "size": "0.00795972", "price": "3128.25000000", "time": "2025-07-15T23:19:49.673022Z", "fetched_at": "2025-07-15T23:20:19.576570+00:00", "symbol": "ETH-USD"}, {"trade_id": 667655580, "side": "sell", "size": "0.03012451", "price": "3128.51000000", "time": "2025-07-15T23:19:49.268070Z", "fetched_at": "2025-07-15T23:20:19.576570+00:00", "symbol": "ETH-USD"}, {"trade_id": 667655579, "side": "sell", "size": "0.00168798", "price": "3128.50000000", "time": "2025-07-15T23:19:49.268070Z", "fetched_at": "2025-07-15T23:20:19.576570+00:00", "symbol": "ETH-USD"}, {"trade_id": 667655578, "side": "sell", "size": "0.00007291", "price": "3128.24000000", "time": "2025-07-15T23:19:49.268070Z", "fetched_at": "2025-07-15T23:20:19.576570+00:00", "symbol": "ETH-USD"}, {"trade_id": 667655577, "side": "buy", "size": "0.20766558", "price": "3128.23000000", "time": "2025-07-15T23:19:49.257271Z", "fetched_at": "2025-07-15T23:20:19.576570+00:00", "symbol": "ETH-USD"}, {"trade_id": 667655576, "side": "buy", "size": "0.05069481", "price": "3128.23000000", "time": "2025-07-15T23:19:48.477436Z", "fetched_at": "2025-07-15T23:20:19.576570+00:00", "symbol": "ETH-USD"}, {"trade_id": 667655575, "side": "sell", "size": "0.13354000", "price": "3128.23000000", "time": "2025-07-15T23:19:47.743219Z", "fetched_at": "2025-07-15T23:20:19.576570+00:00", "symbol": "ETH-USD"}, {"trade_id": 667655574, "side": "buy", "size": "0.10140499", "price": "3127.87000000", "time": "2025-07-15T23:19:47.310853Z", "fetched_at": "2025-07-15T23:20:19.576570+00:00", "symbol": "ETH-USD"}, {"trade_id": 667655573, "side": "buy", "size": "0.12556425", "price": "3127.88000000", "time": "2025-07-15T23:19:47.310853Z", "fetched_at": "2025-07-15T23:20:19.576570+00:00", "symbol": "ETH-USD"}, {"trade_id": 667655572, "side": "buy", "size": "0.00319584", "price": "3128.22000000", "time": "2025-07-15T23:19:47.310853Z", "fetched_at": "2025-07-15T23:20:19.576570+00:00", "symbol": "ETH-USD"}, {"trade_id": 667655571, "side": "buy", "size": "0.15983492", "price": "3128.22000000", "time": "2025-07-15T23:19:47.310853Z", "fetched_at": "2025-07-15T23:20:19.576570+00:00", "symbol": "ETH-USD"}, {"trade_id": 667655570, "side": "sell", "size": "0.00607202", "price": "3128.68000000", "time": "2025-07-15T23:19:47.086128Z", "fetched_at": "2025-07-15T23:20:19.576570+00:00", "symbol": "ETH-USD"}, {"trade_id": 667655569, "side": "sell", "size": "0.00156021", "price": "3128.67000000", "time": "2025-07-15T23:19:47.086128Z", "fetched_at": "2025-07-15T23:20:19.576570+00:00", "symbol": "ETH-USD"}, {"trade_id": 667655568, "side": "sell", "size": "0.00024001", "price": "3128.27000000", "time": "2025-07-15T23:19:47.086128Z", "fetched_at": "2025-07-15T23:20:19.576570+00:00", "symbol": "ETH-USD"}, {"trade_id": 667655567, "side": "sell", "size": "0.00005588", "price": "3128.27000000", "time": "2025-07-15T23:19:47.086128Z", "fetched_at": "2025-07-15T23:20:19.576570+00:00", "symbol": "ETH-USD"}, {"trade_id": 667655566, "side": "sell", "size": "0.59127564", "price": "3128.59000000", "time": "2025-07-15T23:19:46.294133Z", "fetched_at": "2025-07-15T23:20:19.576570+00:00", "symbol": "ETH-USD"}, {"trade_id": 667655565, "side": "sell", "size": "0.39292967", "price": "3128.39000000", "time": "2025-07-15T23:19:46.294133Z", "fetched_at": "2025-07-15T23:20:19.576570+00:00", "symbol": "ETH-USD"}, {"trade_id": 667655564, "side": "sell", "size": "0.30140033", "price": "3128.39000000", "time": "2025-07-15T23:19:46.294062Z", "fetched_at": "2025-07-15T23:20:19.576570+00:00", "symbol": "ETH-USD"}, {"trade_id": 667655563, "side": "sell", "size": "0.39292967", "price": "3128.19000000", "time": "2025-07-15T23:19:46.294062Z", "fetched_at": "2025-07-15T23:20:19.576570+00:00", "symbol": "ETH-USD"}, {"trade_id": 667655562, "side": "sell", "size": "0.00100000", "price": "3128.00000000", "time": "2025-07-15T23:19:46.293729Z", "fetched_at": "2025-07-15T23:20:19.576570+00:00", "symbol": "ETH-USD"}, {"trade_id": 667655561, "side": "sell", "size": "0.33082760", "price": "3127.97000000", "time": "2025-07-15T23:19:46.293729Z", "fetched_at": "2025-07-15T23:20:19.576570+00:00", "symbol": "ETH-USD"}, {"trade_id": 667655560, "side": "sell", "size": "0.27799605", "price": "3127.97000000", "time": "2025-07-15T23:19:46.293729Z", "fetched_at": "2025-07-15T23:20:19.576570+00:00", "symbol": "ETH-USD"}, {"trade_id": 667655559, "side": "sell", "size": "0.39082400", "price": "3127.97000000", "time": "2025-07-15T23:19:46.293684Z", "fetched_at": "2025-07-15T23:20:19.576570+00:00", "symbol": "ETH-USD"}, {"trade_id": 667655558, "side": "sell", "size": "0.00200233", "price": "3127.96000000", "time": "2025-07-15T23:19:46.293684Z", "fetched_at": "2025-07-15T23:20:19.576570+00:00", "symbol": "ETH-USD"}, {"trade_id": 667655557, "side": "sell", "size": "0.00010334", "price": "3127.63000000", "time": "2025-07-15T23:19:46.293684Z", "fetched_at": "2025-07-15T23:20:19.576570+00:00", "symbol": "ETH-USD"}, {"trade_id": 667655556, "side": "sell", "size": "0.00100000", "price": "3126.85000000", "time": "2025-07-15T23:19:45.728659Z", "fetched_at": "2025-07-15T23:20:19.576570+00:00", "symbol": "ETH-USD"}, {"trade_id": 667655555, "side": "sell", "size": "0.19973010", "price": "3126.78000000", "time": "2025-07-15T23:19:45.724551Z", "fetched_at": "2025-07-15T23:20:19.576570+00:00", "symbol": "ETH-USD"}, {"trade_id": 667655554, "side": "sell", "size": "0.00210129", "price": "3126.77000000", "time": "2025-07-15T23:19:45.724551Z", "fetched_at": "2025-07-15T23:20:19.576570+00:00", "symbol": "ETH-USD"}, {"trade_id": 667655553, "side": "sell", "size": "0.00005589", "price": "3126.75000000", "time": "2025-07-15T23:19:45.724551Z", "fetched_at": "2025-07-15T23:20:19.576570+00:00", "symbol": "ETH-USD"}, {"trade_id": 667655552, "side": "sell", "size": "0.00024001", "price": "3126.75000000", "time": "2025-07-15T23:19:45.724551Z", "fetched_at": "2025-07-15T23:20:19.576570+00:00", "symbol": "ETH-USD"}, {"trade_id": 667655551, "side": "sell", "size": "0.00100000", "price": "3126.62000000", "time": "2025-07-15T23:19:45.724551Z", "fetched_at": "2025-07-15T23:20:19.576570+00:00", "symbol": "ETH-USD"}, {"trade_id": 667655550, "side": "sell", "size": "0.00100000", "price": "3126.39000000", "time": "2025-07-15T23:19:45.724551Z", "fetched_at": "2025-07-15T23:20:19.576570+00:00", "symbol": "ETH-USD"}, {"trade_id": 667655549, "side": "sell", "size": "0.00010335", "price": "3126.17000000", "time": "2025-07-15T23:19:45.479301Z", "fetched_at": "2025-07-15T23:20:19.576570+00:00", "symbol": "ETH-USD"}, {"trade_id": 667655548, "side": "sell", "size": "0.00100000", "price": "3126.16000000", "time": "2025-07-15T23:19:45.457628Z", "fetched_at": "2025-07-15T23:20:19.576570+00:00", "symbol": "ETH-USD"}, {"trade_id": 667655547, "side": "buy", "size": "0.03769144", "price": "3126.15000000", "time": "2025-07-15T23:19:45.392149Z", "fetched_at": "2025-07-15T23:20:19.576570+00:00", "symbol": "ETH-USD"}, {"trade_id": 667655546, "side": "sell", "size": "0.13354000", "price": "3125.73000000", "time": "2025-07-15T23:19:45.190959Z", "fetched_at": "2025-07-15T23:20:19.576570+00:00", "symbol": "ETH-USD"}, {"trade_id": 667655545, "side": "sell", "size": "0.13354000", "price": "3125.72000000", "time": "2025-07-15T23:19:45.150015Z", "fetched_at": "2025-07-15T23:20:19.576570+00:00", "symbol": "ETH-USD"}, {"trade_id": 667655544, "side": "sell", "size": "0.13354000", "price": "3125.71000000", "time": "2025-07-15T23:19:45.130929Z", "fetched_at": "2025-07-15T23:20:19.576570+00:00", "symbol": "ETH-USD"}, {"trade_id": 667655543, "side": "sell", "size": "0.13354000", "price": "3125.70000000", "time": "2025-07-15T23:19:45.103255Z", "fetched_at": "2025-07-15T23:20:19.576570+00:00", "symbol": "ETH-USD"}, {"trade_id": 667655542, "side": "sell", "size": "0.13354000", "price": "3125.69000000", "time": "2025-07-15T23:19:45.084780Z", "fetched_at": "2025-07-15T23:20:19.576570+00:00", "symbol": "ETH-USD"}, {"trade_id": 667655541, "side": "sell", "size": "0.13354000", "price": "3125.65000000", "time": "2025-07-15T23:19:44.989609Z", "fetched_at": "2025-07-15T23:20:19.576570+00:00", "symbol": "ETH-USD"}, {"trade_id": 667655540, "side": "sell", "size": "0.01972394", "price": "3125.66000000", "time": "2025-07-15T23:19:44.958664Z", "fetched_at": "2025-07-15T23:20:19.576570+00:00", "symbol": "ETH-USD"}, {"trade_id": 667655539, "side": "sell", "size": "0.46646000", "price": "3125.66000000", "time": "2025-07-15T23:19:44.958489Z", "fetched_at": "2025-07-15T23:20:19.576570+00:00", "symbol": "ETH-USD"}, {"trade_id": 667655538, "side": "sell", "size": "0.13354000", "price": "3125.66000000", "time": "2025-07-15T23:19:44.954898Z", "fetched_at": "2025-07-15T23:20:19.576570+00:00", "symbol": "ETH-USD"}, {"trade_id": 667655537, "side": "sell", "size": "0.13354000", "price": "3125.66000000", "time": "2025-07-15T23:19:44.954692Z", "fetched_at": "2025-07-15T23:20:19.576570+00:00", "symbol": "ETH-USD"}, {"trade_id": 667655536, "side": "sell", "size": "0.13354000", "price": "3125.64000000", "time": "2025-07-15T23:19:44.917881Z", "fetched_at": "2025-07-15T23:20:19.576570+00:00", "symbol": "ETH-USD"}, {"trade_id": 667655535, "side": "sell", "size": "0.13354000", "price": "3125.64000000", "time": "2025-07-15T23:19:44.878486Z", "fetched_at": "2025-07-15T23:20:19.576570+00:00", "symbol": "ETH-USD"}, {"trade_id": 667655534, "side": "sell", "size": "0.13354000", "price": "3125.73000000", "time": "2025-07-15T23:19:44.863973Z", "fetched_at": "2025-07-15T23:20:19.576570+00:00", "symbol": "ETH-USD"}, {"trade_id": 667655533, "side": "sell", "size": "0.13354000", "price": "3125.72000000", "time": "2025-07-15T23:19:44.844085Z", "fetched_at": "2025-07-15T23:20:19.576570+00:00", "symbol": "ETH-USD"}, {"trade_id": 667655532, "side": "sell", "size": "0.13354000", "price": "3125.63000000", "time": "2025-07-15T23:19:44.834999Z", "fetched_at": "2025-07-15T23:20:19.576570+00:00", "symbol": "ETH-USD"}, {"trade_id": 667655531, "side": "sell", "size": "0.13354000", "price": "3125.73000000", "time": "2025-07-15T23:19:44.820223Z", "fetched_at": "2025-07-15T23:20:19.576570+00:00", "symbol": "ETH-USD"}, {"trade_id": 667655530, "side": "sell", "size": "0.13354000", "price": "3125.73000000", "time": "2025-07-15T23:19:44.798761Z", "fetched_at": "2025-07-15T23:20:19.576570+00:00", "symbol": "ETH-USD"}, {"trade_id": 667655529, "side": "sell", "size": "0.13354000", "price": "3125.73000000", "time": "2025-07-15T23:19:44.769773Z", "fetched_at": "2025-07-15T23:20:19.576570+00:00", "symbol": "ETH-USD"}, {"trade_id": 667655528, "side": "sell", "size": "0.13354000", "price": "3125.81000000", "time": "2025-07-15T23:19:44.613003Z", "fetched_at": "2025-07-15T23:20:19.576570+00:00", "symbol": "ETH-USD"}, {"trade_id": 667655527, "side": "sell", "size": "0.13354000", "price": "3125.81000000", "time": "2025-07-15T23:19:44.549354Z", "fetched_at": "2025-07-15T23:20:19.576570+00:00", "symbol": "ETH-USD"}, {"trade_id": 667655526, "side": "sell", "size": "0.13354000", "price": "3125.80000000", "time": "2025-07-15T23:19:44.530925Z", "fetched_at": "2025-07-15T23:20:19.576570+00:00", "symbol": "ETH-USD"}, {"trade_id": 667655525, "side": "sell", "size": "0.13354000", "price": "3125.79000000", "time": "2025-07-15T23:19:44.497279Z", "fetched_at": "2025-07-15T23:20:19.576570+00:00", "symbol": "ETH-USD"}, {"trade_id": 667655524, "side": "sell", "size": "0.13354000", "price": "3125.78000000", "time": "2025-07-15T23:19:44.479286Z", "fetched_at": "2025-07-15T23:20:19.576570+00:00", "symbol": "ETH-USD"}, {"trade_id": 667655523, "side": "sell", "size": "0.13354000", "price": "3125.77000000", "time": "2025-07-15T23:19:44.460060Z", "fetched_at": "2025-07-15T23:20:19.576570+00:00", "symbol": "ETH-USD"}, {"trade_id": 667655522, "side": "sell", "size": "0.13354000", "price": "3125.76000000", "time": "2025-07-15T23:19:44.420916Z", "fetched_at": "2025-07-15T23:20:19.576570+00:00", "symbol": "ETH-USD"}, {"trade_id": 667655521, "side": "sell", "size": "0.13354000", "price": "3125.75000000", "time": "2025-07-15T23:19:44.402239Z", "fetched_at": "2025-07-15T23:20:19.576570+00:00", "symbol": "ETH-USD"}, {"trade_id": 667655520, "side": "sell", "size": "0.13354000", "price": "3125.74000000", "time": "2025-07-15T23:19:44.382182Z", "fetched_at": "2025-07-15T23:20:19.576570+00:00", "symbol": "ETH-USD"}, {"trade_id": 667655519, "side": "sell", "size": "0.13354000", "price": "3125.73000000", "time": "2025-07-15T23:19:44.361322Z", "fetched_at": "2025-07-15T23:20:19.576570+00:00", "symbol": "ETH-USD"}, {"trade_id": 667655518, "side": "sell", "size": "0.13354000", "price": "3125.72000000", "time": "2025-07-15T23:19:44.344451Z", "fetched_at": "2025-07-15T23:20:19.576570+00:00", "symbol": "ETH-USD"}