[{"trade_id": 667839949, "side": "buy", "size": "0.01340998", "price": "3166.35000000", "time": "2025-07-16T08:10:46.163527Z", "fetched_at": "2025-07-16T08:10:49.783512+00:00", "symbol": "ETH-USD"}, {"trade_id": 667839948, "side": "buy", "size": "0.00000315", "price": "3166.35000000", "time": "2025-07-16T08:10:46.163527Z", "fetched_at": "2025-07-16T08:10:49.783512+00:00", "symbol": "ETH-USD"}, {"trade_id": 667839947, "side": "buy", "size": "0.00165475", "price": "3166.36000000", "time": "2025-07-16T08:10:46.163527Z", "fetched_at": "2025-07-16T08:10:49.783512+00:00", "symbol": "ETH-USD"}, {"trade_id": 667839946, "side": "buy", "size": "0.00159000", "price": "3166.71000000", "time": "2025-07-16T08:10:46.163527Z", "fetched_at": "2025-07-16T08:10:49.783512+00:00", "symbol": "ETH-USD"}, {"trade_id": 667839945, "side": "sell", "size": "0.00794818", "price": "3166.76000000", "time": "2025-07-16T08:10:45.135117Z", "fetched_at": "2025-07-16T08:10:49.783512+00:00", "symbol": "ETH-USD"}, {"trade_id": 667839944, "side": "buy", "size": "0.00158812", "price": "3166.66000000", "time": "2025-07-16T08:10:44.879219Z", "fetched_at": "2025-07-16T08:10:49.783512+00:00", "symbol": "ETH-USD"}, {"trade_id": 667839943, "side": "buy", "size": "0.00099063", "price": "3166.34000000", "time": "2025-07-16T08:10:43.472429Z", "fetched_at": "2025-07-16T08:10:49.783512+00:00", "symbol": "ETH-USD"}, {"trade_id": 667839942, "side": "buy", "size": "0.05604683", "price": "3166.35000000", "time": "2025-07-16T08:10:43.472429Z", "fetched_at": "2025-07-16T08:10:49.783512+00:00", "symbol": "ETH-USD"}, {"trade_id": 667839941, "side": "buy", "size": "0.01974225", "price": "3166.37000000", "time": "2025-07-16T08:10:43.472429Z", "fetched_at": "2025-07-16T08:10:49.783512+00:00", "symbol": "ETH-USD"}, {"trade_id": 667839940, "side": "buy", "size": "0.25151417", "price": "3166.51000000", "time": "2025-07-16T08:10:43.472429Z", "fetched_at": "2025-07-16T08:10:49.783512+00:00", "symbol": "ETH-USD"}, {"trade_id": 667839939, "side": "buy", "size": "0.00170612", "price": "3166.52000000", "time": "2025-07-16T08:10:43.472429Z", "fetched_at": "2025-07-16T08:10:49.783512+00:00", "symbol": "ETH-USD"}, {"trade_id": 667839938, "side": "buy", "size": "0.00112183", "price": "3166.46000000", "time": "2025-07-16T08:10:43.353568Z", "fetched_at": "2025-07-16T08:10:49.783512+00:00", "symbol": "ETH-USD"}, {"trade_id": 667839937, "side": "buy", "size": "0.06524203", "price": "3166.47000000", "time": "2025-07-16T08:10:43.353568Z", "fetched_at": "2025-07-16T08:10:49.783512+00:00", "symbol": "ETH-USD"}, {"trade_id": 667839936, "side": "buy", "size": "0.00170614", "price": "3166.48000000", "time": "2025-07-16T08:10:43.353568Z", "fetched_at": "2025-07-16T08:10:49.783512+00:00", "symbol": "ETH-USD"}, {"trade_id": 667839935, "side": "buy", "size": "0.00193000", "price": "3166.79000000", "time": "2025-07-16T08:10:43.353568Z", "fetched_at": "2025-07-16T08:10:49.783512+00:00", "symbol": "ETH-USD"}, {"trade_id": 667839934, "side": "buy", "size": "0.03635965", "price": "3166.40000000", "time": "2025-07-16T08:10:43.223662Z", "fetched_at": "2025-07-16T08:10:49.783512+00:00", "symbol": "ETH-USD"}, {"trade_id": 667839933, "side": "buy", "size": "0.00175037", "price": "3166.41000000", "time": "2025-07-16T08:10:43.223662Z", "fetched_at": "2025-07-16T08:10:49.783512+00:00", "symbol": "ETH-USD"}, {"trade_id": 667839932, "side": "buy", "size": "0.05188998", "price": "3166.79000000", "time": "2025-07-16T08:10:43.223662Z", "fetched_at": "2025-07-16T08:10:49.783512+00:00", "symbol": "ETH-USD"}, {"trade_id": 667839931, "side": "buy", "size": "0.07000000", "price": "3166.79000000", "time": "2025-07-16T08:10:43.191959Z", "fetched_at": "2025-07-16T08:10:49.783512+00:00", "symbol": "ETH-USD"}, {"trade_id": 667839930, "side": "buy", "size": "0.06773491", "price": "3166.38000000", "time": "2025-07-16T08:10:43.164435Z", "fetched_at": "2025-07-16T08:10:49.783512+00:00", "symbol": "ETH-USD"}, {"trade_id": 667839929, "side": "buy", "size": "0.00175038", "price": "3166.39000000", "time": "2025-07-16T08:10:43.164435Z", "fetched_at": "2025-07-16T08:10:49.783512+00:00", "symbol": "ETH-USD"}, {"trade_id": 667839928, "side": "buy", "size": "0.00051471", "price": "3166.79000000", "time": "2025-07-16T08:10:43.164435Z", "fetched_at": "2025-07-16T08:10:49.783512+00:00", "symbol": "ETH-USD"}, {"trade_id": 667839927, "side": "buy", "size": "0.03198115", "price": "3166.32000000", "time": "2025-07-16T08:10:41.748295Z", "fetched_at": "2025-07-16T08:10:49.783512+00:00", "symbol": "ETH-USD"}, {"trade_id": 667839926, "side": "buy", "size": "0.00100000", "price": "3166.32000000", "time": "2025-07-16T08:10:41.748295Z", "fetched_at": "2025-07-16T08:10:49.783512+00:00", "symbol": "ETH-USD"}, {"trade_id": 667839925, "side": "buy", "size": "0.10000000", "price": "3166.34000000", "time": "2025-07-16T08:10:41.748295Z", "fetched_at": "2025-07-16T08:10:49.783512+00:00", "symbol": "ETH-USD"}, {"trade_id": 667839924, "side": "buy", "size": "0.09846891", "price": "3166.35000000", "time": "2025-07-16T08:10:41.748295Z", "fetched_at": "2025-07-16T08:10:49.783512+00:00", "symbol": "ETH-USD"}, {"trade_id": 667839923, "side": "buy", "size": "0.00100000", "price": "3166.56000000", "time": "2025-07-16T08:10:41.748295Z", "fetched_at": "2025-07-16T08:10:49.783512+00:00", "symbol": "ETH-USD"}, {"trade_id": 667839922, "side": "buy", "size": "0.00202000", "price": "3166.61000000", "time": "2025-07-16T08:10:41.748295Z", "fetched_at": "2025-07-16T08:10:49.783512+00:00", "symbol": "ETH-USD"}, {"trade_id": 667839921, "side": "buy", "size": "0.12178954", "price": "3166.61000000", "time": "2025-07-16T08:10:41.748295Z", "fetched_at": "2025-07-16T08:10:49.783512+00:00", "symbol": "ETH-USD"}, {"trade_id": 667839920, "side": "buy", "size": "0.00018316", "price": "3166.61000000", "time": "2025-07-16T08:10:41.748295Z", "fetched_at": "2025-07-16T08:10:49.783512+00:00", "symbol": "ETH-USD"}, {"trade_id": 667839919, "side": "buy", "size": "0.00169212", "price": "3166.73000000", "time": "2025-07-16T08:10:41.748295Z", "fetched_at": "2025-07-16T08:10:49.783512+00:00", "symbol": "ETH-USD"}, {"trade_id": 667839918, "side": "buy", "size": "0.00100000", "price": "3166.80000000", "time": "2025-07-16T08:10:40.609067Z", "fetched_at": "2025-07-16T08:10:49.783512+00:00", "symbol": "ETH-USD"}, {"trade_id": 667839917, "side": "buy", "size": "0.00300748", "price": "3166.87000000", "time": "2025-07-16T08:10:40.584041Z", "fetched_at": "2025-07-16T08:10:49.783512+00:00", "symbol": "ETH-USD"}, {"trade_id": 667839916, "side": "buy", "size": "0.00001263", "price": "3167.03000000", "time": "2025-07-16T08:10:40.536828Z", "fetched_at": "2025-07-16T08:10:49.783512+00:00", "symbol": "ETH-USD"}, {"trade_id": 667839915, "side": "buy", "size": "0.00104828", "price": "3167.08000000", "time": "2025-07-16T08:10:40.536828Z", "fetched_at": "2025-07-16T08:10:49.783512+00:00", "symbol": "ETH-USD"}, {"trade_id": 667839914, "side": "buy", "size": "0.00102613", "price": "3167.24000000", "time": "2025-07-16T08:10:40.517606Z", "fetched_at": "2025-07-16T08:10:49.783512+00:00", "symbol": "ETH-USD"}, {"trade_id": 667839913, "side": "buy", "size": "0.12203053", "price": "3167.24000000", "time": "2025-07-16T08:10:40.517606Z", "fetched_at": "2025-07-16T08:10:49.783512+00:00", "symbol": "ETH-USD"}, {"trade_id": 667839912, "side": "buy", "size": "0.00102297", "price": "3167.24000000", "time": "2025-07-16T08:10:40.517606Z", "fetched_at": "2025-07-16T08:10:49.783512+00:00", "symbol": "ETH-USD"}, {"trade_id": 667839911, "side": "buy", "size": "0.00000315", "price": "3167.24000000", "time": "2025-07-16T08:10:40.517606Z", "fetched_at": "2025-07-16T08:10:49.783512+00:00", "symbol": "ETH-USD"}, {"trade_id": 667839910, "side": "buy", "size": "0.10617341", "price": "3167.24000000", "time": "2025-07-16T08:10:40.517606Z", "fetched_at": "2025-07-16T08:10:49.783512+00:00", "symbol": "ETH-USD"}, {"trade_id": 667839909, "side": "sell", "size": "0.03068197", "price": "3167.25000000", "time": "2025-07-16T08:10:37.986868Z", "fetched_at": "2025-07-16T08:10:49.783512+00:00", "symbol": "ETH-USD"}, {"trade_id": 667839908, "side": "sell", "size": "0.00974834", "price": "3167.25000000", "time": "2025-07-16T08:10:37.963649Z", "fetched_at": "2025-07-16T08:10:49.783512+00:00", "symbol": "ETH-USD"}, {"trade_id": 667839907, "side": "sell", "size": "0.04012746", "price": "3167.25000000", "time": "2025-07-16T08:10:37.432605Z", "fetched_at": "2025-07-16T08:10:49.783512+00:00", "symbol": "ETH-USD"}, {"trade_id": 667839906, "side": "sell", "size": "0.00166273", "price": "3167.38000000", "time": "2025-07-16T08:10:34.884093Z", "fetched_at": "2025-07-16T08:10:49.783512+00:00", "symbol": "ETH-USD"}, {"trade_id": 667839905, "side": "sell", "size": "0.00315727", "price": "3167.25000000", "time": "2025-07-16T08:10:34.884093Z", "fetched_at": "2025-07-16T08:10:49.783512+00:00", "symbol": "ETH-USD"}, {"trade_id": 667839904, "side": "buy", "size": "0.01586344", "price": "3167.24000000", "time": "2025-07-16T08:10:34.851826Z", "fetched_at": "2025-07-16T08:10:49.783512+00:00", "symbol": "ETH-USD"}, {"trade_id": 667839903, "side": "sell", "size": "0.07759896", "price": "3167.45000000", "time": "2025-07-16T08:10:34.605330Z", "fetched_at": "2025-07-16T08:10:49.783512+00:00", "symbol": "ETH-USD"}, {"trade_id": 667839902, "side": "sell", "size": "0.17734885", "price": "3167.45000000", "time": "2025-07-16T08:10:34.605330Z", "fetched_at": "2025-07-16T08:10:49.783512+00:00", "symbol": "ETH-USD"}, {"trade_id": 667839901, "side": "sell", "size": "0.05009044", "price": "3167.44000000", "time": "2025-07-16T08:10:34.605330Z", "fetched_at": "2025-07-16T08:10:49.783512+00:00", "symbol": "ETH-USD"}, {"trade_id": 667839900, "side": "sell", "size": "0.00024001", "price": "3167.28000000", "time": "2025-07-16T08:10:34.605330Z", "fetched_at": "2025-07-16T08:10:49.783512+00:00", "symbol": "ETH-USD"}, {"trade_id": 667839899, "side": "sell", "size": "0.00005589", "price": "3167.28000000", "time": "2025-07-16T08:10:34.605330Z", "fetched_at": "2025-07-16T08:10:49.783512+00:00", "symbol": "ETH-USD"}, {"trade_id": 667839898, "side": "sell", "size": "0.00010335", "price": "3167.28000000", "time": "2025-07-16T08:10:34.605330Z", "fetched_at": "2025-07-16T08:10:49.783512+00:00", "symbol": "ETH-USD"}, {"trade_id": 667839897, "side": "sell", "size": "0.00140203", "price": "3167.28000000", "time": "2025-07-16T08:10:34.605330Z", "fetched_at": "2025-07-16T08:10:49.783512+00:00", "symbol": "ETH-USD"}, {"trade_id": 667839896, "side": "sell", "size": "0.00222452", "price": "3167.51000000", "time": "2025-07-16T08:10:34.136765Z", "fetched_at": "2025-07-16T08:10:49.783512+00:00", "symbol": "ETH-USD"}, {"trade_id": 667839895, "side": "sell", "size": "0.00151696", "price": "3167.28000000", "time": "2025-07-16T08:10:34.136765Z", "fetched_at": "2025-07-16T08:10:49.783512+00:00", "symbol": "ETH-USD"}, {"trade_id": 667839894, "side": "sell", "size": "0.00005588", "price": "3167.28000000", "time": "2025-07-16T08:10:34.136765Z", "fetched_at": "2025-07-16T08:10:49.783512+00:00", "symbol": "ETH-USD"}, {"trade_id": 667839893, "side": "sell", "size": "0.00024001", "price": "3167.28000000", "time": "2025-07-16T08:10:34.136765Z", "fetched_at": "2025-07-16T08:10:49.783512+00:00", "symbol": "ETH-USD"}, {"trade_id": 667839892, "side": "sell", "size": "0.00031004", "price": "3167.28000000", "time": "2025-07-16T08:10:34.136765Z", "fetched_at": "2025-07-16T08:10:49.783512+00:00", "symbol": "ETH-USD"}, {"trade_id": 667839891, "side": "sell", "size": "0.00304273", "price": "3167.04000000", "time": "2025-07-16T08:10:31.601026Z", "fetched_at": "2025-07-16T08:10:49.783512+00:00", "symbol": "ETH-USD"}, {"trade_id": 667839890, "side": "sell", "size": "0.00315727", "price": "3167.04000000", "time": "2025-07-16T08:10:31.601026Z", "fetched_at": "2025-07-16T08:10:49.783512+00:00", "symbol": "ETH-USD"}, {"trade_id": 667839889, "side": "buy", "size": "0.00251742", "price": "3167.27000000", "time": "2025-07-16T08:10:31.443746Z", "fetched_at": "2025-07-16T08:10:49.783512+00:00", "symbol": "ETH-USD"}, {"trade_id": 667839888, "side": "buy", "size": "0.00209328", "price": "3167.27000000", "time": "2025-07-16T08:10:31.440451Z", "fetched_at": "2025-07-16T08:10:49.783512+00:00", "symbol": "ETH-USD"}, {"trade_id": 667839887, "side": "buy", "size": "0.00892000", "price": "3167.27000000", "time": "2025-07-16T08:10:31.440451Z", "fetched_at": "2025-07-16T08:10:49.783512+00:00", "symbol": "ETH-USD"}, {"trade_id": 667839886, "side": "buy", "size": "0.18358081", "price": "3167.27000000", "time": "2025-07-16T08:10:31.440451Z", "fetched_at": "2025-07-16T08:10:49.783512+00:00", "symbol": "ETH-USD"}, {"trade_id": 667839885, "side": "buy", "size": "0.04059016", "price": "3167.27000000", "time": "2025-07-16T08:10:31.440451Z", "fetched_at": "2025-07-16T08:10:49.783512+00:00", "symbol": "ETH-USD"}, {"trade_id": 667839884, "side": "buy", "size": "0.18546887", "price": "3167.27000000", "time": "2025-07-16T08:10:31.440451Z", "fetched_at": "2025-07-16T08:10:49.783512+00:00", "symbol": "ETH-USD"}, {"trade_id": 667839883, "side": "sell", "size": "0.00449258", "price": "3167.28000000", "time": "2025-07-16T08:10:30.765723Z", "fetched_at": "2025-07-16T08:10:49.783512+00:00", "symbol": "ETH-USD"}, {"trade_id": 667839882, "side": "sell", "size": "0.02524991", "price": "3167.28000000", "time": "2025-07-16T08:10:26.640326Z", "fetched_at": "2025-07-16T08:10:49.783512+00:00", "symbol": "ETH-USD"}, {"trade_id": 667839881, "side": "sell", "size": "0.00100000", "price": "3167.28000000", "time": "2025-07-16T08:10:26.640326Z", "fetched_at": "2025-07-16T08:10:49.783512+00:00", "symbol": "ETH-USD"}, {"trade_id": 667839880, "side": "buy", "size": "0.00023309", "price": "3167.27000000", "time": "2025-07-16T08:10:26.313494Z", "fetched_at": "2025-07-16T08:10:49.783512+00:00", "symbol": "ETH-USD"}, {"trade_id": 667839879, "side": "sell", "size": "0.00005589", "price": "3167.04000000", "time": "2025-07-16T08:10:25.172060Z", "fetched_at": "2025-07-16T08:10:49.783512+00:00", "symbol": "ETH-USD"}, {"trade_id": 667839878, "side": "sell", "size": "0.00024002", "price": "3167.04000000", "time": "2025-07-16T08:10:25.172060Z", "fetched_at": "2025-07-16T08:10:49.783512+00:00", "symbol": "ETH-USD"}, {"trade_id": 667839877, "side": "sell", "size": "0.00010334", "price": "3167.04000000", "time": "2025-07-16T08:10:25.172060Z", "fetched_at": "2025-07-16T08:10:49.783512+00:00", "symbol": "ETH-USD"}, {"trade_id": 667839876, "side": "sell", "size": "0.19423341", "price": "3167.04000000", "time": "2025-07-16T08:10:25.172060Z", "fetched_at": "2025-07-16T08:10:49.783512+00:00", "symbol": "ETH-USD"}, {"trade_id": 667839875, "side": "buy", "size": "0.04383534", "price": "3167.03000000", "time": "2025-07-16T08:10:22.555913Z", "fetched_at": "2025-07-16T08:10:49.783512+00:00", "symbol": "ETH-USD"}, {"trade_id": 667839874, "side": "buy", "size": "0.00247515", "price": "3167.03000000", "time": "2025-07-16T08:10:22.555913Z", "fetched_at": "2025-07-16T08:10:49.783512+00:00", "symbol": "ETH-USD"}, {"trade_id": 667839873, "side": "buy", "size": "0.12465000", "price": "3166.99000000", "time": "2025-07-16T08:10:21.435959Z", "fetched_at": "2025-07-16T08:10:49.783512+00:00", "symbol": "ETH-USD"}, {"trade_id": 667839872, "side": "buy", "size": "0.08454179", "price": "3166.61000000", "time": "2025-07-16T08:10:21.423232Z", "fetched_at": "2025-07-16T08:10:49.783512+00:00", "symbol": "ETH-USD"}, {"trade_id": 667839871, "side": "buy", "size": "0.00036632", "price": "3166.61000000", "time": "2025-07-16T08:10:21.423232Z", "fetched_at": "2025-07-16T08:10:49.783512+00:00", "symbol": "ETH-USD"}, {"trade_id": 667839870, "side": "buy", "size": "0.12627858", "price": "3166.65000000", "time": "2025-07-16T08:10:21.423232Z", "fetched_at": "2025-07-16T08:10:49.783512+00:00", "symbol": "ETH-USD"}, {"trade_id": 667839869, "side": "buy", "size": "0.00251331", "price": "3166.69000000", "time": "2025-07-16T08:10:21.423232Z", "fetched_at": "2025-07-16T08:10:49.783512+00:00", "symbol": "ETH-USD"}, {"trade_id": 667839868, "side": "buy", "size": "0.50000000", "price": "3166.84000000", "time": "2025-07-16T08:10:21.416163Z", "fetched_at": "2025-07-16T08:10:49.783512+00:00", "symbol": "ETH-USD"}, {"trade_id": 667839867, "side": "buy", "size": "0.53453513", "price": "3167.00000000", "time": "2025-07-16T08:10:21.416163Z", "fetched_at": "2025-07-16T08:10:49.783512+00:00", "symbol": "ETH-USD"}, {"trade_id": 667839866, "side": "buy", "size": "0.12465000", "price": "3167.00000000", "time": "2025-07-16T08:10:21.416163Z", "fetched_at": "2025-07-16T08:10:49.783512+00:00", "symbol": "ETH-USD"}, {"trade_id": 667839865, "side": "sell", "size": "0.02265115", "price": "3166.94000000", "time": "2025-07-16T08:10:20.128114Z", "fetched_at": "2025-07-16T08:10:49.783512+00:00", "symbol": "ETH-USD"}, {"trade_id": 667839864, "side": "sell", "size": "0.00131521", "price": "3166.93000000", "time": "2025-07-16T08:10:20.128114Z", "fetched_at": "2025-07-16T08:10:49.783512+00:00", "symbol": "ETH-USD"}, {"trade_id": 667839863, "side": "buy", "size": "0.02588240", "price": "3166.68000000", "time": "2025-07-16T08:10:19.388343Z", "fetched_at": "2025-07-16T08:10:49.783512+00:00", "symbol": "ETH-USD"}, {"trade_id": 667839862, "side": "sell", "size": "0.00005589", "price": "3166.62000000", "time": "2025-07-16T08:10:19.363640Z", "fetched_at": "2025-07-16T08:10:49.783512+00:00", "symbol": "ETH-USD"}, {"trade_id": 667839861, "side": "sell", "size": "0.00024001", "price": "3166.62000000", "time": "2025-07-16T08:10:19.363640Z", "fetched_at": "2025-07-16T08:10:49.783512+00:00", "symbol": "ETH-USD"}, {"trade_id": 667839860, "side": "sell", "size": "0.05949044", "price": "3166.65000000", "time": "2025-07-16T08:10:17.322251Z", "fetched_at": "2025-07-16T08:10:49.783512+00:00", "symbol": "ETH-USD"}, {"trade_id": 667839859, "side": "sell", "size": "0.09395094", "price": "3166.62000000", "time": "2025-07-16T08:10:17.322251Z", "fetched_at": "2025-07-16T08:10:49.783512+00:00", "symbol": "ETH-USD"}, {"trade_id": 667839858, "side": "buy", "size": "0.00003242", "price": "3166.61000000", "time": "2025-07-16T08:10:16.954526Z", "fetched_at": "2025-07-16T08:10:49.783512+00:00", "symbol": "ETH-USD"}, {"trade_id": 667839857, "side": "buy", "size": "0.00211012", "price": "3166.61000000", "time": "2025-07-16T08:10:16.884698Z", "fetched_at": "2025-07-16T08:10:49.783512+00:00", "symbol": "ETH-USD"}, {"trade_id": 667839856, "side": "buy", "size": "0.00265472", "price": "3166.80000000", "time": "2025-07-16T08:10:15.852255Z", "fetched_at": "2025-07-16T08:10:49.783512+00:00", "symbol": "ETH-USD"}, {"trade_id": 667839855, "side": "buy", "size": "0.01263104", "price": "3166.80000000", "time": "2025-07-16T08:10:15.852255Z", "fetched_at": "2025-07-16T08:10:49.783512+00:00", "symbol": "ETH-USD"}, {"trade_id": 667839854, "side": "buy", "size": "0.12071878", "price": "3167.03000000", "time": "2025-07-16T08:10:15.716696Z", "fetched_at": "2025-07-16T08:10:49.783512+00:00", "symbol": "ETH-USD"}, {"trade_id": 667839853, "side": "buy", "size": "0.00265452", "price": "3167.03000000", "time": "2025-07-16T08:10:15.716696Z", "fetched_at": "2025-07-16T08:10:49.783512+00:00", "symbol": "ETH-USD"}, {"trade_id": 667839852, "side": "buy", "size": "0.02324000", "price": "3167.03000000", "time": "2025-07-16T08:10:15.716696Z", "fetched_at": "2025-07-16T08:10:49.783512+00:00", "symbol": "ETH-USD"}, {"trade_id": 667839851, "side": "buy", "size": "0.12170393", "price": "3167.03000000", "time": "2025-07-16T08:10:15.716696Z", "fetched_at": "2025-07-16T08:10:49.783512+00:00", "symbol": "ETH-USD"}, {"trade_id": 667839850, "side": "sell", "size": "0.00654100", "price": "3167.04000000", "time": "2025-07-16T08:10:14.503765Z", "fetched_at": "2025-07-16T08:10:49.783512+00:00", "symbol": "ETH-USD"}, {"trade_id": 667839849, "side": "sell", "size": "0.00010336", "price": "3167.04000000", "time": "2025-07-16T08:10:14.503765Z", "fetched_at": "2025-07-16T08:10:49.783512+00:00", "symbol": "ETH-USD"}, {"trade_id": 667839848, "side": "sell", "size": "0.00100000", "price": "3167.04000000", "time": "2025-07-16T08:10:14.503765Z", "fetched_at": "2025-07-16T08:10:49.783512+00:00", "symbol": "ETH-USD"}, {"trade_id": 667839847, "side": "sell", "size": "0.02788219", "price": "3167.03000000", "time": "2025-07-16T08:10:13.803316Z", "fetched_at": "2025-07-16T08:10:49.783512+00:00", "symbol": "ETH-USD"}, {"trade_id": 667839846, "side": "sell", "size": "0.00151017", "price": "3167.02000000", "time": "2025-07-16T08:10:13.803316Z", "fetched_at": "2025-07-16T08:10:49.783512+00:00", "symbol": "ETH-USD"}, {"trade_id": 667839845, "side": "sell", "size": "0.00005589", "price": "3166.80000000", "time": "2025-07-16T08:10:13.803316Z", "fetched_at": "2025-07-16T08:10:49.783512+00:00", "symbol": "ETH-USD"}, {"trade_id": 667839844, "side": "sell", "size": "0.00024002", "price": "3166.80000000", "time": "2025-07-16T08:10:13.803316Z", "fetched_at": "2025-07-16T08:10:49.783512+00:00", "symbol": "ETH-USD"}, {"trade_id": 667839843, "side": "sell", "size": "0.00100000", "price": "3166.80000000", "time": "2025-07-16T08:10:13.803316Z", "fetched_at": "2025-07-16T08:10:49.783512+00:00", "symbol": "ETH-USD"}, {"trade_id": 667839842, "side": "buy", "size": "0.12465000", "price": "3166.79000000", "time": "2025-07-16T08:10:12.119793Z", "fetched_at": "2025-07-16T08:10:49.783512+00:00", "symbol": "ETH-USD"}, {"trade_id": 667839841, "side": "sell", "size": "1.16933022", "price": "3166.48000000", "time": "2025-07-16T08:10:12.055939Z", "fetched_at": "2025-07-16T08:10:49.783512+00:00", "symbol": "ETH-USD"}, {"trade_id": 667839840, "side": "sell", "size": "0.09925392", "price": "3166.47000000", "time": "2025-07-16T08:10:12.055939Z", "fetched_at": "2025-07-16T08:10:49.783512+00:00", "symbol": "ETH-USD"}, {"trade_id": 667839839, "side": "sell", "size": "0.02976301", "price": "3166.47000000", "time": "2025-07-16T08:10:11.587378Z", "fetched_at": "2025-07-16T08:10:49.783512+00:00", "symbol": "ETH-USD"}, {"trade_id": 667839838, "side": "sell", "size": "0.01956904", "price": "3166.19000000", "time": "2025-07-16T08:10:09.809716Z", "fetched_at": "2025-07-16T08:10:49.783512+00:00", "symbol": "ETH-USD"}, {"trade_id": 667839837, "side": "buy", "size": "1.52883358", "price": "3166.28000000", "time": "2025-07-16T08:10:09.278879Z", "fetched_at": "2025-07-16T08:10:49.783512+00:00", "symbol": "ETH-USD"}, {"trade_id": 667839836, "side": "buy", "size": "0.10000000", "price": "3166.29000000", "time": "2025-07-16T08:10:09.278879Z", "fetched_at": "2025-07-16T08:10:49.783512+00:00", "symbol": "ETH-USD"}, {"trade_id": 667839835, "side": "buy", "size": "0.10005917", "price": "3166.30000000", "time": "2025-07-16T08:10:09.278879Z", "fetched_at": "2025-07-16T08:10:49.783512+00:00", "symbol": "ETH-USD"}, {"trade_id": 667839834, "side": "buy", "size": "0.24269000", "price": "3166.31000000", "time": "2025-07-16T08:10:09.278879Z", "fetched_at": "2025-07-16T08:10:49.783512+00:00", "symbol": "ETH-USD"}, {"trade_id": 667839833, "side": "buy", "size": "0.00277410", "price": "3166.32000000", "time": "2025-07-16T08:10:09.278879Z", "fetched_at": "2025-07-16T08:10:49.783512+00:00", "symbol": "ETH-USD"}, {"trade_id": 667839832, "side": "buy", "size": "0.06434000", "price": "3166.67000000", "time": "2025-07-16T08:10:09.278879Z", "fetched_at": "2025-07-16T08:10:49.783512+00:00", "symbol": "ETH-USD"}, {"trade_id": 667839831, "side": "buy", "size": "0.00080200", "price": "3166.67000000", "time": "2025-07-16T08:10:09.278879Z", "fetched_at": "2025-07-16T08:10:49.783512+00:00", "symbol": "ETH-USD"}, {"trade_id": 667839830, "side": "buy", "size": "0.00377974", "price": "3166.51000000", "time": "2025-07-16T08:10:08.734028Z", "fetched_at": "2025-07-16T08:10:49.783512+00:00", "symbol": "ETH-USD"}, {"trade_id": 667839829, "side": "buy", "size": "0.04128071", "price": "3166.17000000", "time": "2025-07-16T08:10:08.654056Z", "fetched_at": "2025-07-16T08:10:49.783512+00:00", "symbol": "ETH-USD"}, {"trade_id": 667839828, "side": "buy", "size": "0.07812000", "price": "3166.24000000", "time": "2025-07-16T08:10:08.654056Z", "fetched_at": "2025-07-16T08:10:49.783512+00:00", "symbol": "ETH-USD"}, {"trade_id": 667839827, "side": "buy", "size": "0.00276675", "price": "3166.25000000", "time": "2025-07-16T08:10:08.654056Z", "fetched_at": "2025-07-16T08:10:49.783512+00:00", "symbol": "ETH-USD"}, {"trade_id": 667839826, "side": "buy", "size": "0.01574355", "price": "3166.29000000", "time": "2025-07-16T08:10:08.654056Z", "fetched_at": "2025-07-16T08:10:49.783512+00:00", "symbol": "ETH-USD"}, {"trade_id": 667839825, "side": "buy", "size": "0.12465000", "price": "3166.71000000", "time": "2025-07-16T08:10:08.654056Z", "fetched_at": "2025-07-16T08:10:49.783512+00:00", "symbol": "ETH-USD"}, {"trade_id": 667839824, "side": "sell", "size": "0.00157992", "price": "3166.29000000", "time": "2025-07-16T08:10:08.316996Z", "fetched_at": "2025-07-16T08:10:49.783512+00:00", "symbol": "ETH-USD"}, {"trade_id": 667839823, "side": "sell", "size": "0.00005588", "price": "3166.25000000", "time": "2025-07-16T08:10:08.316996Z", "fetched_at": "2025-07-16T08:10:49.783512+00:00", "symbol": "ETH-USD"}, {"trade_id": 667839822, "side": "sell", "size": "0.00024001", "price": "3166.25000000", "time": "2025-07-16T08:10:08.316996Z", "fetched_at": "2025-07-16T08:10:49.783512+00:00", "symbol": "ETH-USD"}, {"trade_id": 667839821, "side": "sell", "size": "0.10723000", "price": "3166.09000000", "time": "2025-07-16T08:10:07.698725Z", "fetched_at": "2025-07-16T08:10:49.783512+00:00", "symbol": "ETH-USD"}, {"trade_id": 667839820, "side": "buy", "size": "0.37546050", "price": "3166.17000000", "time": "2025-07-16T08:10:07.526252Z", "fetched_at": "2025-07-16T08:10:49.783512+00:00", "symbol": "ETH-USD"}, {"trade_id": 667839819, "side": "buy", "size": "0.12477418", "price": "3166.28000000", "time": "2025-07-16T08:10:07.526252Z", "fetched_at": "2025-07-16T08:10:49.783512+00:00", "symbol": "ETH-USD"}, {"trade_id": 667839818, "side": "buy", "size": "0.00278466", "price": "3166.32000000", "time": "2025-07-16T08:10:07.516365Z", "fetched_at": "2025-07-16T08:10:49.783512+00:00", "symbol": "ETH-USD"}, {"trade_id": 667839817, "side": "buy", "size": "0.00100000", "price": "3166.32000000", "time": "2025-07-16T08:10:07.516365Z", "fetched_at": "2025-07-16T08:10:49.783512+00:00", "symbol": "ETH-USD"}, {"trade_id": 667839816, "side": "buy", "size": "0.46922000", "price": "3166.62000000", "time": "2025-07-16T08:10:07.327753Z", "fetched_at": "2025-07-16T08:10:49.783512+00:00", "symbol": "ETH-USD"}, {"trade_id": 667839815, "side": "buy", "size": "1.53002556", "price": "3166.62000000", "time": "2025-07-16T08:10:07.327753Z", "fetched_at": "2025-07-16T08:10:49.783512+00:00", "symbol": "ETH-USD"}, {"trade_id": 667839814, "side": "buy", "size": "1.00074864", "price": "3166.62000000", "time": "2025-07-16T08:10:07.323145Z", "fetched_at": "2025-07-16T08:10:49.783512+00:00", "symbol": "ETH-USD"}, {"trade_id": 667839813, "side": "buy", "size": "0.00302485", "price": "3166.63000000", "time": "2025-07-16T08:10:07.323145Z", "fetched_at": "2025-07-16T08:10:49.783512+00:00", "symbol": "ETH-USD"}, {"trade_id": 667839812, "side": "buy", "size": "0.43996000", "price": "3166.76000000", "time": "2025-07-16T08:10:07.317795Z", "fetched_at": "2025-07-16T08:10:49.783512+00:00", "symbol": "ETH-USD"}, {"trade_id": 667839811, "side": "buy", "size": "0.46922580", "price": "3166.62000000", "time": "2025-07-16T08:10:05.941586Z", "fetched_at": "2025-07-16T08:10:49.783512+00:00", "symbol": "ETH-USD"}, {"trade_id": 667839810, "side": "buy", "size": "0.09565890", "price": "3166.62000000", "time": "2025-07-16T08:10:05.941586Z", "fetched_at": "2025-07-16T08:10:49.783512+00:00", "symbol": "ETH-USD"}, {"trade_id": 667839809, "side": "buy", "size": "0.10000000", "price": "3166.63000000", "time": "2025-07-16T08:10:05.941586Z", "fetched_at": "2025-07-16T08:10:49.783512+00:00", "symbol": "ETH-USD"}, {"trade_id": 667839808, "side": "buy", "size": "0.00296419", "price": "3166.64000000", "time": "2025-07-16T08:10:05.941586Z", "fetched_at": "2025-07-16T08:10:49.783512+00:00", "symbol": "ETH-USD"}, {"trade_id": 667839807, "side": "buy", "size": "0.12465000", "price": "3166.79000000", "time": "2025-07-16T08:10:05.941586Z", "fetched_at": "2025-07-16T08:10:49.783512+00:00", "symbol": "ETH-USD"}, {"trade_id": 667839806, "side": "buy", "size": "0.53423000", "price": "3167.03000000", "time": "2025-07-16T08:10:05.891438Z", "fetched_at": "2025-07-16T08:10:49.783512+00:00", "symbol": "ETH-USD"}, {"trade_id": 667839805, "side": "sell", "size": "0.00005589", "price": "3166.63000000", "time": "2025-07-16T08:10:04.970028Z", "fetched_at": "2025-07-16T08:10:49.783512+00:00", "symbol": "ETH-USD"}, {"trade_id": 667839804, "side": "sell", "size": "0.00024002", "price": "3166.63000000", "time": "2025-07-16T08:10:04.970028Z", "fetched_at": "2025-07-16T08:10:49.783512+00:00", "symbol": "ETH-USD"}, {"trade_id": 667839803, "side": "sell", "size": "1.27238759", "price": "3166.63000000", "time": "2025-07-16T08:10:04.970028Z", "fetched_at": "2025-07-16T08:10:49.783512+00:00", "symbol": "ETH-USD"}, {"trade_id": 667839802, "side": "sell", "size": "0.00010335", "price": "3166.63000000", "time": "2025-07-16T08:10:04.970028Z", "fetched_at": "2025-07-16T08:10:49.783512+00:00", "symbol": "ETH-USD"}, {"trade_id": 667839801, "side": "sell", "size": "0.24771150", "price": "3166.63000000", "time": "2025-07-16T08:10:04.970028Z", "fetched_at": "2025-07-16T08:10:49.783512+00:00", "symbol": "ETH-USD"}, {"trade_id": 667839800, "side": "sell", "size": "0.17390000", "price": "3166.63000000", "time": "2025-07-16T08:10:04.918785Z", "fetched_at": "2025-07-16T08:10:49.783512+00:00", "symbol": "ETH-USD"}, {"trade_id": 667839799, "side": "buy", "size": "0.00065627", "price": "3166.62000000", "time": "2025-07-16T08:10:01.676048Z", "fetched_at": "2025-07-16T08:10:49.783512+00:00", "symbol": "ETH-USD"}, {"trade_id": 667839798, "side": "buy", "size": "0.01580437", "price": "3166.62000000", "time": "2025-07-16T08:10:00.319885Z", "fetched_at": "2025-07-16T08:10:49.783512+00:00", "symbol": "ETH-USD"}, {"trade_id": 667839797, "side": "buy", "size": "1.09212000", "price": "3166.68000000", "time": "2025-07-16T08:09:59.907130Z", "fetched_at": "2025-07-16T08:10:49.783512+00:00", "symbol": "ETH-USD"}, {"trade_id": 667839796, "side": "buy", "size": "0.14718253", "price": "3166.68000000", "time": "2025-07-16T08:09:59.907130Z", "fetched_at": "2025-07-16T08:10:49.783512+00:00", "symbol": "ETH-USD"}, {"trade_id": 667839795, "side": "sell", "size": "0.06000000", "price": "3166.69000000", "time": "2025-07-16T08:09:59.426246Z", "fetched_at": "2025-07-16T08:10:49.783512+00:00", "symbol": "ETH-USD"}, {"trade_id": 667839794, "side": "buy", "size": "0.12465000", "price": "3166.76000000", "time": "2025-07-16T08:09:59.071560Z", "fetched_at": "2025-07-16T08:10:49.783512+00:00", "symbol": "ETH-USD"}, {"trade_id": 667839793, "side": "sell", "size": "0.00055900", "price": "3166.77000000", "time": "2025-07-16T08:09:58.507198Z", "fetched_at": "2025-07-16T08:10:49.783512+00:00", "symbol": "ETH-USD"}, {"trade_id": 667839792, "side": "sell", "size": "0.05225402", "price": "3166.85000000", "time": "2025-07-16T08:09:57.960465Z", "fetched_at": "2025-07-16T08:10:49.783512+00:00", "symbol": "ETH-USD"}, {"trade_id": 667839791, "side": "sell", "size": "0.00100000", "price": "3166.80000000", "time": "2025-07-16T08:09:57.960465Z", "fetched_at": "2025-07-16T08:10:49.783512+00:00", "symbol": "ETH-USD"}, {"trade_id": 667839790, "side": "sell", "size": "0.00005590", "price": "3166.69000000", "time": "2025-07-16T08:09:57.960465Z", "fetched_at": "2025-07-16T08:10:49.783512+00:00", "symbol": "ETH-USD"}, {"trade_id": 667839789, "side": "sell", "size": "0.00024001", "price": "3166.69000000", "time": "2025-07-16T08:09:57.960465Z", "fetched_at": "2025-07-16T08:10:49.783512+00:00", "symbol": "ETH-USD"}, {"trade_id": 667839788, "side": "sell", "size": "0.00003015", "price": "3166.69000000", "time": "2025-07-16T08:09:57.960465Z", "fetched_at": "2025-07-16T08:10:49.783512+00:00", "symbol": "ETH-USD"}, {"trade_id": 667839787, "side": "sell", "size": "0.00312783", "price": "3166.69000000", "time": "2025-07-16T08:09:57.946478Z", "fetched_at": "2025-07-16T08:10:49.783512+00:00", "symbol": "ETH-USD"}, {"trade_id": 667839786, "side": "buy", "size": "0.00057156", "price": "3166.77000000", "time": "2025-07-16T08:09:56.956298Z", "fetched_at": "2025-07-16T08:10:49.783512+00:00", "symbol": "ETH-USD"}, {"trade_id": 667839785, "side": "buy", "size": "0.12465000", "price": "3166.77000000", "time": "2025-07-16T08:09:56.956298Z", "fetched_at": "2025-07-16T08:10:49.783512+00:00", "symbol": "ETH-USD"}, {"trade_id": 667839784, "side": "sell", "size": "0.02743566", "price": "3166.63000000", "time": "2025-07-16T08:09:56.762387Z", "fetched_at": "2025-07-16T08:10:49.783512+00:00", "symbol": "ETH-USD"}, {"trade_id": 667839783, "side": "sell", "size": "0.00010336", "price": "3166.63000000", "time": "2025-07-16T08:09:56.762387Z", "fetched_at": "2025-07-16T08:10:49.783512+00:00", "symbol": "ETH-USD"}, {"trade_id": 667839782, "side": "sell", "size": "0.00315783", "price": "3166.63000000", "time": "2025-07-16T08:09:56.762387Z", "fetched_at": "2025-07-16T08:10:49.783512+00:00", "symbol": "ETH-USD"}, {"trade_id": 667839781, "side": "buy", "size": "0.19700768", "price": "3166.78000000", "time": "2025-07-16T08:09:55.271700Z", "fetched_at": "2025-07-16T08:10:49.783512+00:00", "symbol": "ETH-USD"}, {"trade_id": 667839780, "side": "buy", "size": "1.99237396", "price": "3166.78000000", "time": "2025-07-16T08:09:55.261962Z", "fetched_at": "2025-07-16T08:10:49.783512+00:00", "symbol": "ETH-USD"}, {"trade_id": 667839779, "side": "buy", "size": "0.16723612", "price": "3166.78000000", "time": "2025-07-16T08:09:55.158143Z", "fetched_at": "2025-07-16T08:10:49.783512+00:00", "symbol": "ETH-USD"}, {"trade_id": 667839778, "side": "buy", "size": "1.50238000", "price": "3166.78000000", "time": "2025-07-16T08:09:55.158143Z", "fetched_at": "2025-07-16T08:10:49.783512+00:00", "symbol": "ETH-USD"}, {"trade_id": 667839777, "side": "buy", "size": "0.16409412", "price": "3166.78000000", "time": "2025-07-16T08:09:55.158143Z", "fetched_at": "2025-07-16T08:10:49.783512+00:00", "symbol": "ETH-USD"}, {"trade_id": 667839776, "side": "buy", "size": "0.12465000", "price": "3166.78000000", "time": "2025-07-16T08:09:55.158143Z", "fetched_at": "2025-07-16T08:10:49.783512+00:00", "symbol": "ETH-USD"}, {"trade_id": 667839775, "side": "sell", "size": "0.00003484", "price": "3166.79000000", "time": "2025-07-16T08:09:54.530426Z", "fetched_at": "2025-07-16T08:10:49.783512+00:00", "symbol": "ETH-USD"}, {"trade_id": 667839774, "side": "buy", "size": "0.12465000", "price": "3166.79000000", "time": "2025-07-16T08:09:53.803732Z", "fetched_at": "2025-07-16T08:10:49.783512+00:00", "symbol": "ETH-USD"}, {"trade_id": 667839773, "side": "sell", "size": "0.00100000", "price": "3166.56000000", "time": "2025-07-16T08:09:53.146162Z", "fetched_at": "2025-07-16T08:10:49.783512+00:00", "symbol": "ETH-USD"}, {"trade_id": 667839772, "side": "sell", "size": "0.00005588", "price": "3166.50000000", "time": "2025-07-16T08:09:53.146162Z", "fetched_at": "2025-07-16T08:10:49.783512+00:00", "symbol": "ETH-USD"}, {"trade_id": 667839771, "side": "sell", "size": "0.15791343", "price": "3166.30000000", "time": "2025-07-16T08:09:53.109272Z", "fetched_at": "2025-07-16T08:10:49.783512+00:00", "symbol": "ETH-USD"}, {"trade_id": 667839770, "side": "sell", "size": "0.00315875", "price": "3166.29000000", "time": "2025-07-16T08:09:53.109272Z", "fetched_at": "2025-07-16T08:10:49.783512+00:00", "symbol": "ETH-USD"}, {"trade_id": 667839769, "side": "sell", "size": "0.92901001", "price": "3166.29000000", "time": "2025-07-16T08:09:53.109272Z", "fetched_at": "2025-07-16T08:10:49.783512+00:00", "symbol": "ETH-USD"}, {"trade_id": 667839768, "side": "sell", "size": "0.01598999", "price": "3166.29000000", "time": "2025-07-16T08:09:53.103031Z", "fetched_at": "2025-07-16T08:10:49.783512+00:00", "symbol": "ETH-USD"}, {"trade_id": 667839767, "side": "sell", "size": "0.00024001", "price": "3166.29000000", "time": "2025-07-16T08:09:53.103031Z", "fetched_at": "2025-07-16T08:10:49.783512+00:00", "symbol": "ETH-USD"}, {"trade_id": 667839766, "side": "buy", "size": "0.12465000", "price": "3166.49000000", "time": "2025-07-16T08:09:52.920342Z", "fetched_at": "2025-07-16T08:10:49.783512+00:00", "symbol": "ETH-USD"}, {"trade_id": 667839765, "side": "sell", "size": "0.02645190", "price": "3166.50000000", "time": "2025-07-16T08:09:52.912765Z", "fetched_at": "2025-07-16T08:10:49.783512+00:00", "symbol": "ETH-USD"}, {"trade_id": 667839764, "side": "sell", "size": "0.00100000", "price": "3166.32000000", "time": "2025-07-16T08:09:52.912765Z", "fetched_at": "2025-07-16T08:10:49.783512+00:00", "symbol": "ETH-USD"}, {"trade_id": 667839763, "side": "sell", "size": "0.00315875", "price": "3166.29000000", "time": "2025-07-16T08:09:52.912765Z", "fetched_at": "2025-07-16T08:10:49.783512+00:00", "symbol": "ETH-USD"}, {"trade_id": 667839762, "side": "sell", "size": "0.00100000", "price": "3166.08000000", "time": "2025-07-16T08:09:52.835135Z", "fetched_at": "2025-07-16T08:10:49.783512+00:00", "symbol": "ETH-USD"}, {"trade_id": 667839761, "side": "sell", "size": "0.00212795", "price": "3165.96000000", "time": "2025-07-16T08:09:52.653414Z", "fetched_at": "2025-07-16T08:10:49.783512+00:00", "symbol": "ETH-USD"}, {"trade_id": 667839760, "side": "sell", "size": "0.00100000", "price": "3165.84000000", "time": "2025-07-16T08:09:52.653414Z", "fetched_at": "2025-07-16T08:10:49.783512+00:00", "symbol": "ETH-USD"}, {"trade_id": 667839759, "side": "buy", "size": "0.05181000", "price": "3165.83000000", "time": "2025-07-16T08:09:52.570932Z", "fetched_at": "2025-07-16T08:10:49.783512+00:00", "symbol": "ETH-USD"}, {"trade_id": 667839758, "side": "sell", "size": "0.33812311", "price": "3165.81000000", "time": "2025-07-16T08:09:52.206003Z", "fetched_at": "2025-07-16T08:10:49.783512+00:00", "symbol": "ETH-USD"}, {"trade_id": 667839757, "side": "sell", "size": "1.45761689", "price": "3165.80000000", "time": "2025-07-16T08:09:52.206003Z", "fetched_at": "2025-07-16T08:10:49.783512+00:00", "symbol": "ETH-USD"}, {"trade_id": 667839756, "side": "sell", "size": "0.20000000", "price": "3165.79000000", "time": "2025-07-16T08:09:52.206003Z", "fetched_at": "2025-07-16T08:10:49.783512+00:00", "symbol": "ETH-USD"}, {"trade_id": 667839755, "side": "buy", "size": "0.06250385", "price": "3165.60000000", "time": "2025-07-16T08:09:52.071510Z", "fetched_at": "2025-07-16T08:10:49.783512+00:00", "symbol": "ETH-USD"}, {"trade_id": 667839754, "side": "buy", "size": "0.00310095", "price": "3165.83000000", "time": "2025-07-16T08:09:52.071510Z", "fetched_at": "2025-07-16T08:10:49.783512+00:00", "symbol": "ETH-USD"}, {"trade_id": 667839753, "side": "buy", "size": "0.12465000", "price": "3165.83000000", "time": "2025-07-16T08:09:52.071510Z", "fetched_at": "2025-07-16T08:10:49.783512+00:00", "symbol": "ETH-USD"}, {"trade_id": 667839752, "side": "sell", "size": "0.00010335", "price": "3165.60000000", "time": "2025-07-16T08:09:51.489290Z", "fetched_at": "2025-07-16T08:10:49.783512+00:00", "symbol": "ETH-USD"}, {"trade_id": 667839751, "side": "sell", "size": "0.00100000", "price": "3165.60000000", "time": "2025-07-16T08:09:51.489290Z", "fetched_at": "2025-07-16T08:10:49.783512+00:00", "symbol": "ETH-USD"}, {"trade_id": 667839750, "side": "sell", "size": "0.00005590", "price": "3165.36000000", "time": "2025-07-16T08:09:48.570518Z", "fetched_at": "2025-07-16T08:10:49.783512+00:00", "symbol": "ETH-USD"}, {"trade_id": 667839749, "side": "sell", "size": "0.00024001", "price": "3165.36000000", "time": "2025-07-16T08:09:48.570518Z", "fetched_at": "2025-07-16T08:10:49.783512+00:00", "symbol": "ETH-USD"}, {"trade_id": 667839748, "side": "sell", "size": "0.00100000", "price": "3165.36000000", "time": "2025-07-16T08:09:48.570518Z", "fetched_at": "2025-07-16T08:10:49.783512+00:00", "symbol": "ETH-USD"}, {"trade_id": 667839747, "side": "buy", "size": "0.00240573", "price": "3165.35000000", "time": "2025-07-16T08:09:45.864413Z", "fetched_at": "2025-07-16T08:10:49.783512+00:00", "symbol": "ETH-USD"}, {"trade_id": 667839746, "side": "sell", "size": "0.07520157", "price": "3165.33000000", "time": "2025-07-16T08:09:45.590986Z", "fetched_at": "2025-07-16T08:10:49.783512+00:00", "symbol": "ETH-USD"}, {"trade_id": 667839745, "side": "sell", "size": "0.00012063", "price": "3165.30000000", "time": "2025-07-16T08:09:45.590986Z", "fetched_at": "2025-07-16T08:10:49.783512+00:00", "symbol": "ETH-USD"}, {"trade_id": 667839744, "side": "sell", "size": "0.00287146", "price": "3165.30000000", "time": "2025-07-16T08:09:45.590986Z", "fetched_at": "2025-07-16T08:10:49.783512+00:00", "symbol": "ETH-USD"}, {"trade_id": 667839743, "side": "sell", "size": "0.21684043", "price": "3165.30000000", "time": "2025-07-16T08:09:44.217906Z", "fetched_at": "2025-07-16T08:10:49.783512+00:00", "symbol": "ETH-USD"}, {"trade_id": 667839742, "side": "sell", "size": "0.00315957", "price": "3165.30000000", "time": "2025-07-16T08:09:44.217906Z", "fetched_at": "2025-07-16T08:10:49.783512+00:00", "symbol": "ETH-USD"}, {"trade_id": 667839741, "side": "sell", "size": "0.01000151", "price": "3165.13000000", "time": "2025-07-16T08:09:43.227410Z", "fetched_at": "2025-07-16T08:10:49.783512+00:00", "symbol": "ETH-USD"}, {"trade_id": 667839740, "side": "sell", "size": "0.00100000", "price": "3165.12000000", "time": "2025-07-16T08:09:43.227410Z", "fetched_at": "2025-07-16T08:10:49.783512+00:00", "symbol": "ETH-USD"}, {"trade_id": 667839739, "side": "sell", "size": "0.00008607", "price": "3165.05000000", "time": "2025-07-16T08:09:43.227410Z", "fetched_at": "2025-07-16T08:10:49.783512+00:00", "symbol": "ETH-USD"}, {"trade_id": 667839738, "side": "sell", "size": "0.00005589", "price": "3165.01000000", "time": "2025-07-16T08:09:43.227410Z", "fetched_at": "2025-07-16T08:10:49.783512+00:00", "symbol": "ETH-USD"}, {"trade_id": 667839737, "side": "sell", "size": "0.00024002", "price": "3165.01000000", "time": "2025-07-16T08:09:43.227410Z", "fetched_at": "2025-07-16T08:10:49.783512+00:00", "symbol": "ETH-USD"}, {"trade_id": 667839736, "side": "sell", "size": "0.00315968", "price": "3165.01000000", "time": "2025-07-16T08:09:43.227410Z", "fetched_at": "2025-07-16T08:10:49.783512+00:00", "symbol": "ETH-USD"}, {"trade_id": 667839735, "side": "buy", "size": "0.04100000", "price": "3165.00000000", "time": "2025-07-16T08:09:41.311433Z", "fetched_at": "2025-07-16T08:10:49.783512+00:00", "symbol": "ETH-USD"}, {"trade_id": 667839734, "side": "buy", "size": "0.03535000", "price": "3165.04000000", "time": "2025-07-16T08:09:40.088743Z", "fetched_at": "2025-07-16T08:10:49.783512+00:00", "symbol": "ETH-USD"}, {"trade_id": 667839733, "side": "buy", "size": "0.12465000", "price": "3165.04000000", "time": "2025-07-16T08:09:40.088743Z", "fetched_at": "2025-07-16T08:10:49.783512+00:00", "symbol": "ETH-USD"}, {"trade_id": 667839732, "side": "sell", "size": "0.06250385", "price": "3165.05000000", "time": "2025-07-16T08:09:39.687513Z", "fetched_at": "2025-07-16T08:10:49.783512+00:00", "symbol": "ETH-USD"}, {"trade_id": 667839731, "side": "sell", "size": "0.00304786", "price": "3165.03000000", "time": "2025-07-16T08:09:39.687513Z", "fetched_at": "2025-07-16T08:10:49.783512+00:00", "symbol": "ETH-USD"}, {"trade_id": 667839730, "side": "sell", "size": "0.00010336", "price": "3164.88000000", "time": "2025-07-16T08:09:39.687513Z", "fetched_at": "2025-07-16T08:10:49.783512+00:00", "symbol": "ETH-USD"}, {"trade_id": 667839729, "side": "sell", "size": "0.00005589", "price": "3164.88000000", "time": "2025-07-16T08:09:39.687513Z", "fetched_at": "2025-07-16T08:10:49.783512+00:00", "symbol": "ETH-USD"}, {"trade_id": 667839728, "side": "sell", "size": "0.00024002", "price": "3164.88000000", "time": "2025-07-16T08:09:39.687513Z", "fetched_at": "2025-07-16T08:10:49.783512+00:00", "symbol": "ETH-USD"}, {"trade_id": 667839727, "side": "buy", "size": "0.12465000", "price": "3164.87000000", "time": "2025-07-16T08:09:39.609963Z", "fetched_at": "2025-07-16T08:10:49.783512+00:00", "symbol": "ETH-USD"}, {"trade_id": 667839726, "side": "buy", "size": "0.12465000", "price": "3164.87000000", "time": "2025-07-16T08:09:39.559814Z", "fetched_at": "2025-07-16T08:10:49.783512+00:00", "symbol": "ETH-USD"}, {"trade_id": 667839725, "side": "buy", "size": "0.12465000", "price": "3164.87000000", "time": "2025-07-16T08:09:39.454934Z", "fetched_at": "2025-07-16T08:10:49.783512+00:00", "symbol": "ETH-USD"}, {"trade_id": 667839724, "side": "buy", "size": "0.12465000", "price": "3164.87000000", "time": "2025-07-16T08:09:39.430372Z", "fetched_at": "2025-07-16T08:10:49.783512+00:00", "symbol": "ETH-USD"}, {"trade_id": 667839723, "side": "buy", "size": "0.12465000", "price": "3164.87000000", "time": "2025-07-16T08:09:39.334762Z", "fetched_at": "2025-07-16T08:10:49.783512+00:00", "symbol": "ETH-USD"}, {"trade_id": 667839722, "side": "buy", "size": "0.12465000", "price": "3164.87000000", "time": "2025-07-16T08:09:39.277888Z", "fetched_at": "2025-07-16T08:10:49.783512+00:00", "symbol": "ETH-USD"}, {"trade_id": 667839721, "side": "buy", "size": "0.01763663", "price": "3164.53000000", "time": "2025-07-16T08:09:39.253894Z", "fetched_at": "2025-07-16T08:10:49.783512+00:00", "symbol": "ETH-USD"}, {"trade_id": 667839720, "side": "buy", "size": "0.10000000", "price": "3164.54000000", "time": "2025-07-16T08:09:39.253894Z", "fetched_at": "2025-07-16T08:10:49.783512+00:00", "symbol": "ETH-USD"}, {"trade_id": 667839719, "side": "buy", "size": "0.00222337", "price": "3164.55000000", "time": "2025-07-16T08:09:39.253894Z", "fetched_at": "2025-07-16T08:10:49.783512+00:00", "symbol": "ETH-USD"}, {"trade_id": 667839718, "side": "buy", "size": "0.12465000", "price": "3164.87000000", "time": "2025-07-16T08:09:39.252762Z", "fetched_at": "2025-07-16T08:10:49.783512+00:00", "symbol": "ETH-USD"}, {"trade_id": 667839717, "side": "buy", "size": "0.12465000", "price": "3164.87000000", "time": "2025-07-16T08:09:39.228460Z", "fetched_at": "2025-07-16T08:10:49.783512+00:00", "symbol": "ETH-USD"}, {"trade_id": 667839716, "side": "buy", "size": "0.12465000", "price": "3164.87000000", "time": "2025-07-16T08:09:39.211059Z", "fetched_at": "2025-07-16T08:10:49.783512+00:00", "symbol": "ETH-USD"}, {"trade_id": 667839715, "side": "buy", "size": "0.14008675", "price": "3164.61000000", "time": "2025-07-16T08:09:39.194145Z", "fetched_at": "2025-07-16T08:10:49.783512+00:00", "symbol": "ETH-USD"}, {"trade_id": 667839714, "side": "buy", "size": "0.10000000", "price": "3164.69000000", "time": "2025-07-16T08:09:39.194145Z", "fetched_at": "2025-07-16T08:10:49.783512+00:00", "symbol": "ETH-USD"}, {"trade_id": 667839713, "side": "buy", "size": "0.00222325", "price": "3164.71000000", "time": "2025-07-16T08:09:39.194145Z", "fetched_at": "2025-07-16T08:10:49.783512+00:00", "symbol": "ETH-USD"}, {"trade_id": 667839712, "side": "buy", "size": "0.12465000", "price": "3164.86000000", "time": "2025-07-16T08:09:39.191649Z", "fetched_at": "2025-07-16T08:10:49.783512+00:00", "symbol": "ETH-USD"}, {"trade_id": 667839711, "side": "buy", "size": "4.16431738", "price": "3164.31000000", "time": "2025-07-16T08:09:39.083357Z", "fetched_at": "2025-07-16T08:10:49.783512+00:00", "symbol": "ETH-USD"}, {"trade_id": 667839710, "side": "buy", "size": "2.98553720", "price": "3164.31000000", "time": "2025-07-16T08:09:39.083004Z", "fetched_at": "2025-07-16T08:10:49.783512+00:00", "symbol": "ETH-USD"}, {"trade_id": 667839709, "side": "buy", "size": "0.79215387", "price": "3164.31000000", "time": "2025-07-16T08:09:39.083004Z", "fetched_at": "2025-07-16T08:10:49.783512+00:00", "symbol": "ETH-USD"}, {"trade_id": 667839708, "side": "buy", "size": "0.79005342", "price": "3164.34000000", "time": "2025-07-16T08:09:39.083004Z", "fetched_at": "2025-07-16T08:10:49.783512+00:00", "symbol": "ETH-USD"}, {"trade_id": 667839707, "side": "buy", "size": "0.53908292", "price": "3164.35000000", "time": "2025-07-16T08:09:39.083004Z", "fetched_at": "2025-07-16T08:10:49.783512+00:00", "symbol": "ETH-USD"}, {"trade_id": 667839706, "side": "buy", "size": "0.98281394", "price": "3164.41000000", "time": "2025-07-16T08:09:39.083004Z", "fetched_at": "2025-07-16T08:10:49.783512+00:00", "symbol": "ETH-USD"}, {"trade_id": 667839705, "side": "buy", "size": "0.31741631", "price": "3164.41000000", "time": "2025-07-16T08:09:39.083004Z", "fetched_at": "2025-07-16T08:10:49.783512+00:00", "symbol": "ETH-USD"}, {"trade_id": 667839704, "side": "buy", "size": "0.01127511", "price": "3164.49000000", "time": "2025-07-16T08:09:39.083004Z", "fetched_at": "2025-07-16T08:10:49.783512+00:00", "symbol": "ETH-USD"}, {"trade_id": 667839703, "side": "buy", "size": "0.25284200", "price": "3164.50000000", "time": "2025-07-16T08:09:39.083004Z", "fetched_at": "2025-07-16T08:10:49.783512+00:00", "symbol": "ETH-USD"}, {"trade_id": 667839702, "side": "buy", "size": "0.61943862", "price": "3164.53000000", "time": "2025-07-16T08:09:39.083004Z", "fetched_at": "2025-07-16T08:10:49.783512+00:00", "symbol": "ETH-USD"}, {"trade_id": 667839701, "side": "buy", "size": "0.94500000", "price": "3164.55000000", "time": "2025-07-16T08:09:39.083004Z", "fetched_at": "2025-07-16T08:10:49.783512+00:00", "symbol": "ETH-USD"}, {"trade_id": 667839700, "side": "buy", "size": "0.30888690", "price": "3164.57000000", "time": "2025-07-16T08:09:39.083004Z", "fetched_at": "2025-07-16T08:10:49.783512+00:00", "symbol": "ETH-USD"}, {"trade_id": 667839699, "side": "buy", "size": "0.15799825", "price": "3164.59000000", "time": "2025-07-16T08:09:39.083004Z", "fetched_at": "2025-07-16T08:10:49.783512+00:00", "symbol": "ETH-USD"}, {"trade_id": 667839698, "side": "buy", "size": "4.11946000", "price": "3164.60000000", "time": "2025-07-16T08:09:39.083004Z", "fetched_at": "2025-07-16T08:10:49.783512+00:00", "symbol": "ETH-USD"}, {"trade_id": 667839697, "side": "buy", "size": "0.03101032", "price": "3164.61000000", "time": "2025-07-16T08:09:39.083004Z", "fetched_at": "2025-07-16T08:10:49.783512+00:00", "symbol": "ETH-USD"}, {"trade_id": 667839696, "side": "buy", "size": "0.00225818", "price": "3164.61000000", "time": "2025-07-16T08:09:39.083004Z", "fetched_at": "2025-07-16T08:10:49.783512+00:00", "symbol": "ETH-USD"}, {"trade_id": 667839695, "side": "buy", "size": "0.50000000", "price": "3164.81000000", "time": "2025-07-16T08:09:39.083004Z", "fetched_at": "2025-07-16T08:10:49.783512+00:00", "symbol": "ETH-USD"}, {"trade_id": 667839694, "side": "buy", "size": "0.53236296", "price": "3164.87000000", "time": "2025-07-16T08:09:39.083004Z", "fetched_at": "2025-07-16T08:10:49.783512+00:00", "symbol": "ETH-USD"}, {"trade_id": 667839693, "side": "buy", "size": "0.12465000", "price": "3164.87000000", "time": "2025-07-16T08:09:39.083004Z", "fetched_at": "2025-07-16T08:10:49.783512+00:00", "symbol": "ETH-USD"}, {"trade_id": 667839692, "side": "buy", "size": "0.11986000", "price": "3164.87000000", "time": "2025-07-16T08:09:39.083004Z", "fetched_at": "2025-07-16T08:10:49.783512+00:00", "symbol": "ETH-USD"}, {"trade_id": 667839691, "side": "buy", "size": "0.12245000", "price": "3164.87000000", "time": "2025-07-16T08:09:39.083004Z", "fetched_at": "2025-07-16T08:10:49.783512+00:00", "symbol": "ETH-USD"}, {"trade_id": 667839690, "side": "buy", "size": "0.52964000", "price": "3164.87000000", "time": "2025-07-16T08:09:38.781519Z", "fetched_at": "2025-07-16T08:10:49.783512+00:00", "symbol": "ETH-USD"}, {"trade_id": 667839689, "side": "buy", "size": "0.18770123", "price": "3164.87000000", "time": "2025-07-16T08:09:38.781519Z", "fetched_at": "2025-07-16T08:10:49.783512+00:00", "symbol": "ETH-USD"}, {"trade_id": 667839688, "side": "buy", "size": "0.06201466", "price": "3164.87000000", "time": "2025-07-16T08:09:38.781519Z", "fetched_at": "2025-07-16T08:10:49.783512+00:00", "symbol": "ETH-USD"}, {"trade_id": 667839687, "side": "buy", "size": "0.50492296", "price": "3164.87000000", "time": "2025-07-16T08:09:38.781519Z", "fetched_at": "2025-07-16T08:10:49.783512+00:00", "symbol": "ETH-USD"}, {"trade_id": 667839686, "side": "buy", "size": "0.12465000", "price": "3164.87000000", "time": "2025-07-16T08:09:38.781519Z", "fetched_at": "2025-07-16T08:10:49.783512+00:00", "symbol": "ETH-USD"}, {"trade_id": 667839685, "side": "sell", "size": "0.00100000", "price": "3164.88000000", "time": "2025-07-16T08:09:37.530981Z", "fetched_at": "2025-07-16T08:10:49.783512+00:00", "symbol": "ETH-USD"}, {"trade_id": 667839684, "side": "sell", "size": "0.00100000", "price": "3164.64000000", "time": "2025-07-16T08:09:37.374776Z", "fetched_at": "2025-07-16T08:10:49.783512+00:00", "symbol": "ETH-USD"}, {"trade_id": 667839683, "side": "sell", "size": "0.00010334", "price": "3164.50000000", "time": "2025-07-16T08:09:37.374776Z", "fetched_at": "2025-07-16T08:10:49.783512+00:00", "symbol": "ETH-USD"}, {"trade_id": 667839682, "side": "buy", "size": "0.00003242", "price": "3164.49000000", "time": "2025-07-16T08:09:36.716264Z", "fetched_at": "2025-07-16T08:10:49.783512+00:00", "symbol": "ETH-USD"}, {"trade_id": 667839681, "side": "sell", "size": "0.00024001", "price": "3164.33000000", "time": "2025-07-16T08:09:35.975564Z", "fetched_at": "2025-07-16T08:10:49.783512+00:00", "symbol": "ETH-USD"}, {"trade_id": 667839680, "side": "sell", "size": "0.00316030", "price": "3164.30000000", "time": "2025-07-16T08:09:35.975564Z", "fetched_at": "2025-07-16T08:10:49.783512+00:00", "symbol": "ETH-USD"}, {"trade_id": 667839679, "side": "sell", "size": "0.00005589", "price": "3164.30000000", "time": "2025-07-16T08:09:35.975564Z", "fetched_at": "2025-07-16T08:10:49.783512+00:00", "symbol": "ETH-USD"}, {"trade_id": 667839678, "side": "sell", "size": "0.06201466", "price": "3164.30000000", "time": "2025-07-16T08:09:34.121111Z", "fetched_at": "2025-07-16T08:10:49.783512+00:00", "symbol": "ETH-USD"}, {"trade_id": 667839677, "side": "buy", "size": "0.00211038", "price": "3164.24000000", "time": "2025-07-16T08:09:32.120825Z", "fetched_at": "2025-07-16T08:10:49.783512+00:00", "symbol": "ETH-USD"}, {"trade_id": 667839676, "side": "buy", "size": "0.06444844", "price": "3164.39000000", "time": "2025-07-16T08:09:31.764741Z", "fetched_at": "2025-07-16T08:10:49.783512+00:00", "symbol": "ETH-USD"}, {"trade_id": 667839675, "side": "buy", "size": "0.13308410", "price": "3164.39000000", "time": "2025-07-16T08:09:31.764741Z", "fetched_at": "2025-07-16T08:10:49.783512+00:00", "symbol": "ETH-USD"}, {"trade_id": 667839674, "side": "sell", "size": "0.00125545", "price": "3164.40000000", "time": "2025-07-16T08:09:31.394711Z", "fetched_at": "2025-07-16T08:10:49.783512+00:00", "symbol": "ETH-USD"}, {"trade_id": 667839673, "side": "buy", "size": "0.01276901", "price": "3164.49000000", "time": "2025-07-16T08:09:30.947497Z", "fetched_at": "2025-07-16T08:10:49.783512+00:00", "symbol": "ETH-USD"}, {"trade_id": 667839672, "side": "sell", "size": "0.00256017", "price": "3164.61000000", "time": "2025-07-16T08:09:30.179206Z", "fetched_at": "2025-07-16T08:10:49.783512+00:00", "symbol": "ETH-USD"}, {"trade_id": 667839671, "side": "sell", "size": "0.00316038", "price": "3164.40000000", "time": "2025-07-16T08:09:30.179206Z", "fetched_at": "2025-07-16T08:10:49.783512+00:00", "symbol": "ETH-USD"}, {"trade_id": 667839670, "side": "sell", "size": "0.00100000", "price": "3164.40000000", "time": "2025-07-16T08:09:30.179206Z", "fetched_at": "2025-07-16T08:10:49.783512+00:00", "symbol": "ETH-USD"}, {"trade_id": 667839669, "side": "sell", "size": "0.00077333", "price": "3164.40000000", "time": "2025-07-16T08:09:30.179206Z", "fetched_at": "2025-07-16T08:10:49.783512+00:00", "symbol": "ETH-USD"}, {"trade_id": 667839668, "side": "sell", "size": "0.00005589", "price": "3164.18000000", "time": "2025-07-16T08:09:29.122041Z", "fetched_at": "2025-07-16T08:10:49.783512+00:00", "symbol": "ETH-USD"}, {"trade_id": 667839667, "side": "sell", "size": "0.00024002", "price": "3164.18000000", "time": "2025-07-16T08:09:29.122041Z", "fetched_at": "2025-07-16T08:10:49.783512+00:00", "symbol": "ETH-USD"}, {"trade_id": 667839666, "side": "buy", "size": "0.00184380", "price": "3164.19000000", "time": "2025-07-16T08:09:27.162448Z", "fetched_at": "2025-07-16T08:10:49.783512+00:00", "symbol": "ETH-USD"}, {"trade_id": 667839665, "side": "sell", "size": "0.00000317", "price": "3164.25000000", "time": "2025-07-16T08:09:25.966373Z", "fetched_at": "2025-07-16T08:10:49.783512+00:00", "symbol": "ETH-USD"}, {"trade_id": 667839664, "side": "sell", "size": "0.00010334", "price": "3164.16000000", "time": "2025-07-16T08:09:25.802684Z", "fetched_at": "2025-07-16T08:10:49.783512+00:00", "symbol": "ETH-USD"}, {"trade_id": 667839663, "side": "sell", "size": "0.00005588", "price": "3164.16000000", "time": "2025-07-16T08:09:25.802684Z", "fetched_at": "2025-07-16T08:10:49.783512+00:00", "symbol": "ETH-USD"}, {"trade_id": 667839662, "side": "sell", "size": "0.00024001", "price": "3164.16000000", "time": "2025-07-16T08:09:25.802684Z", "fetched_at": "2025-07-16T08:10:49.783512+00:00", "symbol": "ETH-USD"}, {"trade_id": 667839661, "side": "sell", "size": "0.00100000", "price": "3164.16000000", "time": "2025-07-16T08:09:25.802684Z", "fetched_at": "2025-07-16T08:10:49.783512+00:00", "symbol": "ETH-USD"}, {"trade_id": 667839660, "side": "sell", "size": "0.00312952", "price": "3163.68000000", "time": "2025-07-16T08:09:24.966909Z", "fetched_at": "2025-07-16T08:10:49.783512+00:00", "symbol": "ETH-USD"}, {"trade_id": 667839659, "side": "buy", "size": "0.00112205", "price": "3163.85000000", "time": "2025-07-16T08:09:24.730994Z", "fetched_at": "2025-07-16T08:10:49.783512+00:00", "symbol": "ETH-USD"}, {"trade_id": 667839658, "side": "buy", "size": "0.00224410", "price": "3163.85000000", "time": "2025-07-16T08:09:24.730994Z", "fetched_at": "2025-07-16T08:10:49.783512+00:00", "symbol": "ETH-USD"}, {"trade_id": 667839657, "side": "buy", "size": "0.19999991", "price": "3163.89000000", "time": "2025-07-16T08:09:24.718780Z", "fetched_at": "2025-07-16T08:10:49.783512+00:00", "symbol": "ETH-USD"}, {"trade_id": 667839656, "side": "buy", "size": "0.01397536", "price": "3164.14000000", "time": "2025-07-16T08:09:24.533577Z", "fetched_at": "2025-07-16T08:10:49.783512+00:00", "symbol": "ETH-USD"}, {"trade_id": 667839655, "side": "buy", "size": "0.17877787", "price": "3164.15000000", "time": "2025-07-16T08:09:24.533577Z", "fetched_at": "2025-07-16T08:10:49.783512+00:00", "symbol": "ETH-USD"}, {"trade_id": 667839654, "side": "buy", "size": "0.00379230", "price": "3164.14000000", "time": "2025-07-16T08:09:22.757887Z", "fetched_at": "2025-07-16T08:10:49.783512+00:00", "symbol": "ETH-USD"}, {"trade_id": 667839653, "side": "sell", "size": "0.00003390", "price": "3164.15000000", "time": "2025-07-16T08:09:22.703546Z", "fetched_at": "2025-07-16T08:10:49.783512+00:00", "symbol": "ETH-USD"}, {"trade_id": 667839652, "side": "sell", "size": "0.00000207", "price": "3164.15000000", "time": "2025-07-16T08:09:22.547304Z", "fetched_at": "2025-07-16T08:10:49.783512+00:00", "symbol": "ETH-USD"}, {"trade_id": 667839651, "side": "sell", "size": "0.00316069", "price": "3164.14000000", "time": "2025-07-16T08:09:22.547304Z", "fetched_at": "2025-07-16T08:10:49.783512+00:00", "symbol": "ETH-USD"}, {"trade_id": 667839650, "side": "sell", "size": "0.00010334", "price": "3163.86000000", "time": "2025-07-16T08:09:22.547304Z", "fetched_at": "2025-07-16T08:10:49.783512+00:00", "symbol": "ETH-USD"}, {"trade_id": 667839649, "side": "buy", "size": "0.04240208", "price": "3163.85000000", "time": "2025-07-16T08:09:21.854695Z", "fetched_at": "2025-07-16T08:10:49.783512+00:00", "symbol": "ETH-USD"}, {"trade_id": 667839648, "side": "sell", "size": "0.13070295", "price": "3163.98000000", "time": "2025-07-16T08:09:19.865309Z", "fetched_at": "2025-07-16T08:10:49.783512+00:00", "symbol": "ETH-USD"}, {"trade_id": 667839647, "side": "sell", "size": "0.47408749", "price": "3163.97000000", "time": "2025-07-16T08:09:19.865309Z", "fetched_at": "2025-07-16T08:10:49.783512+00:00", "symbol": "ETH-USD"}, {"trade_id": 667839646, "side": "sell", "size": "0.15803081", "price": "3163.94000000", "time": "2025-07-16T08:09:19.865309Z", "fetched_at": "2025-07-16T08:10:49.783512+00:00", "symbol": "ETH-USD"}, {"trade_id": 667839645, "side": "sell", "size": "0.00316276", "price": "3163.93000000", "time": "2025-07-16T08:09:19.865309Z", "fetched_at": "2025-07-16T08:10:49.783512+00:00", "symbol": "ETH-USD"}, {"trade_id": 667839644, "side": "sell", "size": "0.00100000", "price": "3163.92000000", "time": "2025-07-16T08:09:19.865309Z", "fetched_at": "2025-07-16T08:10:49.783512+00:00", "symbol": "ETH-USD"}, {"trade_id": 667839643, "side": "sell", "size": "0.00100000", "price": "3163.68000000", "time": "2025-07-16T08:09:19.865309Z", "fetched_at": "2025-07-16T08:10:49.783512+00:00", "symbol": "ETH-USD"}, {"trade_id": 667839642, "side": "sell", "size": "0.00005590", "price": "3163.42000000", "time": "2025-07-16T08:09:19.359941Z", "fetched_at": "2025-07-16T08:10:49.783512+00:00", "symbol": "ETH-USD"}, {"trade_id": 667839641, "side": "sell", "size": "0.00024002", "price": "3163.42000000", "time": "2025-07-16T08:09:19.359941Z", "fetched_at": "2025-07-16T08:10:49.783512+00:00", "symbol": "ETH-USD"}, {"trade_id": 667839640, "side": "sell", "size": "0.00010334", "price": "3163.42000000", "time": "2025-07-16T08:09:19.359941Z", "fetched_at": "2025-07-16T08:10:49.783512+00:00", "symbol": "ETH-USD"}, {"trade_id": 667839639, "side": "buy", "size": "0.03160872", "price": "3163.41000000", "time": "2025-07-16T08:09:17.007784Z", "fetched_at": "2025-07-16T08:10:49.783512+00:00", "symbol": "ETH-USD"}, {"trade_id": 667839638, "side": "buy", "size": "0.12465000", "price": "3163.49000000", "time": "2025-07-16T08:09:14.918591Z", "fetched_at": "2025-07-16T08:10:49.783512+00:00", "symbol": "ETH-USD"}, {"trade_id": 667839637, "side": "buy", "size": "0.16222897", "price": "3163.43000000", "time": "2025-07-16T08:09:14.898914Z", "fetched_at": "2025-07-16T08:10:49.783512+00:00", "symbol": "ETH-USD"}, {"trade_id": 667839636, "side": "buy", "size": "0.00100825", "price": "3163.44000000", "time": "2025-07-16T08:09:14.898914Z", "fetched_at": "2025-07-16T08:10:49.783512+00:00", "symbol": "ETH-USD"}, {"trade_id": 667839635, "side": "buy", "size": "0.02801032", "price": "3163.46000000", "time": "2025-07-16T08:09:14.898914Z", "fetched_at": "2025-07-16T08:10:49.783512+00:00", "symbol": "ETH-USD"}, {"trade_id": 667839634, "side": "buy", "size": "0.06809143", "price": "3163.46000000", "time": "2025-07-16T08:09:14.898914Z", "fetched_at": "2025-07-16T08:10:49.783512+00:00", "symbol": "ETH-USD"}, {"trade_id": 667839633, "side": "buy", "size": "0.12009786", "price": "3163.67000000", "time": "2025-07-16T08:09:14.883680Z", "fetched_at": "2025-07-16T08:10:49.783512+00:00", "symbol": "ETH-USD"}, {"trade_id": 667839632, "side": "buy", "size": "0.00086169", "price": "3163.67000000", "time": "2025-07-16T08:09:14.883680Z", "fetched_at": "2025-07-16T08:10:49.783512+00:00", "symbol": "ETH-USD"}, {"trade_id": 667839631, "side": "buy", "size": "0.10000000", "price": "3163.67000000", "time": "2025-07-16T08:09:14.883680Z", "fetched_at": "2025-07-16T08:10:49.783512+00:00", "symbol": "ETH-USD"}, {"trade_id": 667839630, "side": "buy", "size": "0.12245000", "price": "3163.67000000", "time": "2025-07-16T08:09:14.883680Z", "fetched_at": "2025-07-16T08:10:49.783512+00:00", "symbol": "ETH-USD"}, {"trade_id": 667839629, "side": "buy", "size": "0.11986000", "price": "3163.67000000", "time": "2025-07-16T08:09:14.883680Z", "fetched_at": "2025-07-16T08:10:49.783512+00:00", "symbol": "ETH-USD"}, {"trade_id": 667839628, "side": "buy", "size": "0.12465000", "price": "3163.67000000", "time": "2025-07-16T08:09:14.883680Z", "fetched_at": "2025-07-16T08:10:49.783512+00:00", "symbol": "ETH-USD"}, {"trade_id": 667839627, "side": "sell", "size": "0.00100000", "price": "3163.44000000", "time": "2025-07-16T08:09:14.445248Z", "fetched_at": "2025-07-16T08:10:49.783512+00:00", "symbol": "ETH-USD"}, {"trade_id": 667839626, "side": "sell", "size": "0.00005588", "price": "3163.20000000", "time": "2025-07-16T08:09:13.526396Z", "fetched_at": "2025-07-16T08:10:49.783512+00:00", "symbol": "ETH-USD"}, {"trade_id": 667839625, "side": "sell", "size": "0.00024004", "price": "3163.20000000", "time": "2025-07-16T08:09:13.526396Z", "fetched_at": "2025-07-16T08:10:49.783512+00:00", "symbol": "ETH-USD"}, {"trade_id": 667839624, "side": "sell", "size": "0.00100000", "price": "3163.20000000", "time": "2025-07-16T08:09:13.526396Z", "fetched_at": "2025-07-16T08:10:49.783512+00:00", "symbol": "ETH-USD"}, {"trade_id": 667839623, "side": "buy", "size": "0.10532412", "price": "3163.16000000", "time": "2025-07-16T08:09:11.440267Z", "fetched_at": "2025-07-16T08:10:49.783512+00:00", "symbol": "ETH-USD"}, {"trade_id": 667839622, "side": "buy", "size": "0.10000000", "price": "3163.19000000", "time": "2025-07-16T08:09:11.440267Z", "fetched_at": "2025-07-16T08:10:49.783512+00:00", "symbol": "ETH-USD"}, {"trade_id": 667839621, "side": "sell", "size": "0.00316296", "price": "3163.16000000", "time": "2025-07-16T08:09:11.374668Z", "fetched_at": "2025-07-16T08:10:49.783512+00:00", "symbol": "ETH-USD"}, {"trade_id": 667839620, "side": "sell", "size": "0.00202784", "price": "3163.16000000", "time": "2025-07-16T08:09:10.719672Z", "fetched_at": "2025-07-16T08:10:49.783512+00:00", "symbol": "ETH-USD"}, {"trade_id": 667839619, "side": "sell", "size": "0.00010335", "price": "3162.96000000", "time": "2025-07-16T08:09:10.719672Z", "fetched_at": "2025-07-16T08:10:49.783512+00:00", "symbol": "ETH-USD"}, {"trade_id": 667839618, "side": "sell", "size": "0.00100000", "price": "3162.96000000", "time": "2025-07-16T08:09:10.719672Z", "fetched_at": "2025-07-16T08:10:49.783512+00:00", "symbol": "ETH-USD"}, {"trade_id": 667839617, "side": "buy", "size": "0.12465000", "price": "3162.60000000", "time": "2025-07-16T08:09:08.802105Z", "fetched_at": "2025-07-16T08:10:49.783512+00:00", "symbol": "ETH-USD"}, {"trade_id": 667839616, "side": "buy", "size": "0.01623000", "price": "3162.07000000", "time": "2025-07-16T08:09:08.657364Z", "fetched_at": "2025-07-16T08:10:49.783512+00:00", "symbol": "ETH-USD"}, {"trade_id": 667839615, "side": "sell", "size": "0.10000000", "price": "3162.03000000", "time": "2025-07-16T08:09:08.649766Z", "fetched_at": "2025-07-16T08:10:49.783512+00:00", "symbol": "ETH-USD"}, {"trade_id": 667839614, "side": "sell", "size": "0.28672110", "price": "3162.03000000", "time": "2025-07-16T08:09:08.645245Z", "fetched_at": "2025-07-16T08:10:49.783512+00:00", "symbol": "ETH-USD"}, {"trade_id": 667839613, "side": "sell", "size": "0.10000000", "price": "3162.02000000", "time": "2025-07-16T08:09:08.645245Z", "fetched_at": "2025-07-16T08:10:49.783512+00:00", "symbol": "ETH-USD"}, {"trade_id": 667839612, "side": "sell", "size": "0.25306600", "price": "3162.02000000", "time": "2025-07-16T08:09:08.645245Z", "fetched_at": "2025-07-16T08:10:49.783512+00:00", "symbol": "ETH-USD"}, {"trade_id": 667839611, "side": "sell", "size": "0.15812676", "price": "3162.02000000", "time": "2025-07-16T08:09:08.645245Z", "fetched_at": "2025-07-16T08:10:49.783512+00:00", "symbol": "ETH-USD"}, {"trade_id": 667839610, "side": "sell", "size": "0.79067884", "price": "3161.84000000", "time": "2025-07-16T08:09:08.544195Z", "fetched_at": "2025-07-16T08:10:49.783512+00:00", "symbol": "ETH-USD"}, {"trade_id": 667839609, "side": "sell", "size": "0.00316296", "price": "3161.83000000", "time": "2025-07-16T08:09:08.544195Z", "fetched_at": "2025-07-16T08:10:49.783512+00:00", "symbol": "ETH-USD"}, {"trade_id": 667839608, "side": "sell", "size": "0.00005589", "price": "3161.80000000", "time": "2025-07-16T08:09:08.544195Z", "fetched_at": "2025-07-16T08:10:49.783512+00:00", "symbol": "ETH-USD"}, {"trade_id": 667839607, "side": "sell", "size": "0.00024004", "price": "3161.80000000", "time": "2025-07-16T08:09:08.544195Z", "fetched_at": "2025-07-16T08:10:49.783512+00:00", "symbol": "ETH-USD"}, {"trade_id": 667839606, "side": "sell", "size": "0.02999954", "price": "3161.80000000", "time": "2025-07-16T08:09:08.085670Z", "fetched_at": "2025-07-16T08:10:49.783512+00:00", "symbol": "ETH-USD"}, {"trade_id": 667839605, "side": "sell", "size": "0.02583668", "price": "3161.85000000", "time": "2025-07-16T08:09:06.816560Z", "fetched_at": "2025-07-16T08:10:49.783512+00:00", "symbol": "ETH-USD"}, {"trade_id": 667839604, "side": "sell", "size": "0.00316275", "price": "3161.84000000", "time": "2025-07-16T08:09:06.816560Z", "fetched_at": "2025-07-16T08:10:49.783512+00:00", "symbol": "ETH-USD"}, {"trade_id": 667839603, "side": "sell", "size": "0.00005589", "price": "3161.81000000", "time": "2025-07-16T08:09:06.816560Z", "fetched_at": "2025-07-16T08:10:49.783512+00:00", "symbol": "ETH-USD"}, {"trade_id": 667839602, "side": "sell", "size": "0.00024002", "price": "3161.81000000", "time": "2025-07-16T08:09:06.816560Z", "fetched_at": "2025-07-16T08:10:49.783512+00:00", "symbol": "ETH-USD"}, {"trade_id": 667839601, "side": "sell", "size": "0.00000456", "price": "3161.81000000", "time": "2025-07-16T08:09:06.816560Z", "fetched_at": "2025-07-16T08:10:49.783512+00:00", "symbol": "ETH-USD"}, {"trade_id": 667839600, "side": "sell", "size": "0.00169669", "price": "3161.80000000", "time": "2025-07-16T08:09:06.816560Z", "fetched_at": "2025-07-16T08:10:49.783512+00:00", "symbol": "ETH-USD"}, {"trade_id": 667839599, "side": "sell", "size": "0.00010334", "price": "3161.45000000", "time": "2025-07-16T08:09:06.816560Z", "fetched_at": "2025-07-16T08:10:49.783512+00:00", "symbol": "ETH-USD"}, {"trade_id": 667839598, "side": "buy", "size": "0.00100099", "price": "3161.44000000", "time": "2025-07-16T08:09:05.606952Z", "fetched_at": "2025-07-16T08:10:49.783512+00:00", "symbol": "ETH-USD"}, {"trade_id": 667839597, "side": "buy", "size": "0.18960489", "price": "3161.44000000", "time": "2025-07-16T08:09:05.606952Z", "fetched_at": "2025-07-16T08:10:49.783512+00:00", "symbol": "ETH-USD"}, {"trade_id": 667839596, "side": "buy", "size": "0.00103006", "price": "3161.50000000", "time": "2025-07-16T08:09:05.118967Z", "fetched_at": "2025-07-16T08:10:49.783512+00:00", "symbol": "ETH-USD"}, {"trade_id": 667839595, "side": "buy", "size": "0.19999997", "price": "3161.50000000", "time": "2025-07-16T08:09:05.118967Z", "fetched_at": "2025-07-16T08:10:49.783512+00:00", "symbol": "ETH-USD"}, {"trade_id": 667839594, "side": "buy", "size": "0.00103002", "price": "3161.63000000", "time": "2025-07-16T08:09:04.981105Z", "fetched_at": "2025-07-16T08:10:49.783512+00:00", "symbol": "ETH-USD"}, {"trade_id": 667839593, "side": "buy", "size": "0.20554821", "price": "3161.74000000", "time": "2025-07-16T08:09:04.911667Z", "fetched_at": "2025-07-16T08:10:49.783512+00:00", "symbol": "ETH-USD"}, {"trade_id": 667839592, "side": "buy", "size": "0.15104370", "price": "3161.80000000", "time": "2025-07-16T08:09:04.895550Z", "fetched_at": "2025-07-16T08:10:49.783512+00:00", "symbol": "ETH-USD"}, {"trade_id": 667839591, "side": "buy", "size": "0.00094441", "price": "3161.80000000", "time": "2025-07-16T08:09:04.895550Z", "fetched_at": "2025-07-16T08:10:49.783512+00:00", "symbol": "ETH-USD"}, {"trade_id": 667839590, "side": "buy", "size": "0.04086279", "price": "3161.80000000", "time": "2025-07-16T08:09:04.895550Z", "fetched_at": "2025-07-16T08:10:49.783512+00:00", "symbol": "ETH-USD"}, {"trade_id": 667839589, "side": "buy", "size": "0.08000000", "price": "3161.80000000", "time": "2025-07-16T08:09:03.112258Z", "fetched_at": "2025-07-16T08:10:49.783512+00:00", "symbol": "ETH-USD"}, {"trade_id": 667839588, "side": "sell", "size": "0.02619000", "price": "3161.81000000", "time": "2025-07-16T08:09:02.202170Z", "fetched_at": "2025-07-16T08:10:49.783512+00:00", "symbol": "ETH-USD"}, {"trade_id": 667839587, "side": "sell", "size": "0.00010335", "price": "3161.75000000", "time": "2025-07-16T08:09:00.864519Z", "fetched_at": "2025-07-16T08:10:49.783512+00:00", "symbol": "ETH-USD"}, {"trade_id": 667839586, "side": "sell", "size": "0.00005589", "price": "3161.75000000", "time": "2025-07-16T08:09:00.864519Z", "fetched_at": "2025-07-16T08:10:49.783512+00:00", "symbol": "ETH-USD"}, {"trade_id": 667839585, "side": "sell", "size": "0.00024002", "price": "3161.75000000", "time": "2025-07-16T08:09:00.864519Z", "fetched_at": "2025-07-16T08:10:49.783512+00:00", "symbol": "ETH-USD"}, {"trade_id": 667839584, "side": "sell", "size": "0.00098996", "price": "3161.74000000", "time": "2025-07-16T08:08:58.848502Z", "fetched_at": "2025-07-16T08:10:49.783512+00:00", "symbol": "ETH-USD"}, {"trade_id": 667839583, "side": "buy", "size": "0.01045779", "price": "3161.44000000", "time": "2025-07-16T08:08:58.043773Z", "fetched_at": "2025-07-16T08:10:49.783512+00:00", "symbol": "ETH-USD"}, {"trade_id": 667839582, "side": "buy", "size": "0.00100678", "price": "3161.45000000", "time": "2025-07-16T08:08:58.043773Z", "fetched_at": "2025-07-16T08:10:49.783512+00:00", "symbol": "ETH-USD"}, {"trade_id": 667839581, "side": "buy", "size": "0.00214137", "price": "3161.52000000", "time": "2025-07-16T08:08:58.043773Z", "fetched_at": "2025-07-16T08:10:49.783512+00:00", "symbol": "ETH-USD"}, {"trade_id": 667839580, "side": "buy", "size": "0.01426140", "price": "3161.68000000", "time": "2025-07-16T08:08:58.043773Z", "fetched_at": "2025-07-16T08:10:49.783512+00:00", "symbol": "ETH-USD"}, {"trade_id": 667839579, "side": "buy", "size": "0.00565195", "price": "3161.74000000", "time": "2025-07-16T08:08:58.043773Z", "fetched_at": "2025-07-16T08:10:49.783512+00:00", "symbol": "ETH-USD"}, {"trade_id": 667839578, "side": "buy", "size": "0.12465000", "price": "3161.74000000", "time": "2025-07-16T08:08:58.043773Z", "fetched_at": "2025-07-16T08:10:49.783512+00:00", "symbol": "ETH-USD"}, {"trade_id": 667839577, "side": "sell", "size": "0.02824857", "price": "3161.78000000", "time": "2025-07-16T08:08:56.977705Z", "fetched_at": "2025-07-16T08:10:49.783512+00:00", "symbol": "ETH-USD"}, {"trade_id": 667839576, "side": "sell", "size": "0.00316289", "price": "3161.69000000", "time": "2025-07-16T08:08:56.977705Z", "fetched_at": "2025-07-16T08:10:49.783512+00:00", "symbol": "ETH-USD"}, {"trade_id": 667839575, "side": "sell", "size": "0.00010334", "price": "3161.69000000", "time": "2025-07-16T08:08:56.977705Z", "fetched_at": "2025-07-16T08:10:49.783512+00:00", "symbol": "ETH-USD"}, {"trade_id": 667839574, "side": "sell", "size": "0.00009082", "price": "3161.69000000", "time": "2025-07-16T08:08:55.430300Z", "fetched_at": "2025-07-16T08:10:49.783512+00:00", "symbol": "ETH-USD"}, {"trade_id": 667839573, "side": "buy", "size": "0.12465000", "price": "3161.79000000", "time": "2025-07-16T08:08:55.153391Z", "fetched_at": "2025-07-16T08:10:49.783512+00:00", "symbol": "ETH-USD"}, {"trade_id": 667839572, "side": "sell", "size": "0.55606872", "price": "3161.80000000", "time": "2025-07-16T08:08:54.765718Z", "fetched_at": "2025-07-16T08:10:49.783512+00:00", "symbol": "ETH-USD"}, {"trade_id": 667839571, "side": "sell", "size": "0.79070526", "price": "3161.74000000", "time": "2025-07-16T08:08:54.765718Z", "fetched_at": "2025-07-16T08:10:49.783512+00:00", "symbol": "ETH-USD"}, {"trade_id": 667839570, "side": "sell", "size": "0.10000000", "price": "3161.72000000", "time": "2025-07-16T08:08:54.765718Z", "fetched_at": "2025-07-16T08:10:49.783512+00:00", "symbol": "ETH-USD"}, {"trade_id": 667839569, "side": "sell", "size": "0.11034519", "price": "3161.71000000", "time": "2025-07-16T08:08:54.765718Z", "fetched_at": "2025-07-16T08:10:49.783512+00:00", "symbol": "ETH-USD"}, {"trade_id": 667839568, "side": "sell", "size": "0.15814659", "price": "3161.63000000", "time": "2025-07-16T08:08:54.765718Z", "fetched_at": "2025-07-16T08:10:49.783512+00:00", "symbol": "ETH-USD"}, {"trade_id": 667839567, "side": "sell", "size": "0.00316347", "price": "3161.62000000", "time": "2025-07-16T08:08:54.765718Z", "fetched_at": "2025-07-16T08:10:49.783512+00:00", "symbol": "ETH-USD"}, {"trade_id": 667839566, "side": "sell", "size": "0.00010334", "price": "3161.17000000", "time": "2025-07-16T08:08:54.765718Z", "fetched_at": "2025-07-16T08:10:49.783512+00:00", "symbol": "ETH-USD"}, {"trade_id": 667839565, "side": "sell", "size": "0.01623000", "price": "3161.16000000", "time": "2025-07-16T08:08:53.606688Z", "fetched_at": "2025-07-16T08:10:49.783512+00:00", "symbol": "ETH-USD"}, {"trade_id": 667839564, "side": "sell", "size": "0.10000000", "price": "3161.07000000", "time": "2025-07-16T08:08:53.605504Z", "fetched_at": "2025-07-16T08:10:49.783512+00:00", "symbol": "ETH-USD"}, {"trade_id": 667839563, "side": "sell", "size": "0.00005879", "price": "3161.07000000", "time": "2025-07-16T08:08:53.605504Z", "fetched_at": "2025-07-16T08:10:49.783512+00:00", "symbol": "ETH-USD"}, {"trade_id": 667839562, "side": "sell", "size": "0.00025176", "price": "3161.07000000", "time": "2025-07-16T08:08:53.605504Z", "fetched_at": "2025-07-16T08:10:49.783512+00:00", "symbol": "ETH-USD"}, {"trade_id": 667839561, "side": "sell", "size": "0.12200731", "price": "3161.07000000", "time": "2025-07-16T08:08:53.605504Z", "fetched_at": "2025-07-16T08:10:49.783512+00:00", "symbol": "ETH-USD"}, {"trade_id": 667839560, "side": "buy", "size": "0.00003242", "price": "3161.06000000", "time": "2025-07-16T08:08:53.021513Z", "fetched_at": "2025-07-16T08:10:49.783512+00:00", "symbol": "ETH-USD"}, {"trade_id": 667839559, "side": "buy", "size": "0.08857021", "price": "3160.71000000", "time": "2025-07-16T08:08:51.921108Z", "fetched_at": "2025-07-16T08:10:49.783512+00:00", "symbol": "ETH-USD"}, {"trade_id": 667839558, "side": "buy", "size": "0.10000000", "price": "3160.72000000", "time": "2025-07-16T08:08:51.921108Z", "fetched_at": "2025-07-16T08:10:49.783512+00:00", "symbol": "ETH-USD"}, {"trade_id": 667839557, "side": "buy", "size": "0.00100000", "price": "3160.80000000", "time": "2025-07-16T08:08:51.921108Z", "fetched_at": "2025-07-16T08:10:49.783512+00:00", "symbol": "ETH-USD"}, {"trade_id": 667839556, "side": "buy", "size": "0.12196480", "price": "3160.83000000", "time": "2025-07-16T08:08:51.921108Z", "fetched_at": "2025-07-16T08:10:49.783512+00:00", "symbol": "ETH-USD"}, {"trade_id": 667839555, "side": "buy", "size": "0.05793131", "price": "3160.91000000", "time": "2025-07-16T08:08:51.921108Z", "fetched_at": "2025-07-16T08:10:49.783512+00:00", "symbol": "ETH-USD"}, {"trade_id": 667839554, "side": "buy", "size": "0.03210256", "price": "3160.92000000", "time": "2025-07-16T08:08:51.921108Z", "fetched_at": "2025-07-16T08:10:49.783512+00:00", "symbol": "ETH-USD"}, {"trade_id": 667839553, "side": "buy", "size": "0.14211447", "price": "3161.05000000", "time": "2025-07-16T08:08:51.921108Z", "fetched_at": "2025-07-16T08:10:49.783512+00:00", "symbol": "ETH-USD"}, {"trade_id": 667839552, "side": "buy", "size": "0.00094955", "price": "3161.15000000", "time": "2025-07-16T08:08:51.921108Z", "fetched_at": "2025-07-16T08:10:49.783512+00:00", "symbol": "ETH-USD"}, {"trade_id": 667839551, "side": "sell", "size": "0.00305390", "price": "3161.16000000", "time": "2025-07-16T08:08:51.704258Z", "fetched_at": "2025-07-16T08:10:49.783512+00:00", "symbol": "ETH-USD"}, {"trade_id": 667839550, "side": "buy", "size": "0.00098857", "price": "3161.12000000", "time": "2025-07-16T08:08:51.434650Z", "fetched_at": "2025-07-16T08:10:49.783512+00:00", "symbol": "ETH-USD"}, {"trade_id": 667839549, "side": "buy", "size": "0.00103330", "price": "3161.13000000", "time": "2025-07-16T08:08:51.000596Z", "fetched_at": "2025-07-16T08:10:49.783512+00:00", "symbol": "ETH-USD"}, {"trade_id": 667839548, "side": "buy", "size": "0.00103544", "price": "3161.15000000", "time": "2025-07-16T08:08:50.923833Z", "fetched_at": "2025-07-16T08:10:49.783512+00:00", "symbol": "ETH-USD"}, {"trade_id": 667839547, "side": "buy", "size": "0.12465000", "price": "3161.15000000", "time": "2025-07-16T08:08:50.923833Z", "fetched_at": "2025-07-16T08:10:49.783512+00:00", "symbol": "ETH-USD"}, {"trade_id": 667839546, "side": "buy", "size": "0.00103545", "price": "3161.14000000", "time": "2025-07-16T08:08:50.799592Z", "fetched_at": "2025-07-16T08:10:49.783512+00:00", "symbol": "ETH-USD"}, {"trade_id": 667839545, "side": "buy", "size": "0.00108717", "price": "3161.16000000", "time": "2025-07-16T08:08:50.779427Z", "fetched_at": "2025-07-16T08:10:49.783512+00:00", "symbol": "ETH-USD"}, {"trade_id": 667839544, "side": "buy", "size": "0.00047443", "price": "3161.16000000", "time": "2025-07-16T08:08:50.779427Z", "fetched_at": "2025-07-16T08:10:49.783512+00:00", "symbol": "ETH-USD"}, {"trade_id": 667839543, "side": "buy", "size": "0.12465000", "price": "3161.30000000", "time": "2025-07-16T08:08:50.130712Z", "fetched_at": "2025-07-16T08:10:49.783512+00:00", "symbol": "ETH-USD"}, {"trade_id": 667839542, "side": "sell", "size": "0.01900654", "price": "3161.18000000", "time": "2025-07-16T08:08:49.819403Z", "fetched_at": "2025-07-16T08:10:49.783512+00:00", "symbol": "ETH-USD"}, {"trade_id": 667839541, "side": "sell", "size": "0.08944179", "price": "3161.22000000", "time": "2025-07-16T08:08:49.331009Z", "fetched_at": "2025-07-16T08:10:49.783512+00:00", "symbol": "ETH-USD"}, {"trade_id": 667839540, "side": "sell", "size": "0.15816688", "price": "3161.22000000", "time": "2025-07-16T08:08:49.331009Z", "fetched_at": "2025-07-16T08:10:49.783512+00:00", "symbol": "ETH-USD"}, {"trade_id": 667839539, "side": "buy", "size": "0.12465000", "price": "3161.36000000", "time": "2025-07-16T08:08:49.188767Z", "fetched_at": "2025-07-16T08:10:49.783512+00:00", "symbol": "ETH-USD"}, {"trade_id": 667839538, "side": "sell", "size": "0.03046440", "price": "3161.19000000", "time": "2025-07-16T08:08:48.961639Z", "fetched_at": "2025-07-16T08:10:49.783512+00:00", "symbol": "ETH-USD"}, {"trade_id": 667839537, "side": "sell", "size": "0.00022835", "price": "3161.17000000", "time": "2025-07-16T08:08:48.961639Z", "fetched_at": "2025-07-16T08:10:49.783512+00:00", "symbol": "ETH-USD"}, {"trade_id": 667839536, "side": "sell", "size": "0.00005300", "price": "3161.17000000", "time": "2025-07-16T08:08:48.961639Z", "fetched_at": "2025-07-16T08:10:49.783512+00:00", "symbol": "ETH-USD"}, {"trade_id": 667839535, "side": "sell", "size": "0.01535985", "price": "3161.17000000", "time": "2025-07-16T08:08:47.638881Z", "fetched_at": "2025-07-16T08:10:49.783512+00:00", "symbol": "ETH-USD"}, {"trade_id": 667839534, "side": "sell", "size": "0.00005588", "price": "3161.17000000", "time": "2025-07-16T08:08:47.638881Z", "fetched_at": "2025-07-16T08:10:49.783512+00:00", "symbol": "ETH-USD"}, {"trade_id": 667839533, "side": "sell", "size": "0.00024001", "price": "3161.17000000", "time": "2025-07-16T08:08:47.638881Z", "fetched_at": "2025-07-16T08:10:49.783512+00:00", "symbol": "ETH-USD"}, {"trade_id": 667839532, "side": "buy", "size": "0.21606648", "price": "3160.85000000", "time": "2025-07-16T08:08:46.472539Z", "fetched_at": "2025-07-16T08:10:49.783512+00:00", "symbol": "ETH-USD"}, {"trade_id": 667839531, "side": "buy", "size": "0.24269000", "price": "3160.89000000", "time": "2025-07-16T08:08:46.472539Z", "fetched_at": "2025-07-16T08:10:49.783512+00:00", "symbol": "ETH-USD"}, {"trade_id": 667839530, "side": "buy", "size": "0.10000000", "price": "3160.90000000", "time": "2025-07-16T08:08:46.472539Z", "fetched_at": "2025-07-16T08:10:49.783512+00:00", "symbol": "ETH-USD"}, {"trade_id": 667839529, "side": "buy", "size": "0.19999937", "price": "3161.10000000", "time": "2025-07-16T08:08:46.472539Z", "fetched_at": "2025-07-16T08:10:49.783512+00:00", "symbol": "ETH-USD"}, {"trade_id": 667839528, "side": "buy", "size": "0.40366854", "price": "3161.10000000", "time": "2025-07-16T08:08:46.472539Z", "fetched_at": "2025-07-16T08:10:49.783512+00:00", "symbol": "ETH-USD"}, {"trade_id": 667839527, "side": "buy", "size": "0.00091826", "price": "3161.16000000", "time": "2025-07-16T08:08:46.472539Z", "fetched_at": "2025-07-16T08:10:49.783512+00:00", "symbol": "ETH-USD"}, {"trade_id": 667839526, "side": "sell", "size": "0.01918426", "price": "3161.35000000", "time": "2025-07-16T08:08:45.658760Z", "fetched_at": "2025-07-16T08:10:49.783512+00:00", "symbol": "ETH-USD"}, {"trade_id": 667839525, "side": "sell", "size": "0.00218085", "price": "3161.34000000", "time": "2025-07-16T08:08:45.658760Z", "fetched_at": "2025-07-16T08:10:49.783512+00:00", "symbol": "ETH-USD"}, {"trade_id": 667839524, "side": "sell", "size": "0.00010334", "price": "3161.17000000", "time": "2025-07-16T08:08:45.658760Z", "fetched_at": "2025-07-16T08:10:49.783512+00:00", "symbol": "ETH-USD"}, {"trade_id": 667839523, "side": "sell", "size": "0.00008619", "price": "3161.17000000", "time": "2025-07-16T08:08:45.658760Z", "fetched_at": "2025-07-16T08:10:49.783512+00:00", "symbol": "ETH-USD"}, {"trade_id": 667839522, "side": "sell", "size": "0.00036950", "price": "3161.17000000", "time": "2025-07-16T08:08:45.658760Z", "fetched_at": "2025-07-16T08:10:49.783512+00:00", "symbol": "ETH-USD"}, {"trade_id": 667839521, "side": "sell", "size": "0.04918639", "price": "3161.01000000", "time": "2025-07-16T08:08:43.402016Z", "fetched_at": "2025-07-16T08:10:49.783512+00:00", "symbol": "ETH-USD"}, {"trade_id": 667839520, "side": "sell", "size": "0.00010335", "price": "3161.01000000", "time": "2025-07-16T08:08:43.402016Z", "fetched_at": "2025-07-16T08:10:49.783512+00:00", "symbol": "ETH-USD"}, {"trade_id": 667839519, "side": "sell", "size": "0.79089020", "price": "3161.00000000", "time": "2025-07-16T08:08:43.402016Z", "fetched_at": "2025-07-16T08:10:49.783512+00:00", "symbol": "ETH-USD"}, {"trade_id": 667839518, "side": "sell", "size": "0.56410796", "price": "3160.99000000", "time": "2025-07-16T08:08:43.402016Z", "fetched_at": "2025-07-16T08:10:49.783512+00:00", "symbol": "ETH-USD"}, {"trade_id": 667839517, "side": "sell", "size": "0.10000000", "price": "3160.98000000", "time": "2025-07-16T08:08:43.402016Z", "fetched_at": "2025-07-16T08:10:49.783512+00:00", "symbol": "ETH-USD"}, {"trade_id": 667839516, "side": "sell", "size": "0.00255767", "price": "3160.98000000", "time": "2025-07-16T08:08:43.402016Z", "fetched_at": "2025-07-16T08:10:49.783512+00:00", "symbol": "ETH-USD"}, {"trade_id": 667839515, "side": "sell", "size": "0.15818540", "price": "3160.85000000", "time": "2025-07-16T08:08:43.401998Z", "fetched_at": "2025-07-16T08:10:49.783512+00:00", "symbol": "ETH-USD"}, {"trade_id": 667839514, "side": "buy", "size": "0.00079973", "price": "3161.00000000", "time": "2025-07-16T08:08:43.275118Z", "fetched_at": "2025-07-16T08:10:49.783512+00:00", "symbol": "ETH-USD"}, {"trade_id": 667839513, "side": "buy", "size": "0.00051531", "price": "3161.00000000", "time": "2025-07-16T08:08:42.590509Z", "fetched_at": "2025-07-16T08:10:49.783512+00:00", "symbol": "ETH-USD"}, {"trade_id": 667839512, "side": "sell", "size": "0.79089798", "price": "3160.97000000", "time": "2025-07-16T08:08:41.898179Z", "fetched_at": "2025-07-16T08:10:49.783512+00:00", "symbol": "ETH-USD"}, {"trade_id": 667839511, "side": "sell", "size": "0.47460080", "price": "3160.96000000", "time": "2025-07-16T08:08:41.898179Z", "fetched_at": "2025-07-16T08:10:49.783512+00:00", "symbol": "ETH-USD"}, {"trade_id": 667839510, "side": "sell", "size": "0.15818378", "price": "3160.89000000", "time": "2025-07-16T08:08:41.898179Z", "fetched_at": "2025-07-16T08:10:49.783512+00:00", "symbol": "ETH-USD"}, {"trade_id": 667839509, "side": "buy", "size": "0.00092032", "price": "3161.00000000", "time": "2025-07-16T08:08:40.568606Z", "fetched_at": "2025-07-16T08:10:49.783512+00:00", "symbol": "ETH-USD"}, {"trade_id": 667839508, "side": "buy", "size": "0.10000000", "price": "3161.00000000", "time": "2025-07-16T08:08:40.556690Z", "fetched_at": "2025-07-16T08:10:49.783512+00:00", "symbol": "ETH-USD"}, {"trade_id": 667839507, "side": "buy", "size": "0.04065485", "price": "3161.00000000", "time": "2025-07-16T08:08:40.556690Z", "fetched_at": "2025-07-16T08:10:49.783512+00:00", "symbol": "ETH-USD"}, {"trade_id": 667839506, "side": "buy", "size": "0.00092153", "price": "3161.00000000", "time": "2025-07-16T08:08:40.556690Z", "fetched_at": "2025-07-16T08:10:49.783512+00:00", "symbol": "ETH-USD"}, {"trade_id": 667839505, "side": "buy", "size": "0.12465000", "price": "3161.00000000", "time": "2025-07-16T08:08:40.556690Z", "fetched_at": "2025-07-16T08:10:49.783512+00:00", "symbol": "ETH-USD"}, {"trade_id": 667839504, "side": "buy", "size": "0.02757532", "price": "3161.16000000", "time": "2025-07-16T08:08:39.540107Z", "fetched_at": "2025-07-16T08:10:49.783512+00:00", "symbol": "ETH-USD"}, {"trade_id": 667839503, "side": "buy", "size": "0.12465000", "price": "3161.16000000", "time": "2025-07-16T08:08:39.540107Z", "fetched_at": "2025-07-16T08:10:49.783512+00:00", "symbol": "ETH-USD"}, {"trade_id": 667839502, "side": "buy", "size": "0.12465000", "price": "3161.15000000", "time": "2025-07-16T08:08:38.960671Z", "fetched_at": "2025-07-16T08:10:49.783512+00:00", "symbol": "ETH-USD"}, {"trade_id": 667839501, "side": "buy", "size": "0.12192676", "price": "3161.16000000", "time": "2025-07-16T08:08:38.309759Z", "fetched_at": "2025-07-16T08:10:49.783512+00:00", "symbol": "ETH-USD"}, {"trade_id": 667839500, "side": "buy", "size": "0.00465000", "price": "3161.16000000", "time": "2025-07-16T08:08:38.309759Z", "fetched_at": "2025-07-16T08:10:49.783512+00:00", "symbol": "ETH-USD"}, {"trade_id": 667839499, "side": "buy", "size": "0.12000000", "price": "3161.16000000", "time": "2025-07-16T08:08:38.168294Z", "fetched_at": "2025-07-16T08:10:49.783512+00:00", "symbol": "ETH-USD"}, {"trade_id": 667839498, "side": "sell", "size": "0.00011027", "price": "3160.70000000", "time": "2025-07-16T08:08:36.857263Z", "fetched_at": "2025-07-16T08:10:49.783512+00:00", "symbol": "ETH-USD"}, {"trade_id": 667839497, "side": "sell", "size": "0.02562723", "price": "3160.70000000", "time": "2025-07-16T08:08:36.857263Z", "fetched_at": "2025-07-16T08:10:49.783512+00:00", "symbol": "ETH-USD"}, {"trade_id": 667839496, "side": "buy", "size": "0.12465000", "price": "3160.97000000", "time": "2025-07-16T08:08:35.414504Z", "fetched_at": "2025-07-16T08:10:49.783512+00:00", "symbol": "ETH-USD"}, {"trade_id": 667839495, "side": "buy", "size": "0.12465000", "price": "3160.98000000", "time": "2025-07-16T08:08:35.173565Z", "fetched_at": "2025-07-16T08:10:49.783512+00:00", "symbol": "ETH-USD"}, {"trade_id": 667839494, "side": "sell", "size": "0.22227503", "price": "3161.01000000", "time": "2025-07-16T08:08:35.141311Z", "fetched_at": "2025-07-16T08:10:49.783512+00:00", "symbol": "ETH-USD"}, {"trade_id": 667839493, "side": "sell", "size": "0.01938093", "price": "3160.92000000", "time": "2025-07-16T08:08:35.141311Z", "fetched_at": "2025-07-16T08:10:49.783512+00:00", "symbol": "ETH-USD"}, {"trade_id": 667839492, "side": "sell", "size": "0.15820060", "price": "3160.87000000", "time": "2025-07-16T08:08:35.141311Z", "fetched_at": "2025-07-16T08:10:49.783512+00:00", "symbol": "ETH-USD"}, {"trade_id": 667839491, "side": "sell", "size": "0.78679940", "price": "3160.87000000", "time": "2025-07-16T08:08:35.141058Z", "fetched_at": "2025-07-16T08:10:49.783512+00:00", "symbol": "ETH-USD"}, {"trade_id": 667839490, "side": "sell", "size": "0.63862856", "price": "3160.86000000", "time": "2025-07-16T08:08:35.141058Z", "fetched_at": "2025-07-16T08:10:49.783512+00:00", "symbol": "ETH-USD"}, {"trade_id": 667839489, "side": "sell", "size": "0.00250063", "price": "3160.85000000", "time": "2025-07-16T08:08:35.141058Z", "fetched_at": "2025-07-16T08:10:49.783512+00:00", "symbol": "ETH-USD"}, {"trade_id": 667839488, "side": "sell", "size": "0.15820060", "price": "3160.71000000", "time": "2025-07-16T08:08:35.141058Z", "fetched_at": "2025-07-16T08:10:49.783512+00:00", "symbol": "ETH-USD"}, {"trade_id": 667839487, "side": "sell", "size": "0.63276125", "price": "3160.71000000", "time": "2025-07-16T08:08:35.140859Z", "fetched_at": "2025-07-16T08:10:49.783512+00:00", "symbol": "ETH-USD"}, {"trade_id": 667839486, "side": "sell", "size": "0.10000000", "price": "3160.70000000", "time": "2025-07-16T08:08:35.140859Z", "fetched_at": "2025-07-16T08:10:49.783512+00:00", "symbol": "ETH-USD"}, {"trade_id": 667839485, "side": "sell", "size": "0.15820060", "price": "3160.55000000", "time": "2025-07-16T08:08:35.140859Z", "fetched_at": "2025-07-16T08:10:49.783512+00:00", "symbol": "ETH-USD"}, {"trade_id": 667839484, "side": "buy", "size": "0.00108454", "price": "3160.89000000", "time": "2025-07-16T08:08:34.162967Z", "fetched_at": "2025-07-16T08:10:49.783512+00:00", "symbol": "ETH-USD"}, {"trade_id": 667839483, "side": "buy", "size": "0.00108454", "price": "3160.89000000", "time": "2025-07-16T08:08:34.148732Z", "fetched_at": "2025-07-16T08:10:49.783512+00:00", "symbol": "ETH-USD"}, {"trade_id": 667839482, "side": "buy", "size": "0.00100000", "price": "3160.56000000", "time": "2025-07-16T08:08:34.114928Z", "fetched_at": "2025-07-16T08:10:49.783512+00:00", "symbol": "ETH-USD"}, {"trade_id": 667839481, "side": "buy", "size": "0.00109849", "price": "3160.90000000", "time": "2025-07-16T08:08:34.104803Z", "fetched_at": "2025-07-16T08:10:49.783512+00:00", "symbol": "ETH-USD"}, {"trade_id": 667839480, "side": "buy", "size": "0.00109849", "price": "3160.90000000", "time": "2025-07-16T08:08:34.094269Z", "fetched_at": "2025-07-16T08:10:49.783512+00:00", "symbol": "ETH-USD"}, {"trade_id": 667839479, "side": "buy", "size": "0.00109849", "price": "3160.90000000", "time": "2025-07-16T08:08:34.081933Z", "fetched_at": "2025-07-16T08:10:49.783512+00:00", "symbol": "ETH-USD"}, {"trade_id": 667839478, "side": "buy", "size": "0.00108548", "price": "3160.91000000", "time": "2025-07-16T08:08:34.067393Z", "fetched_at": "2025-07-16T08:10:49.783512+00:00", "symbol": "ETH-USD"}, {"trade_id": 667839477, "side": "buy", "size": "0.00104174", "price": "3160.91000000", "time": "2025-07-16T08:08:34.055391Z", "fetched_at": "2025-07-16T08:10:49.783512+00:00", "symbol": "ETH-USD"}, {"trade_id": 667839476, "side": "buy", "size": "0.00104174", "price": "3160.91000000", "time": "2025-07-16T08:08:34.040109Z", "fetched_at": "2025-07-16T08:10:49.783512+00:00", "symbol": "ETH-USD"}, {"trade_id": 667839475, "side": "buy", "size": "0.00104174", "price": "3160.91000000", "time": "2025-07-16T08:08:34.030746Z", "fetched_at": "2025-07-16T08:10:49.783512+00:00", "symbol": "ETH-USD"}, {"trade_id": 667839474, "side": "buy", "size": "0.00104174", "price": "3160.91000000", "time": "2025-07-16T08:08:34.018865Z", "fetched_at": "2025-07-16T08:10:49.783512+00:00", "symbol": "ETH-USD"}, {"trade_id": 667839473, "side": "buy", "size": "0.00107403", "price": "3160.88000000", "time": "2025-07-16T08:08:34.008397Z", "fetched_at": "2025-07-16T08:10:49.783512+00:00", "symbol": "ETH-USD"}, {"trade_id": 667839472, "side": "buy", "size": "0.00107512", "price": "3160.80000000", "time": "2025-07-16T08:08:33.877570Z", "fetched_at": "2025-07-16T08:10:49.783512+00:00", "symbol": "ETH-USD"}, {"trade_id": 667839471, "side": "buy", "size": "0.00107512", "price": "3160.80000000", "time": "2025-07-16T08:08:33.812685Z", "fetched_at": "2025-07-16T08:10:49.783512+00:00", "symbol": "ETH-USD"}, {"trade_id": 667839470, "side": "buy", "size": "0.00107512", "price": "3160.80000000", "time": "2025-07-16T08:08:33.797520Z", "fetched_at": "2025-07-16T08:10:49.783512+00:00", "symbol": "ETH-USD"}, {"trade_id": 667839469, "side": "buy", "size": "0.00107512", "price": "3160.80000000", "time": "2025-07-16T08:08:33.780648Z", "fetched_at": "2025-07-16T08:10:49.783512+00:00", "symbol": "ETH-USD"}, {"trade_id": 667839468, "side": "buy", "size": "0.00100000", "price": "3160.80000000", "time": "2025-07-16T08:08:33.780648Z", "fetched_at": "2025-07-16T08:10:49.783512+00:00", "symbol": "ETH-USD"}, {"trade_id": 667839467, "side": "buy", "size": "0.00107511", "price": "3160.81000000", "time": "2025-07-16T08:08:33.726974Z", "fetched_at": "2025-07-16T08:10:49.783512+00:00", "symbol": "ETH-USD"}, {"trade_id": 667839466, "side": "buy", "size": "0.08272879", "price": "3160.81000000", "time": "2025-07-16T08:08:33.726974Z", "fetched_at": "2025-07-16T08:10:49.783512+00:00", "symbol": "ETH-USD"}, {"trade_id": 667839465, "side": "buy", "size": "0.00112878", "price": "3160.87000000", "time": "2025-07-16T08:08:33.683086Z", "fetched_at": "2025-07-16T08:10:49.783512+00:00", "symbol": "ETH-USD"}, {"trade_id": 667839464, "side": "buy", "size": "0.00112878", "price": "3160.87000000", "time": "2025-07-16T08:08:33.659158Z", "fetched_at": "2025-07-16T08:10:49.783512+00:00", "symbol": "ETH-USD"}, {"trade_id": 667839463, "side": "buy", "size": "0.00117700", "price": "3160.88000000", "time": "2025-07-16T08:08:33.627820Z", "fetched_at": "2025-07-16T08:10:49.783512+00:00", "symbol": "ETH-USD"}, {"trade_id": 667839462, "side": "buy", "size": "0.00117699", "price": "3160.90000000", "time": "2025-07-16T08:08:33.602744Z", "fetched_at": "2025-07-16T08:10:49.783512+00:00", "symbol": "ETH-USD"}, {"trade_id": 667839461, "side": "buy", "size": "0.00117699", "price": "3160.90000000", "time": "2025-07-16T08:08:33.591824Z", "fetched_at": "2025-07-16T08:10:49.783512+00:00", "symbol": "ETH-USD"}, {"trade_id": 667839460, "side": "buy", "size": "0.00117699", "price": "3160.90000000", "time": "2025-07-16T08:08:33.579521Z", "fetched_at": "2025-07-16T08:10:49.783512+00:00", "symbol": "ETH-USD"}, {"trade_id": 667839459, "side": "buy", "size": "0.00117699", "price": "3160.90000000", "time": "2025-07-16T08:08:33.566688Z", "fetched_at": "2025-07-16T08:10:49.783512+00:00", "symbol": "ETH-USD"}, {"trade_id": 667839458, "side": "buy", "size": "0.00119004", "price": "3160.90000000", "time": "2025-07-16T08:08:33.539020Z", "fetched_at": "2025-07-16T08:10:49.783512+00:00", "symbol": "ETH-USD"}, {"trade_id": 667839457, "side": "buy", "size": "0.00119769", "price": "3160.99000000", "time": "2025-07-16T08:08:33.280544Z", "fetched_at": "2025-07-16T08:10:49.783512+00:00", "symbol": "ETH-USD"}, {"trade_id": 667839456, "side": "buy", "size": "0.00119769", "price": "3161.00000000", "time": "2025-07-16T08:08:33.230117Z", "fetched_at": "2025-07-16T08:10:49.783512+00:00", "symbol": "ETH-USD"}, {"trade_id": 667839455, "side": "buy", "size": "0.10000000", "price": "3161.36000000", "time": "2025-07-16T08:08:32.597624Z", "fetched_at": "2025-07-16T08:10:49.783512+00:00", "symbol": "ETH-USD"}, {"trade_id": 667839454, "side": "buy", "size": "0.00161676", "price": "3161.37000000", "time": "2025-07-16T08:08:32.597624Z", "fetched_at": "2025-07-16T08:10:49.783512+00:00", "symbol": "ETH-USD"}, {"trade_id": 667839453, "side": "sell", "size": "0.00007829", "price": "3161.67000000", "time": "2025-07-16T08:08:32.332468Z", "fetched_at": "2025-07-16T08:10:49.783512+00:00", "symbol": "ETH-USD"}, {"trade_id": 667839452, "side": "sell", "size": "0.00212171", "price": "3161.67000000", "time": "2025-07-16T08:08:32.181505Z", "fetched_at": "2025-07-16T08:10:49.783512+00:00", "symbol": "ETH-USD"}, {"trade_id": 667839451, "side": "sell", "size": "0.02203826", "price": "3161.74000000", "time": "2025-07-16T08:08:31.153415Z", "fetched_at": "2025-07-16T08:10:49.783512+00:00", "symbol": "ETH-USD"}, {"trade_id": 667839450, "side": "sell", "size": "0.00197353", "price": "3161.72000000", "time": "2025-07-16T08:08:31.153415Z", "fetched_at": "2025-07-16T08:10:49.783512+00:00", "symbol": "ETH-USD"}, {"trade_id": 667839449, "side": "sell", "size": "0.02020455", "price": "3161.51000000", "time": "2025-07-16T08:08:30.289443Z", "fetched_at": "2025-07-16T08:10:49.783512+00:00", "symbol": "ETH-USD"}, {"trade_id": 667839448, "side": "sell", "size": "0.18633227", "price": "3161.46000000", "time": "2025-07-16T08:08:30.289443Z", "fetched_at": "2025-07-16T08:10:49.783512+00:00", "symbol": "ETH-USD"}, {"trade_id": 667839447, "side": "sell", "size": "0.00214595", "price": "3161.45000000", "time": "2025-07-16T08:08:30.289443Z", "fetched_at": "2025-07-16T08:10:49.783512+00:00", "symbol": "ETH-USD"}