[{"trade_id": 667630142, "side": "sell", "size": "0.00236606", "price": "3081.39000000", "time": "2025-07-15T22:39:28.178894Z", "fetched_at": "2025-07-15T22:39:32.758036+00:00", "symbol": "ETH-USD"}, {"trade_id": 667630141, "side": "sell", "size": "0.01230862", "price": "3082.01000000", "time": "2025-07-15T22:39:25.749872Z", "fetched_at": "2025-07-15T22:39:32.758036+00:00", "symbol": "ETH-USD"}, {"trade_id": 667630140, "side": "sell", "size": "0.00166059", "price": "3082.00000000", "time": "2025-07-15T22:39:25.749872Z", "fetched_at": "2025-07-15T22:39:32.758036+00:00", "symbol": "ETH-USD"}, {"trade_id": 667630139, "side": "sell", "size": "0.00100000", "price": "3082.00000000", "time": "2025-07-15T22:39:25.749872Z", "fetched_at": "2025-07-15T22:39:32.758036+00:00", "symbol": "ETH-USD"}, {"trade_id": 667630138, "side": "sell", "size": "0.00005589", "price": "3081.86000000", "time": "2025-07-15T22:39:25.749872Z", "fetched_at": "2025-07-15T22:39:32.758036+00:00", "symbol": "ETH-USD"}, {"trade_id": 667630137, "side": "sell", "size": "0.00024005", "price": "3081.86000000", "time": "2025-07-15T22:39:25.749872Z", "fetched_at": "2025-07-15T22:39:32.758036+00:00", "symbol": "ETH-USD"}, {"trade_id": 667630136, "side": "sell", "size": "0.00012654", "price": "3081.86000000", "time": "2025-07-15T22:39:25.749872Z", "fetched_at": "2025-07-15T22:39:32.758036+00:00", "symbol": "ETH-USD"}, {"trade_id": 667630135, "side": "buy", "size": "0.47481493", "price": "3081.59000000", "time": "2025-07-15T22:39:25.748198Z", "fetched_at": "2025-07-15T22:39:32.758036+00:00", "symbol": "ETH-USD"}, {"trade_id": 667630134, "side": "buy", "size": "0.00324507", "price": "3081.60000000", "time": "2025-07-15T22:39:25.748198Z", "fetched_at": "2025-07-15T22:39:32.758036+00:00", "symbol": "ETH-USD"}, {"trade_id": 667630133, "side": "sell", "size": "0.01369083", "price": "3081.84000000", "time": "2025-07-15T22:39:25.011104Z", "fetched_at": "2025-07-15T22:39:32.758036+00:00", "symbol": "ETH-USD"}, {"trade_id": 667630132, "side": "sell", "size": "0.00208197", "price": "3081.83000000", "time": "2025-07-15T22:39:25.011104Z", "fetched_at": "2025-07-15T22:39:32.758036+00:00", "symbol": "ETH-USD"}, {"trade_id": 667630131, "side": "sell", "size": "0.00240690", "price": "3081.48000000", "time": "2025-07-15T22:39:23.118356Z", "fetched_at": "2025-07-15T22:39:32.758036+00:00", "symbol": "ETH-USD"}, {"trade_id": 667630130, "side": "sell", "size": "0.00400783", "price": "3081.48000000", "time": "2025-07-15T22:39:23.118356Z", "fetched_at": "2025-07-15T22:39:32.758036+00:00", "symbol": "ETH-USD"}, {"trade_id": 667630129, "side": "sell", "size": "0.19296711", "price": "3081.48000000", "time": "2025-07-15T22:39:23.118356Z", "fetched_at": "2025-07-15T22:39:32.758036+00:00", "symbol": "ETH-USD"}, {"trade_id": 667630128, "side": "sell", "size": "1.95152804", "price": "3081.48000000", "time": "2025-07-15T22:39:23.114643Z", "fetched_at": "2025-07-15T22:39:32.758036+00:00", "symbol": "ETH-USD"}, {"trade_id": 667630127, "side": "sell", "size": "0.01342929", "price": "3081.48000000", "time": "2025-07-15T22:39:22.797816Z", "fetched_at": "2025-07-15T22:39:32.758036+00:00", "symbol": "ETH-USD"}, {"trade_id": 667630126, "side": "sell", "size": "0.00234351", "price": "3081.47000000", "time": "2025-07-15T22:39:22.797816Z", "fetched_at": "2025-07-15T22:39:32.758036+00:00", "symbol": "ETH-USD"}, {"trade_id": 667630125, "side": "sell", "size": "0.22376334", "price": "3081.48000000", "time": "2025-07-15T22:39:21.561234Z", "fetched_at": "2025-07-15T22:39:32.758036+00:00", "symbol": "ETH-USD"}, {"trade_id": 667630124, "side": "sell", "size": "0.00170949", "price": "3081.47000000", "time": "2025-07-15T22:39:21.561234Z", "fetched_at": "2025-07-15T22:39:32.758036+00:00", "symbol": "ETH-USD"}, {"trade_id": 667630123, "side": "sell", "size": "0.01413872", "price": "3081.48000000", "time": "2025-07-15T22:39:21.218794Z", "fetched_at": "2025-07-15T22:39:32.758036+00:00", "symbol": "ETH-USD"}, {"trade_id": 667630122, "side": "sell", "size": "0.00015652", "price": "3081.47000000", "time": "2025-07-15T22:39:21.218794Z", "fetched_at": "2025-07-15T22:39:32.758036+00:00", "symbol": "ETH-USD"}, {"trade_id": 667630121, "side": "sell", "size": "0.00147757", "price": "3081.47000000", "time": "2025-07-15T22:39:21.218794Z", "fetched_at": "2025-07-15T22:39:32.758036+00:00", "symbol": "ETH-USD"}, {"trade_id": 667630120, "side": "sell", "size": "0.00121900", "price": "3081.48000000", "time": "2025-07-15T22:39:20.888781Z", "fetched_at": "2025-07-15T22:39:32.758036+00:00", "symbol": "ETH-USD"}, {"trade_id": 667630119, "side": "sell", "size": "0.00007893", "price": "3081.48000000", "time": "2025-07-15T22:39:20.888781Z", "fetched_at": "2025-07-15T22:39:32.758036+00:00", "symbol": "ETH-USD"}, {"trade_id": 667630118, "side": "sell", "size": "0.00033841", "price": "3081.48000000", "time": "2025-07-15T22:39:20.888781Z", "fetched_at": "2025-07-15T22:39:32.758036+00:00", "symbol": "ETH-USD"}, {"trade_id": 667630117, "side": "sell", "size": "0.00149671", "price": "3081.47000000", "time": "2025-07-15T22:39:20.888781Z", "fetched_at": "2025-07-15T22:39:32.758036+00:00", "symbol": "ETH-USD"}, {"trade_id": 667630116, "side": "buy", "size": "0.43050498", "price": "3081.00000000", "time": "2025-07-15T22:39:20.731152Z", "fetched_at": "2025-07-15T22:39:32.758036+00:00", "symbol": "ETH-USD"}, {"trade_id": 667630115, "side": "buy", "size": "0.05434167", "price": "3081.01000000", "time": "2025-07-15T22:39:20.731152Z", "fetched_at": "2025-07-15T22:39:32.758036+00:00", "symbol": "ETH-USD"}, {"trade_id": 667630114, "side": "buy", "size": "0.00324568", "price": "3081.02000000", "time": "2025-07-15T22:39:20.731152Z", "fetched_at": "2025-07-15T22:39:32.758036+00:00", "symbol": "ETH-USD"}, {"trade_id": 667630113, "side": "buy", "size": "0.00100577", "price": "3081.07000000", "time": "2025-07-15T22:39:20.731152Z", "fetched_at": "2025-07-15T22:39:32.758036+00:00", "symbol": "ETH-USD"}, {"trade_id": 667630112, "side": "sell", "size": "0.00946433", "price": "3081.48000000", "time": "2025-07-15T22:39:20.555937Z", "fetched_at": "2025-07-15T22:39:32.758036+00:00", "symbol": "ETH-USD"}, {"trade_id": 667630111, "side": "buy", "size": "0.07729465", "price": "3081.07000000", "time": "2025-07-15T22:39:20.089710Z", "fetched_at": "2025-07-15T22:39:32.758036+00:00", "symbol": "ETH-USD"}, {"trade_id": 667630110, "side": "buy", "size": "0.00324562", "price": "3081.08000000", "time": "2025-07-15T22:39:20.089710Z", "fetched_at": "2025-07-15T22:39:32.758036+00:00", "symbol": "ETH-USD"}, {"trade_id": 667630109, "side": "sell", "size": "0.00567539", "price": "3081.56000000", "time": "2025-07-15T22:39:20.052354Z", "fetched_at": "2025-07-15T22:39:32.758036+00:00", "symbol": "ETH-USD"}, {"trade_id": 667630108, "side": "sell", "size": "0.03036698", "price": "3081.49000000", "time": "2025-07-15T22:39:19.990427Z", "fetched_at": "2025-07-15T22:39:32.758036+00:00", "symbol": "ETH-USD"}, {"trade_id": 667630107, "side": "sell", "size": "0.00117801", "price": "3081.48000000", "time": "2025-07-15T22:39:19.990427Z", "fetched_at": "2025-07-15T22:39:32.758036+00:00", "symbol": "ETH-USD"}, {"trade_id": 667630106, "side": "sell", "size": "0.07552173", "price": "3081.59000000", "time": "2025-07-15T22:39:19.615026Z", "fetched_at": "2025-07-15T22:39:32.758036+00:00", "symbol": "ETH-USD"}, {"trade_id": 667630105, "side": "sell", "size": "0.02959712", "price": "3081.49000000", "time": "2025-07-15T22:39:19.481477Z", "fetched_at": "2025-07-15T22:39:32.758036+00:00", "symbol": "ETH-USD"}, {"trade_id": 667630104, "side": "sell", "size": "0.00119035", "price": "3081.48000000", "time": "2025-07-15T22:39:19.481477Z", "fetched_at": "2025-07-15T22:39:32.758036+00:00", "symbol": "ETH-USD"}, {"trade_id": 667630103, "side": "buy", "size": "0.00194747", "price": "3081.22000000", "time": "2025-07-15T22:39:18.921729Z", "fetched_at": "2025-07-15T22:39:32.758036+00:00", "symbol": "ETH-USD"}, {"trade_id": 667630102, "side": "sell", "size": "0.00788476", "price": "3081.70000000", "time": "2025-07-15T22:39:18.011799Z", "fetched_at": "2025-07-15T22:39:32.758036+00:00", "symbol": "ETH-USD"}, {"trade_id": 667630101, "side": "sell", "size": "0.06309119", "price": "3081.70000000", "time": "2025-07-15T22:39:17.969490Z", "fetched_at": "2025-07-15T22:39:32.758036+00:00", "symbol": "ETH-USD"}, {"trade_id": 667630100, "side": "sell", "size": "0.00313303", "price": "3081.67000000", "time": "2025-07-15T22:39:17.809579Z", "fetched_at": "2025-07-15T22:39:32.758036+00:00", "symbol": "ETH-USD"}, {"trade_id": 667630099, "side": "sell", "size": "0.00024103", "price": "3081.67000000", "time": "2025-07-15T22:39:17.795954Z", "fetched_at": "2025-07-15T22:39:32.758036+00:00", "symbol": "ETH-USD"}, {"trade_id": 667630098, "side": "sell", "size": "0.00313268", "price": "3081.67000000", "time": "2025-07-15T22:39:17.566731Z", "fetched_at": "2025-07-15T22:39:32.758036+00:00", "symbol": "ETH-USD"}, {"trade_id": 667630097, "side": "sell", "size": "0.02140518", "price": "3081.78000000", "time": "2025-07-15T22:39:17.149874Z", "fetched_at": "2025-07-15T22:39:32.758036+00:00", "symbol": "ETH-USD"}, {"trade_id": 667630096, "side": "sell", "size": "0.00131453", "price": "3081.77000000", "time": "2025-07-15T22:39:17.149874Z", "fetched_at": "2025-07-15T22:39:32.758036+00:00", "symbol": "ETH-USD"}, {"trade_id": 667630095, "side": "sell", "size": "0.00100000", "price": "3081.77000000", "time": "2025-07-15T22:39:17.149874Z", "fetched_at": "2025-07-15T22:39:32.758036+00:00", "symbol": "ETH-USD"}, {"trade_id": 667630094, "side": "sell", "size": "0.00038383", "price": "3081.54000000", "time": "2025-07-15T22:39:17.149874Z", "fetched_at": "2025-07-15T22:39:32.758036+00:00", "symbol": "ETH-USD"}, {"trade_id": 667630093, "side": "sell", "size": "0.00030846", "price": "3081.54000000", "time": "2025-07-15T22:39:16.600735Z", "fetched_at": "2025-07-15T22:39:32.758036+00:00", "symbol": "ETH-USD"}, {"trade_id": 667630092, "side": "sell", "size": "0.00030771", "price": "3081.54000000", "time": "2025-07-15T22:39:16.578860Z", "fetched_at": "2025-07-15T22:39:32.758036+00:00", "symbol": "ETH-USD"}, {"trade_id": 667630091, "side": "sell", "size": "0.00171768", "price": "3081.50000000", "time": "2025-07-15T22:39:16.578860Z", "fetched_at": "2025-07-15T22:39:32.758036+00:00", "symbol": "ETH-USD"}, {"trade_id": 667630090, "side": "sell", "size": "0.00585999", "price": "3081.50000000", "time": "2025-07-15T22:39:16.578860Z", "fetched_at": "2025-07-15T22:39:32.758036+00:00", "symbol": "ETH-USD"}, {"trade_id": 667630089, "side": "sell", "size": "0.00001014", "price": "3081.50000000", "time": "2025-07-15T22:39:16.436515Z", "fetched_at": "2025-07-15T22:39:32.758036+00:00", "symbol": "ETH-USD"}, {"trade_id": 667630088, "side": "sell", "size": "0.00178333", "price": "3081.18000000", "time": "2025-07-15T22:39:16.430030Z", "fetched_at": "2025-07-15T22:39:32.758036+00:00", "symbol": "ETH-USD"}, {"trade_id": 667630087, "side": "sell", "size": "0.00137385", "price": "3081.32000000", "time": "2025-07-15T22:39:15.653098Z", "fetched_at": "2025-07-15T22:39:32.758036+00:00", "symbol": "ETH-USD"}, {"trade_id": 667630086, "side": "sell", "size": "0.00100000", "price": "3081.31000000", "time": "2025-07-15T22:39:15.653098Z", "fetched_at": "2025-07-15T22:39:32.758036+00:00", "symbol": "ETH-USD"}, {"trade_id": 667630085, "side": "sell", "size": "0.00003286", "price": "3081.24000000", "time": "2025-07-15T22:39:15.653098Z", "fetched_at": "2025-07-15T22:39:32.758036+00:00", "symbol": "ETH-USD"}, {"trade_id": 667630084, "side": "sell", "size": "0.00014173", "price": "3081.24000000", "time": "2025-07-15T22:39:15.653098Z", "fetched_at": "2025-07-15T22:39:32.758036+00:00", "symbol": "ETH-USD"}, {"trade_id": 667630083, "side": "sell", "size": "0.00005019", "price": "3081.24000000", "time": "2025-07-15T22:39:15.653098Z", "fetched_at": "2025-07-15T22:39:32.758036+00:00", "symbol": "ETH-USD"}, {"trade_id": 667630082, "side": "sell", "size": "0.00259863", "price": "3080.88000000", "time": "2025-07-15T22:39:15.544509Z", "fetched_at": "2025-07-15T22:39:32.758036+00:00", "symbol": "ETH-USD"}, {"trade_id": 667630081, "side": "sell", "size": "0.15623538", "price": "3080.80000000", "time": "2025-07-15T22:39:15.414792Z", "fetched_at": "2025-07-15T22:39:32.758036+00:00", "symbol": "ETH-USD"}, {"trade_id": 667630080, "side": "sell", "size": "0.00152636", "price": "3080.80000000", "time": "2025-07-15T22:39:14.758331Z", "fetched_at": "2025-07-15T22:39:32.758036+00:00", "symbol": "ETH-USD"}, {"trade_id": 667630079, "side": "sell", "size": "0.03153526", "price": "3080.80000000", "time": "2025-07-15T22:39:14.621408Z", "fetched_at": "2025-07-15T22:39:32.758036+00:00", "symbol": "ETH-USD"}, {"trade_id": 667630078, "side": "sell", "size": "0.11036729", "price": "3080.80000000", "time": "2025-07-15T22:39:14.261547Z", "fetched_at": "2025-07-15T22:39:32.758036+00:00", "symbol": "ETH-USD"}, {"trade_id": 667630077, "side": "sell", "size": "0.00033571", "price": "3080.80000000", "time": "2025-07-15T22:39:14.154942Z", "fetched_at": "2025-07-15T22:39:32.758036+00:00", "symbol": "ETH-USD"}, {"trade_id": 667630076, "side": "sell", "size": "0.00274201", "price": "3080.79000000", "time": "2025-07-15T22:39:14.154942Z", "fetched_at": "2025-07-15T22:39:32.758036+00:00", "symbol": "ETH-USD"}, {"trade_id": 667630075, "side": "buy", "size": "0.47312446", "price": "3080.78000000", "time": "2025-07-15T22:39:13.796496Z", "fetched_at": "2025-07-15T22:39:32.758036+00:00", "symbol": "ETH-USD"}, {"trade_id": 667630074, "side": "sell", "size": "0.00445097", "price": "3081.23000000", "time": "2025-07-15T22:39:13.454029Z", "fetched_at": "2025-07-15T22:39:32.758036+00:00", "symbol": "ETH-USD"}, {"trade_id": 667630073, "side": "sell", "size": "0.02013315", "price": "3081.24000000", "time": "2025-07-15T22:39:13.405184Z", "fetched_at": "2025-07-15T22:39:32.758036+00:00", "symbol": "ETH-USD"}, {"trade_id": 667630072, "side": "sell", "size": "0.00100000", "price": "3081.08000000", "time": "2025-07-15T22:39:13.405184Z", "fetched_at": "2025-07-15T22:39:32.758036+00:00", "symbol": "ETH-USD"}, {"trade_id": 667630071, "side": "sell", "size": "0.00214799", "price": "3080.88000000", "time": "2025-07-15T22:39:13.405184Z", "fetched_at": "2025-07-15T22:39:32.758036+00:00", "symbol": "ETH-USD"}, {"trade_id": 667630070, "side": "sell", "size": "0.00048727", "price": "3080.88000000", "time": "2025-07-15T22:39:13.405184Z", "fetched_at": "2025-07-15T22:39:32.758036+00:00", "symbol": "ETH-USD"}, {"trade_id": 667630069, "side": "sell", "size": "0.00022066", "price": "3080.88000000", "time": "2025-07-15T22:39:13.405184Z", "fetched_at": "2025-07-15T22:39:32.758036+00:00", "symbol": "ETH-USD"}, {"trade_id": 667630068, "side": "sell", "size": "0.00011362", "price": "3080.88000000", "time": "2025-07-15T22:39:13.405184Z", "fetched_at": "2025-07-15T22:39:32.758036+00:00", "symbol": "ETH-USD"}, {"trade_id": 667630067, "side": "sell", "size": "0.03077629", "price": "3080.87000000", "time": "2025-07-15T22:39:12.471582Z", "fetched_at": "2025-07-15T22:39:32.758036+00:00", "symbol": "ETH-USD"}, {"trade_id": 667630066, "side": "sell", "size": "0.01429323", "price": "3080.98000000", "time": "2025-07-15T22:39:12.345941Z", "fetched_at": "2025-07-15T22:39:32.758036+00:00", "symbol": "ETH-USD"}, {"trade_id": 667630065, "side": "sell", "size": "0.00210752", "price": "3080.97000000", "time": "2025-07-15T22:39:12.345941Z", "fetched_at": "2025-07-15T22:39:32.758036+00:00", "symbol": "ETH-USD"}, {"trade_id": 667630064, "side": "sell", "size": "0.00010335", "price": "3080.88000000", "time": "2025-07-15T22:39:12.345941Z", "fetched_at": "2025-07-15T22:39:32.758036+00:00", "symbol": "ETH-USD"}, {"trade_id": 667630063, "side": "sell", "size": "0.00005589", "price": "3080.88000000", "time": "2025-07-15T22:39:12.345941Z", "fetched_at": "2025-07-15T22:39:32.758036+00:00", "symbol": "ETH-USD"}, {"trade_id": 667630062, "side": "sell", "size": "0.00024001", "price": "3080.88000000", "time": "2025-07-15T22:39:12.345941Z", "fetched_at": "2025-07-15T22:39:32.758036+00:00", "symbol": "ETH-USD"}, {"trade_id": 667630061, "side": "sell", "size": "0.00372064", "price": "3080.87000000", "time": "2025-07-15T22:39:11.514056Z", "fetched_at": "2025-07-15T22:39:32.758036+00:00", "symbol": "ETH-USD"}, {"trade_id": 667630060, "side": "sell", "size": "0.00284382", "price": "3080.86000000", "time": "2025-07-15T22:39:11.514056Z", "fetched_at": "2025-07-15T22:39:32.758036+00:00", "symbol": "ETH-USD"}, {"trade_id": 667630059, "side": "sell", "size": "0.30000000", "price": "3080.60000000", "time": "2025-07-15T22:39:10.694683Z", "fetched_at": "2025-07-15T22:39:32.758036+00:00", "symbol": "ETH-USD"}, {"trade_id": 667630058, "side": "sell", "size": "0.07122491", "price": "3080.57000000", "time": "2025-07-15T22:39:10.694683Z", "fetched_at": "2025-07-15T22:39:32.758036+00:00", "symbol": "ETH-USD"}, {"trade_id": 667630057, "side": "buy", "size": "0.00324583", "price": "3080.56000000", "time": "2025-07-15T22:39:10.461547Z", "fetched_at": "2025-07-15T22:39:32.758036+00:00", "symbol": "ETH-USD"}, {"trade_id": 667630056, "side": "buy", "size": "0.02883909", "price": "3080.40000000", "time": "2025-07-15T22:39:09.733461Z", "fetched_at": "2025-07-15T22:39:32.758036+00:00", "symbol": "ETH-USD"}, {"trade_id": 667630055, "side": "sell", "size": "0.00001192", "price": "3080.56000000", "time": "2025-07-15T22:39:09.684678Z", "fetched_at": "2025-07-15T22:39:32.758036+00:00", "symbol": "ETH-USD"}, {"trade_id": 667630054, "side": "buy", "size": "1.00000000", "price": "3080.30000000", "time": "2025-07-15T22:39:08.262067Z", "fetched_at": "2025-07-15T22:39:32.758036+00:00", "symbol": "ETH-USD"}, {"trade_id": 667630053, "side": "buy", "size": "0.19998344", "price": "3080.32000000", "time": "2025-07-15T22:39:08.262067Z", "fetched_at": "2025-07-15T22:39:32.758036+00:00", "symbol": "ETH-USD"}, {"trade_id": 667630052, "side": "buy", "size": "0.94500000", "price": "3080.38000000", "time": "2025-07-15T22:39:08.262067Z", "fetched_at": "2025-07-15T22:39:32.758036+00:00", "symbol": "ETH-USD"}, {"trade_id": 667630051, "side": "buy", "size": "0.00324635", "price": "3080.39000000", "time": "2025-07-15T22:39:08.262067Z", "fetched_at": "2025-07-15T22:39:32.758036+00:00", "symbol": "ETH-USD"}, {"trade_id": 667630050, "side": "buy", "size": "0.00737363", "price": "3080.33000000", "time": "2025-07-15T22:39:08.130316Z", "fetched_at": "2025-07-15T22:39:32.758036+00:00", "symbol": "ETH-USD"}, {"trade_id": 667630049, "side": "buy", "size": "0.00324640", "price": "3080.34000000", "time": "2025-07-15T22:39:08.130316Z", "fetched_at": "2025-07-15T22:39:32.758036+00:00", "symbol": "ETH-USD"}, {"trade_id": 667630048, "side": "buy", "size": "0.00100000", "price": "3080.39000000", "time": "2025-07-15T22:39:08.130316Z", "fetched_at": "2025-07-15T22:39:32.758036+00:00", "symbol": "ETH-USD"}, {"trade_id": 667630047, "side": "buy", "size": "0.00010000", "price": "3080.56000000", "time": "2025-07-15T22:39:08.130316Z", "fetched_at": "2025-07-15T22:39:32.758036+00:00", "symbol": "ETH-USD"}, {"trade_id": 667630046, "side": "sell", "size": "0.00298644", "price": "3080.79000000", "time": "2025-07-15T22:39:06.805519Z", "fetched_at": "2025-07-15T22:39:32.758036+00:00", "symbol": "ETH-USD"}, {"trade_id": 667630045, "side": "sell", "size": "0.00316955", "price": "3080.78000000", "time": "2025-07-15T22:39:06.805519Z", "fetched_at": "2025-07-15T22:39:32.758036+00:00", "symbol": "ETH-USD"}, {"trade_id": 667630044, "side": "sell", "size": "0.32540000", "price": "3080.63000000", "time": "2025-07-15T22:39:06.546948Z", "fetched_at": "2025-07-15T22:39:32.758036+00:00", "symbol": "ETH-USD"}, {"trade_id": 667630043, "side": "buy", "size": "0.15610000", "price": "3080.57000000", "time": "2025-07-15T22:39:06.238131Z", "fetched_at": "2025-07-15T22:39:32.758036+00:00", "symbol": "ETH-USD"}, {"trade_id": 667630042, "side": "buy", "size": "0.70382337", "price": "3080.57000000", "time": "2025-07-15T22:39:06.237796Z", "fetched_at": "2025-07-15T22:39:32.758036+00:00", "symbol": "ETH-USD"}, {"trade_id": 667630041, "side": "buy", "size": "0.00100000", "price": "3080.62000000", "time": "2025-07-15T22:39:06.237796Z", "fetched_at": "2025-07-15T22:39:32.758036+00:00", "symbol": "ETH-USD"}, {"trade_id": 667630040, "side": "buy", "size": "0.12983079", "price": "3080.64000000", "time": "2025-07-15T22:39:06.237796Z", "fetched_at": "2025-07-15T22:39:32.758036+00:00", "symbol": "ETH-USD"}, {"trade_id": 667630039, "side": "buy", "size": "0.00100000", "price": "3080.85000000", "time": "2025-07-15T22:39:06.237796Z", "fetched_at": "2025-07-15T22:39:32.758036+00:00", "symbol": "ETH-USD"}, {"trade_id": 667630038, "side": "buy", "size": "0.00324584", "price": "3080.87000000", "time": "2025-07-15T22:39:06.237796Z", "fetched_at": "2025-07-15T22:39:32.758036+00:00", "symbol": "ETH-USD"}, {"trade_id": 667630037, "side": "buy", "size": "0.00100000", "price": "3081.08000000", "time": "2025-07-15T22:39:05.179280Z", "fetched_at": "2025-07-15T22:39:32.758036+00:00", "symbol": "ETH-USD"}, {"trade_id": 667630036, "side": "sell", "size": "0.09636949", "price": "3081.61000000", "time": "2025-07-15T22:39:04.337426Z", "fetched_at": "2025-07-15T22:39:32.758036+00:00", "symbol": "ETH-USD"}, {"trade_id": 667630035, "side": "sell", "size": "0.02299772", "price": "3081.82000000", "time": "2025-07-15T22:39:03.917469Z", "fetched_at": "2025-07-15T22:39:32.758036+00:00", "symbol": "ETH-USD"}, {"trade_id": 667630034, "side": "sell", "size": "0.00162473", "price": "3081.81000000", "time": "2025-07-15T22:39:03.917469Z", "fetched_at": "2025-07-15T22:39:32.758036+00:00", "symbol": "ETH-USD"}, {"trade_id": 667630033, "side": "buy", "size": "0.01314299", "price": "3081.40000000", "time": "2025-07-15T22:39:00.838348Z", "fetched_at": "2025-07-15T22:39:32.758036+00:00", "symbol": "ETH-USD"}, {"trade_id": 667630032, "side": "buy", "size": "0.00324528", "price": "3081.40000000", "time": "2025-07-15T22:39:00.838348Z", "fetched_at": "2025-07-15T22:39:32.758036+00:00", "symbol": "ETH-USD"}, {"trade_id": 667630031, "side": "sell", "size": "0.09636600", "price": "3082.01000000", "time": "2025-07-15T22:38:59.948938Z", "fetched_at": "2025-07-15T22:39:32.758036+00:00", "symbol": "ETH-USD"}, {"trade_id": 667630030, "side": "buy", "size": "0.00817161", "price": "3081.41000000", "time": "2025-07-15T22:38:58.578929Z", "fetched_at": "2025-07-15T22:39:32.758036+00:00", "symbol": "ETH-USD"}, {"trade_id": 667630029, "side": "sell", "size": "0.06215778", "price": "3081.30000000", "time": "2025-07-15T22:38:57.609142Z", "fetched_at": "2025-07-15T22:39:32.758036+00:00", "symbol": "ETH-USD"}, {"trade_id": 667630028, "side": "sell", "size": "0.00090643", "price": "3081.29000000", "time": "2025-07-15T22:38:57.609142Z", "fetched_at": "2025-07-15T22:39:32.758036+00:00", "symbol": "ETH-USD"}, {"trade_id": 667630027, "side": "sell", "size": "1.00000000", "price": "3081.09000000", "time": "2025-07-15T22:38:57.252341Z", "fetched_at": "2025-07-15T22:39:32.758036+00:00", "symbol": "ETH-USD"}, {"trade_id": 667630026, "side": "buy", "size": "1.00000000", "price": "3081.29000000", "time": "2025-07-15T22:38:56.782938Z", "fetched_at": "2025-07-15T22:39:32.758036+00:00", "symbol": "ETH-USD"}, {"trade_id": 667630025, "side": "buy", "size": "0.00324539", "price": "3081.30000000", "time": "2025-07-15T22:38:56.782938Z", "fetched_at": "2025-07-15T22:39:32.758036+00:00", "symbol": "ETH-USD"}, {"trade_id": 667630024, "side": "sell", "size": "1.15756090", "price": "3082.22000000", "time": "2025-07-15T22:38:56.151713Z", "fetched_at": "2025-07-15T22:39:32.758036+00:00", "symbol": "ETH-USD"}, {"trade_id": 667630023, "side": "sell", "size": "0.34444289", "price": "3082.14000000", "time": "2025-07-15T22:38:56.151713Z", "fetched_at": "2025-07-15T22:39:32.758036+00:00", "symbol": "ETH-USD"}, {"trade_id": 667630022, "side": "sell", "size": "0.19999904", "price": "3082.11000000", "time": "2025-07-15T22:38:56.151713Z", "fetched_at": "2025-07-15T22:39:32.758036+00:00", "symbol": "ETH-USD"}, {"trade_id": 667630021, "side": "sell", "size": "0.81114688", "price": "3082.06000000", "time": "2025-07-15T22:38:56.151713Z", "fetched_at": "2025-07-15T22:39:32.758036+00:00", "symbol": "ETH-USD"}, {"trade_id": 667630020, "side": "sell", "size": "0.81335329", "price": "3082.05000000", "time": "2025-07-15T22:38:56.151713Z", "fetched_at": "2025-07-15T22:39:32.758036+00:00", "symbol": "ETH-USD"}, {"trade_id": 667630019, "side": "sell", "size": "0.81139062", "price": "3082.05000000", "time": "2025-07-15T22:38:56.151713Z", "fetched_at": "2025-07-15T22:39:32.758036+00:00", "symbol": "ETH-USD"}, {"trade_id": 667630018, "side": "sell", "size": "0.00100000", "price": "3082.00000000", "time": "2025-07-15T22:38:56.151713Z", "fetched_at": "2025-07-15T22:39:32.758036+00:00", "symbol": "ETH-USD"}, {"trade_id": 667630017, "side": "sell", "size": "1.65055927", "price": "3082.00000000", "time": "2025-07-15T22:38:56.151713Z", "fetched_at": "2025-07-15T22:39:32.758036+00:00", "symbol": "ETH-USD"}, {"trade_id": 667630016, "side": "sell", "size": "0.54876619", "price": "3081.97000000", "time": "2025-07-15T22:38:56.151713Z", "fetched_at": "2025-07-15T22:39:32.758036+00:00", "symbol": "ETH-USD"}, {"trade_id": 667630015, "side": "sell", "size": "0.04108070", "price": "3081.96000000", "time": "2025-07-15T22:38:56.151713Z", "fetched_at": "2025-07-15T22:39:32.758036+00:00", "symbol": "ETH-USD"}, {"trade_id": 667630014, "side": "sell", "size": "0.09291746", "price": "3081.95000000", "time": "2025-07-15T22:38:56.151713Z", "fetched_at": "2025-07-15T22:39:32.758036+00:00", "symbol": "ETH-USD"}, {"trade_id": 667630013, "side": "sell", "size": "0.00075096", "price": "3081.94000000", "time": "2025-07-15T22:38:56.151713Z", "fetched_at": "2025-07-15T22:39:32.758036+00:00", "symbol": "ETH-USD"}, {"trade_id": 667630012, "side": "sell", "size": "0.05178938", "price": "3081.97000000", "time": "2025-07-15T22:38:56.101393Z", "fetched_at": "2025-07-15T22:39:32.758036+00:00", "symbol": "ETH-USD"}, {"trade_id": 667630011, "side": "sell", "size": "0.16223568", "price": "3081.94000000", "time": "2025-07-15T22:38:56.101393Z", "fetched_at": "2025-07-15T22:39:32.758036+00:00", "symbol": "ETH-USD"}, {"trade_id": 667630010, "side": "sell", "size": "0.00023277", "price": "3081.92000000", "time": "2025-07-15T22:38:56.101393Z", "fetched_at": "2025-07-15T22:39:32.758036+00:00", "symbol": "ETH-USD"}, {"trade_id": 667630009, "side": "sell", "size": "0.00005404", "price": "3081.92000000", "time": "2025-07-15T22:38:56.101393Z", "fetched_at": "2025-07-15T22:39:32.758036+00:00", "symbol": "ETH-USD"}, {"trade_id": 667630008, "side": "sell", "size": "0.00008942", "price": "3081.92000000", "time": "2025-07-15T22:38:56.101393Z", "fetched_at": "2025-07-15T22:39:32.758036+00:00", "symbol": "ETH-USD"}, {"trade_id": 667630007, "side": "sell", "size": "0.10696517", "price": "3081.88000000", "time": "2025-07-15T22:38:56.101393Z", "fetched_at": "2025-07-15T22:39:32.758036+00:00", "symbol": "ETH-USD"}, {"trade_id": 667630006, "side": "sell", "size": "0.00075096", "price": "3081.87000000", "time": "2025-07-15T22:38:56.101393Z", "fetched_at": "2025-07-15T22:39:32.758036+00:00", "symbol": "ETH-USD"}, {"trade_id": 667630005, "side": "sell", "size": "0.03289717", "price": "3081.93000000", "time": "2025-07-15T22:38:55.300194Z", "fetched_at": "2025-07-15T22:39:32.758036+00:00", "symbol": "ETH-USD"}, {"trade_id": 667630004, "side": "sell", "size": "0.00069246", "price": "3081.92000000", "time": "2025-07-15T22:38:55.300194Z", "fetched_at": "2025-07-15T22:39:32.758036+00:00", "symbol": "ETH-USD"}, {"trade_id": 667630003, "side": "sell", "size": "0.00024004", "price": "3081.77000000", "time": "2025-07-15T22:38:55.300194Z", "fetched_at": "2025-07-15T22:39:32.758036+00:00", "symbol": "ETH-USD"}, {"trade_id": 667630002, "side": "sell", "size": "0.00005589", "price": "3081.77000000", "time": "2025-07-15T22:38:55.300194Z", "fetched_at": "2025-07-15T22:39:32.758036+00:00", "symbol": "ETH-USD"}, {"trade_id": 667630001, "side": "sell", "size": "0.00010334", "price": "3081.77000000", "time": "2025-07-15T22:38:55.300194Z", "fetched_at": "2025-07-15T22:39:32.758036+00:00", "symbol": "ETH-USD"}, {"trade_id": 667630000, "side": "buy", "size": "0.69749823", "price": "3081.33000000", "time": "2025-07-15T22:38:55.092022Z", "fetched_at": "2025-07-15T22:39:32.758036+00:00", "symbol": "ETH-USD"}, {"trade_id": 667629999, "side": "buy", "size": "0.07624273", "price": "3081.34000000", "time": "2025-07-15T22:38:55.092022Z", "fetched_at": "2025-07-15T22:39:32.758036+00:00", "symbol": "ETH-USD"}, {"trade_id": 667629998, "side": "buy", "size": "0.06065676", "price": "3081.36000000", "time": "2025-07-15T22:38:55.092022Z", "fetched_at": "2025-07-15T22:39:32.758036+00:00", "symbol": "ETH-USD"}, {"trade_id": 667629997, "side": "buy", "size": "0.16225969", "price": "3081.48000000", "time": "2025-07-15T22:38:55.092022Z", "fetched_at": "2025-07-15T22:39:32.758036+00:00", "symbol": "ETH-USD"}, {"trade_id": 667629996, "side": "buy", "size": "0.00324519", "price": "3081.49000000", "time": "2025-07-15T22:38:55.092022Z", "fetched_at": "2025-07-15T22:39:32.758036+00:00", "symbol": "ETH-USD"}, {"trade_id": 667629995, "side": "sell", "size": "0.17123267", "price": "3081.89000000", "time": "2025-07-15T22:38:53.594250Z", "fetched_at": "2025-07-15T22:39:32.758036+00:00", "symbol": "ETH-USD"}, {"trade_id": 667629994, "side": "sell", "size": "0.00070641", "price": "3081.88000000", "time": "2025-07-15T22:38:53.594250Z", "fetched_at": "2025-07-15T22:39:32.758036+00:00", "symbol": "ETH-USD"}, {"trade_id": 667629993, "side": "sell", "size": "0.00010335", "price": "3081.78000000", "time": "2025-07-15T22:38:53.594250Z", "fetched_at": "2025-07-15T22:39:32.758036+00:00", "symbol": "ETH-USD"}, {"trade_id": 667629992, "side": "sell", "size": "0.00005588", "price": "3081.78000000", "time": "2025-07-15T22:38:53.594250Z", "fetched_at": "2025-07-15T22:39:32.758036+00:00", "symbol": "ETH-USD"}, {"trade_id": 667629991, "side": "sell", "size": "0.00024003", "price": "3081.78000000", "time": "2025-07-15T22:38:53.594250Z", "fetched_at": "2025-07-15T22:39:32.758036+00:00", "symbol": "ETH-USD"}, {"trade_id": 667629990, "side": "sell", "size": "0.00100000", "price": "3081.77000000", "time": "2025-07-15T22:38:53.594250Z", "fetched_at": "2025-07-15T22:39:32.758036+00:00", "symbol": "ETH-USD"}, {"trade_id": 667629989, "side": "buy", "size": "0.00098289", "price": "3081.41000000", "time": "2025-07-15T22:38:53.463423Z", "fetched_at": "2025-07-15T22:39:32.758036+00:00", "symbol": "ETH-USD"}, {"trade_id": 667629988, "side": "buy", "size": "0.00324526", "price": "3081.42000000", "time": "2025-07-15T22:38:53.463423Z", "fetched_at": "2025-07-15T22:39:32.758036+00:00", "symbol": "ETH-USD"}, {"trade_id": 667629987, "side": "buy", "size": "0.00064000", "price": "3081.65000000", "time": "2025-07-15T22:38:53.463423Z", "fetched_at": "2025-07-15T22:39:32.758036+00:00", "symbol": "ETH-USD"}, {"trade_id": 667629986, "side": "buy", "size": "0.00894584", "price": "3081.38000000", "time": "2025-07-15T22:38:51.720429Z", "fetched_at": "2025-07-15T22:39:32.758036+00:00", "symbol": "ETH-USD"}, {"trade_id": 667629985, "side": "buy", "size": "0.79085047", "price": "3081.39000000", "time": "2025-07-15T22:38:51.720429Z", "fetched_at": "2025-07-15T22:39:32.758036+00:00", "symbol": "ETH-USD"}, {"trade_id": 667629984, "side": "buy", "size": "0.00278741", "price": "3081.40000000", "time": "2025-07-15T22:38:51.720429Z", "fetched_at": "2025-07-15T22:39:32.758036+00:00", "symbol": "ETH-USD"}, {"trade_id": 667629983, "side": "buy", "size": "0.11623000", "price": "3081.54000000", "time": "2025-07-15T22:38:51.720429Z", "fetched_at": "2025-07-15T22:39:32.758036+00:00", "symbol": "ETH-USD"}, {"trade_id": 667629982, "side": "buy", "size": "0.58118628", "price": "3081.54000000", "time": "2025-07-15T22:38:51.720429Z", "fetched_at": "2025-07-15T22:39:32.758036+00:00", "symbol": "ETH-USD"}, {"trade_id": 667629981, "side": "buy", "size": "0.00942217", "price": "3081.32000000", "time": "2025-07-15T22:38:51.289380Z", "fetched_at": "2025-07-15T22:39:32.758036+00:00", "symbol": "ETH-USD"}, {"trade_id": 667629980, "side": "sell", "size": "0.01609529", "price": "3081.25000000", "time": "2025-07-15T22:38:50.145263Z", "fetched_at": "2025-07-15T22:39:32.758036+00:00", "symbol": "ETH-USD"}, {"trade_id": 667629979, "side": "sell", "size": "0.00060875", "price": "3081.24000000", "time": "2025-07-15T22:38:50.145263Z", "fetched_at": "2025-07-15T22:39:32.758036+00:00", "symbol": "ETH-USD"}, {"trade_id": 667629978, "side": "sell", "size": "0.00119904", "price": "3081.25000000", "time": "2025-07-15T22:38:49.365197Z", "fetched_at": "2025-07-15T22:39:32.758036+00:00", "symbol": "ETH-USD"}, {"trade_id": 667629977, "side": "sell", "size": "0.00062606", "price": "3081.24000000", "time": "2025-07-15T22:38:49.365197Z", "fetched_at": "2025-07-15T22:39:32.758036+00:00", "symbol": "ETH-USD"}, {"trade_id": 667629976, "side": "sell", "size": "0.00975349", "price": "3081.25000000", "time": "2025-07-15T22:38:48.595768Z", "fetched_at": "2025-07-15T22:39:32.758036+00:00", "symbol": "ETH-USD"}, {"trade_id": 667629975, "side": "sell", "size": "0.00054651", "price": "3081.24000000", "time": "2025-07-15T22:38:48.595768Z", "fetched_at": "2025-07-15T22:39:32.758036+00:00", "symbol": "ETH-USD"}, {"trade_id": 667629974, "side": "sell", "size": "0.00738698", "price": "3081.26000000", "time": "2025-07-15T22:38:47.731528Z", "fetched_at": "2025-07-15T22:39:32.758036+00:00", "symbol": "ETH-USD"}, {"trade_id": 667629973, "side": "sell", "size": "0.00096595", "price": "3081.26000000", "time": "2025-07-15T22:38:47.637695Z", "fetched_at": "2025-07-15T22:39:32.758036+00:00", "symbol": "ETH-USD"}, {"trade_id": 667629972, "side": "sell", "size": "0.00055990", "price": "3081.25000000", "time": "2025-07-15T22:38:47.637695Z", "fetched_at": "2025-07-15T22:39:32.758036+00:00", "symbol": "ETH-USD"}, {"trade_id": 667629971, "side": "buy", "size": "0.00999848", "price": "3080.78000000", "time": "2025-07-15T22:38:47.249793Z", "fetched_at": "2025-07-15T22:39:32.758036+00:00", "symbol": "ETH-USD"}, {"trade_id": 667629970, "side": "buy", "size": "0.00324593", "price": "3080.79000000", "time": "2025-07-15T22:38:47.249793Z", "fetched_at": "2025-07-15T22:39:32.758036+00:00", "symbol": "ETH-USD"}, {"trade_id": 667629969, "side": "buy", "size": "0.00090843", "price": "3080.85000000", "time": "2025-07-15T22:38:47.249793Z", "fetched_at": "2025-07-15T22:39:32.758036+00:00", "symbol": "ETH-USD"}, {"trade_id": 667629968, "side": "buy", "size": "0.00009157", "price": "3080.85000000", "time": "2025-07-15T22:38:47.203624Z", "fetched_at": "2025-07-15T22:39:32.758036+00:00", "symbol": "ETH-USD"}, {"trade_id": 667629967, "side": "buy", "size": "0.00100000", "price": "3081.08000000", "time": "2025-07-15T22:38:46.660215Z", "fetched_at": "2025-07-15T22:39:32.758036+00:00", "symbol": "ETH-USD"}, {"trade_id": 667629966, "side": "buy", "size": "0.00324560", "price": "3081.10000000", "time": "2025-07-15T22:38:46.656784Z", "fetched_at": "2025-07-15T22:39:32.758036+00:00", "symbol": "ETH-USD"}, {"trade_id": 667629965, "side": "buy", "size": "2.80605069", "price": "3081.16000000", "time": "2025-07-15T22:38:46.578266Z", "fetched_at": "2025-07-15T22:39:32.758036+00:00", "symbol": "ETH-USD"}, {"trade_id": 667629964, "side": "buy", "size": "0.00324553", "price": "3081.17000000", "time": "2025-07-15T22:38:46.578266Z", "fetched_at": "2025-07-15T22:39:32.758036+00:00", "symbol": "ETH-USD"}, {"trade_id": 667629963, "side": "buy", "size": "0.99927562", "price": "3081.21000000", "time": "2025-07-15T22:38:46.578266Z", "fetched_at": "2025-07-15T22:39:32.758036+00:00", "symbol": "ETH-USD"}, {"trade_id": 667629962, "side": "buy", "size": "0.31308413", "price": "3081.26000000", "time": "2025-07-15T22:38:44.502735Z", "fetched_at": "2025-07-15T22:39:32.758036+00:00", "symbol": "ETH-USD"}, {"trade_id": 667629961, "side": "buy", "size": "0.00100000", "price": "3081.31000000", "time": "2025-07-15T22:38:44.502735Z", "fetched_at": "2025-07-15T22:39:32.758036+00:00", "symbol": "ETH-USD"}, {"trade_id": 667629960, "side": "sell", "size": "0.62133018", "price": "3081.49000000", "time": "2025-07-15T22:38:44.074010Z", "fetched_at": "2025-07-15T22:39:32.758036+00:00", "symbol": "ETH-USD"}, {"trade_id": 667629959, "side": "buy", "size": "0.00647334", "price": "3081.87000000", "time": "2025-07-15T22:38:43.797065Z", "fetched_at": "2025-07-15T22:39:32.758036+00:00", "symbol": "ETH-USD"}, {"trade_id": 667629958, "side": "buy", "size": "0.06616152", "price": "3081.59000000", "time": "2025-07-15T22:38:42.893276Z", "fetched_at": "2025-07-15T22:39:32.758036+00:00", "symbol": "ETH-USD"}, {"trade_id": 667629957, "side": "buy", "size": "0.32721371", "price": "3081.65000000", "time": "2025-07-15T22:38:42.893276Z", "fetched_at": "2025-07-15T22:39:32.758036+00:00", "symbol": "ETH-USD"}, {"trade_id": 667629956, "side": "buy", "size": "0.16224781", "price": "3081.70000000", "time": "2025-07-15T22:38:42.893276Z", "fetched_at": "2025-07-15T22:39:32.758036+00:00", "symbol": "ETH-USD"}, {"trade_id": 667629955, "side": "buy", "size": "0.00324496", "price": "3081.71000000", "time": "2025-07-15T22:38:42.893276Z", "fetched_at": "2025-07-15T22:39:32.758036+00:00", "symbol": "ETH-USD"}, {"trade_id": 667629954, "side": "sell", "size": "0.00915113", "price": "3082.00000000", "time": "2025-07-15T22:38:41.984655Z", "fetched_at": "2025-07-15T22:39:32.758036+00:00", "symbol": "ETH-USD"}, {"trade_id": 667629953, "side": "sell", "size": "0.00044958", "price": "3081.99000000", "time": "2025-07-15T22:38:41.984655Z", "fetched_at": "2025-07-15T22:39:32.758036+00:00", "symbol": "ETH-USD"}, {"trade_id": 667629952, "side": "sell", "size": "0.00010334", "price": "3081.99000000", "time": "2025-07-15T22:38:41.984655Z", "fetched_at": "2025-07-15T22:39:32.758036+00:00", "symbol": "ETH-USD"}, {"trade_id": 667629951, "side": "sell", "size": "0.00005589", "price": "3081.99000000", "time": "2025-07-15T22:38:41.984655Z", "fetched_at": "2025-07-15T22:39:32.758036+00:00", "symbol": "ETH-USD"}, {"trade_id": 667629950, "side": "sell", "size": "0.00024006", "price": "3081.99000000", "time": "2025-07-15T22:38:41.984655Z", "fetched_at": "2025-07-15T22:39:32.758036+00:00", "symbol": "ETH-USD"}, {"trade_id": 667629949, "side": "buy", "size": "0.01998309", "price": "3081.87000000", "time": "2025-07-15T22:38:41.976769Z", "fetched_at": "2025-07-15T22:39:32.758036+00:00", "symbol": "ETH-USD"}, {"trade_id": 667629948, "side": "sell", "size": "0.00532209", "price": "3081.63000000", "time": "2025-07-15T22:38:39.032229Z", "fetched_at": "2025-07-15T22:39:32.758036+00:00", "symbol": "ETH-USD"}, {"trade_id": 667629947, "side": "sell", "size": "0.00074174", "price": "3081.63000000", "time": "2025-07-15T22:38:39.032229Z", "fetched_at": "2025-07-15T22:39:32.758036+00:00", "symbol": "ETH-USD"}, {"trade_id": 667629946, "side": "sell", "size": "0.00414880", "price": "3081.98000000", "time": "2025-07-15T22:38:38.546433Z", "fetched_at": "2025-07-15T22:39:32.758036+00:00", "symbol": "ETH-USD"}, {"trade_id": 667629945, "side": "sell", "size": "0.00085120", "price": "3081.97000000", "time": "2025-07-15T22:38:38.546433Z", "fetched_at": "2025-07-15T22:39:32.758036+00:00", "symbol": "ETH-USD"}, {"trade_id": 667629944, "side": "sell", "size": "0.00940203", "price": "3082.00000000", "time": "2025-07-15T22:38:37.419123Z", "fetched_at": "2025-07-15T22:39:32.758036+00:00", "symbol": "ETH-USD"}, {"trade_id": 667629943, "side": "sell", "size": "0.00062082", "price": "3081.99000000", "time": "2025-07-15T22:38:37.419123Z", "fetched_at": "2025-07-15T22:39:32.758036+00:00", "symbol": "ETH-USD"}, {"trade_id": 667629942, "side": "sell", "size": "0.02940153", "price": "3082.00000000", "time": "2025-07-15T22:38:36.773084Z", "fetched_at": "2025-07-15T22:39:32.758036+00:00", "symbol": "ETH-USD"}, {"trade_id": 667629941, "side": "sell", "size": "0.00100000", "price": "3082.00000000", "time": "2025-07-15T22:38:36.773084Z", "fetched_at": "2025-07-15T22:39:32.758036+00:00", "symbol": "ETH-USD"}, {"trade_id": 667629940, "side": "sell", "size": "0.00062807", "price": "3081.99000000", "time": "2025-07-15T22:38:36.773084Z", "fetched_at": "2025-07-15T22:39:32.758036+00:00", "symbol": "ETH-USD"}, {"trade_id": 667629939, "side": "sell", "size": "0.00169289", "price": "3081.84000000", "time": "2025-07-15T22:38:36.773084Z", "fetched_at": "2025-07-15T22:39:32.758036+00:00", "symbol": "ETH-USD"}, {"trade_id": 667629938, "side": "sell", "size": "0.00100000", "price": "3081.77000000", "time": "2025-07-15T22:38:36.709110Z", "fetched_at": "2025-07-15T22:39:32.758036+00:00", "symbol": "ETH-USD"}, {"trade_id": 667629937, "side": "sell", "size": "0.00010335", "price": "3081.76000000", "time": "2025-07-15T22:38:36.709110Z", "fetched_at": "2025-07-15T22:39:32.758036+00:00", "symbol": "ETH-USD"}, {"trade_id": 667629936, "side": "sell", "size": "0.12132166", "price": "3081.76000000", "time": "2025-07-15T22:38:36.709110Z", "fetched_at": "2025-07-15T22:39:32.758036+00:00", "symbol": "ETH-USD"}, {"trade_id": 667629935, "side": "sell", "size": "0.03394746", "price": "3081.76000000", "time": "2025-07-15T22:38:36.116359Z", "fetched_at": "2025-07-15T22:39:32.758036+00:00", "symbol": "ETH-USD"}, {"trade_id": 667629934, "side": "buy", "size": "0.00032454", "price": "3081.75000000", "time": "2025-07-15T22:38:35.623757Z", "fetched_at": "2025-07-15T22:39:32.758036+00:00", "symbol": "ETH-USD"}, {"trade_id": 667629933, "side": "sell", "size": "0.00005588", "price": "3081.60000000", "time": "2025-07-15T22:38:35.583318Z", "fetched_at": "2025-07-15T22:39:32.758036+00:00", "symbol": "ETH-USD"}, {"trade_id": 667629932, "side": "sell", "size": "0.00024002", "price": "3081.60000000", "time": "2025-07-15T22:38:35.583318Z", "fetched_at": "2025-07-15T22:39:32.758036+00:00", "symbol": "ETH-USD"}, {"trade_id": 667629931, "side": "sell", "size": "0.00063472", "price": "3081.60000000", "time": "2025-07-15T22:38:35.583318Z", "fetched_at": "2025-07-15T22:39:32.758036+00:00", "symbol": "ETH-USD"}, {"trade_id": 667629930, "side": "buy", "size": "0.41523613", "price": "3081.59000000", "time": "2025-07-15T22:38:34.995454Z", "fetched_at": "2025-07-15T22:39:32.758036+00:00", "symbol": "ETH-USD"}, {"trade_id": 667629929, "side": "buy", "size": "0.94500000", "price": "3081.59000000", "time": "2025-07-15T22:38:34.995454Z", "fetched_at": "2025-07-15T22:39:32.758036+00:00", "symbol": "ETH-USD"}, {"trade_id": 667629928, "side": "sell", "size": "0.04472522", "price": "3081.76000000", "time": "2025-07-15T22:38:34.888055Z", "fetched_at": "2025-07-15T22:39:32.758036+00:00", "symbol": "ETH-USD"}, {"trade_id": 667629927, "side": "sell", "size": "0.00011389", "price": "3081.75000000", "time": "2025-07-15T22:38:34.888055Z", "fetched_at": "2025-07-15T22:39:32.758036+00:00", "symbol": "ETH-USD"}, {"trade_id": 667629926, "side": "sell", "size": "0.00169289", "price": "3081.58000000", "time": "2025-07-15T22:38:34.888055Z", "fetched_at": "2025-07-15T22:39:32.758036+00:00", "symbol": "ETH-USD"}, {"trade_id": 667629925, "side": "sell", "size": "0.00067504", "price": "3081.54000000", "time": "2025-07-15T22:38:34.888055Z", "fetched_at": "2025-07-15T22:39:32.758036+00:00", "symbol": "ETH-USD"}, {"trade_id": 667629924, "side": "sell", "size": "0.00100000", "price": "3081.54000000", "time": "2025-07-15T22:38:34.888055Z", "fetched_at": "2025-07-15T22:39:32.758036+00:00", "symbol": "ETH-USD"}, {"trade_id": 667629923, "side": "sell", "size": "0.00067504", "price": "3081.48000000", "time": "2025-07-15T22:38:34.828613Z", "fetched_at": "2025-07-15T22:39:32.758036+00:00", "symbol": "ETH-USD"}, {"trade_id": 667629922, "side": "sell", "size": "0.00012656", "price": "3081.48000000", "time": "2025-07-15T22:38:34.828613Z", "fetched_at": "2025-07-15T22:39:32.758036+00:00", "symbol": "ETH-USD"}, {"trade_id": 667629921, "side": "sell", "size": "0.00067504", "price": "3081.46000000", "time": "2025-07-15T22:38:34.790992Z", "fetched_at": "2025-07-15T22:39:32.758036+00:00", "symbol": "ETH-USD"}, {"trade_id": 667629920, "side": "sell", "size": "0.19999840", "price": "3081.46000000", "time": "2025-07-15T22:38:34.790992Z", "fetched_at": "2025-07-15T22:39:32.758036+00:00", "symbol": "ETH-USD"}, {"trade_id": 667629919, "side": "sell", "size": "0.19052435", "price": "3081.46000000", "time": "2025-07-15T22:38:34.790992Z", "fetched_at": "2025-07-15T22:39:32.758036+00:00", "symbol": "ETH-USD"}, {"trade_id": 667629918, "side": "sell", "size": "0.00028713", "price": "3081.46000000", "time": "2025-07-15T22:38:34.775896Z", "fetched_at": "2025-07-15T22:39:32.758036+00:00", "symbol": "ETH-USD"}, {"trade_id": 667629917, "side": "sell", "size": "0.19082037", "price": "3081.44000000", "time": "2025-07-15T22:38:34.749349Z", "fetched_at": "2025-07-15T22:39:32.758036+00:00", "symbol": "ETH-USD"}, {"trade_id": 667629916, "side": "sell", "size": "0.00100000", "price": "3081.31000000", "time": "2025-07-15T22:38:34.749349Z", "fetched_at": "2025-07-15T22:39:32.758036+00:00", "symbol": "ETH-USD"}, {"trade_id": 667629915, "side": "sell", "size": "0.09296675", "price": "3081.31000000", "time": "2025-07-15T22:38:34.749349Z", "fetched_at": "2025-07-15T22:39:32.758036+00:00", "symbol": "ETH-USD"}, {"trade_id": 667629914, "side": "sell", "size": "0.00067504", "price": "3081.14000000", "time": "2025-07-15T22:38:34.738814Z", "fetched_at": "2025-07-15T22:39:32.758036+00:00", "symbol": "ETH-USD"}, {"trade_id": 667629913, "side": "sell", "size": "0.00394223", "price": "3081.31000000", "time": "2025-07-15T22:38:34.677338Z", "fetched_at": "2025-07-15T22:39:32.758036+00:00", "symbol": "ETH-USD"}, {"trade_id": 667629912, "side": "sell", "size": "0.00067504", "price": "3081.14000000", "time": "2025-07-15T22:38:34.677338Z", "fetched_at": "2025-07-15T22:39:32.758036+00:00", "symbol": "ETH-USD"}, {"trade_id": 667629911, "side": "sell", "size": "0.01436658", "price": "3081.31000000", "time": "2025-07-15T22:38:34.288997Z", "fetched_at": "2025-07-15T22:39:32.758036+00:00", "symbol": "ETH-USD"}, {"trade_id": 667629910, "side": "sell", "size": "0.00010000", "price": "3081.25000000", "time": "2025-07-15T22:38:34.288997Z", "fetched_at": "2025-07-15T22:39:32.758036+00:00", "symbol": "ETH-USD"}, {"trade_id": 667629909, "side": "sell", "size": "0.00070574", "price": "3081.13000000", "time": "2025-07-15T22:38:34.288997Z", "fetched_at": "2025-07-15T22:39:32.758036+00:00", "symbol": "ETH-USD"}, {"trade_id": 667629908, "side": "sell", "size": "0.01320182", "price": "3081.31000000", "time": "2025-07-15T22:38:32.567034Z", "fetched_at": "2025-07-15T22:39:32.758036+00:00", "symbol": "ETH-USD"}, {"trade_id": 667629907, "side": "sell", "size": "0.00065101", "price": "3081.04000000", "time": "2025-07-15T22:38:32.567034Z", "fetched_at": "2025-07-15T22:39:32.758036+00:00", "symbol": "ETH-USD"}, {"trade_id": 667629906, "side": "sell", "size": "0.07552176", "price": "3081.31000000", "time": "2025-07-15T22:38:32.168501Z", "fetched_at": "2025-07-15T22:39:32.758036+00:00", "symbol": "ETH-USD"}, {"trade_id": 667629905, "side": "sell", "size": "0.04939513", "price": "3081.25000000", "time": "2025-07-15T22:38:32.168501Z", "fetched_at": "2025-07-15T22:39:32.758036+00:00", "symbol": "ETH-USD"}, {"trade_id": 667629904, "side": "sell", "size": "0.00005590", "price": "3081.24000000", "time": "2025-07-15T22:38:32.168501Z", "fetched_at": "2025-07-15T22:39:32.758036+00:00", "symbol": "ETH-USD"}, {"trade_id": 667629903, "side": "sell", "size": "0.00024004", "price": "3081.24000000", "time": "2025-07-15T22:38:32.168501Z", "fetched_at": "2025-07-15T22:39:32.758036+00:00", "symbol": "ETH-USD"}, {"trade_id": 667629902, "side": "sell", "size": "0.00084421", "price": "3081.04000000", "time": "2025-07-15T22:38:32.168501Z", "fetched_at": "2025-07-15T22:39:32.758036+00:00", "symbol": "ETH-USD"}, {"trade_id": 667629901, "side": "sell", "size": "0.00010334", "price": "3081.04000000", "time": "2025-07-15T22:38:32.168501Z", "fetched_at": "2025-07-15T22:39:32.758036+00:00", "symbol": "ETH-USD"}, {"trade_id": 667629900, "side": "sell", "size": "0.31487300", "price": "3081.25000000", "time": "2025-07-15T22:38:29.643895Z", "fetched_at": "2025-07-15T22:39:32.758036+00:00", "symbol": "ETH-USD"}, {"trade_id": 667629899, "side": "sell", "size": "0.00057984", "price": "3081.20000000", "time": "2025-07-15T22:38:29.643895Z", "fetched_at": "2025-07-15T22:39:32.758036+00:00", "symbol": "ETH-USD"}, {"trade_id": 667629898, "side": "sell", "size": "0.63005603", "price": "3081.25000000", "time": "2025-07-15T22:38:29.604348Z", "fetched_at": "2025-07-15T22:39:32.758036+00:00", "symbol": "ETH-USD"}, {"trade_id": 667629897, "side": "sell", "size": "0.00057984", "price": "3081.18000000", "time": "2025-07-15T22:38:29.604348Z", "fetched_at": "2025-07-15T22:39:32.758036+00:00", "symbol": "ETH-USD"}, {"trade_id": 667629896, "side": "buy", "size": "0.02166781", "price": "3081.17000000", "time": "2025-07-15T22:38:29.384435Z", "fetched_at": "2025-07-15T22:39:32.758036+00:00", "symbol": "ETH-USD"}, {"trade_id": 667629895, "side": "buy", "size": "0.00163938", "price": "3081.03000000", "time": "2025-07-15T22:38:28.885750Z", "fetched_at": "2025-07-15T22:39:32.758036+00:00", "symbol": "ETH-USD"}, {"trade_id": 667629894, "side": "sell", "size": "0.00572037", "price": "3081.25000000", "time": "2025-07-15T22:38:28.700288Z", "fetched_at": "2025-07-15T22:39:32.758036+00:00", "symbol": "ETH-USD"}, {"trade_id": 667629893, "side": "sell", "size": "0.00058861", "price": "3081.24000000", "time": "2025-07-15T22:38:28.700288Z", "fetched_at": "2025-07-15T22:39:32.758036+00:00", "symbol": "ETH-USD"}, {"trade_id": 667629892, "side": "sell", "size": "0.79977747", "price": "3081.11000000", "time": "2025-07-15T22:38:27.995688Z", "fetched_at": "2025-07-15T22:39:32.758036+00:00", "symbol": "ETH-USD"}, {"trade_id": 667629891, "side": "sell", "size": "0.04552825", "price": "3081.11000000", "time": "2025-07-15T22:38:27.426463Z", "fetched_at": "2025-07-15T22:39:32.758036+00:00", "symbol": "ETH-USD"}, {"trade_id": 667629890, "side": "sell", "size": "0.00064761", "price": "3081.10000000", "time": "2025-07-15T22:38:27.426463Z", "fetched_at": "2025-07-15T22:39:32.758036+00:00", "symbol": "ETH-USD"}, {"trade_id": 667629889, "side": "sell", "size": "0.00010335", "price": "3080.98000000", "time": "2025-07-15T22:38:26.976593Z", "fetched_at": "2025-07-15T22:39:32.758036+00:00", "symbol": "ETH-USD"}, {"trade_id": 667629888, "side": "sell", "size": "0.00008435", "price": "3080.98000000", "time": "2025-07-15T22:38:26.976593Z", "fetched_at": "2025-07-15T22:39:32.758036+00:00", "symbol": "ETH-USD"}, {"trade_id": 667629887, "side": "sell", "size": "0.00035736", "price": "3080.98000000", "time": "2025-07-15T22:38:26.976593Z", "fetched_at": "2025-07-15T22:39:32.758036+00:00", "symbol": "ETH-USD"}, {"trade_id": 667629886, "side": "sell", "size": "0.00542626", "price": "3081.11000000", "time": "2025-07-15T22:38:24.661111Z", "fetched_at": "2025-07-15T22:39:32.758036+00:00", "symbol": "ETH-USD"}, {"trade_id": 667629885, "side": "sell", "size": "0.00100000", "price": "3081.08000000", "time": "2025-07-15T22:38:24.661111Z", "fetched_at": "2025-07-15T22:39:32.758036+00:00", "symbol": "ETH-USD"}, {"trade_id": 667629884, "side": "sell", "size": "0.19999904", "price": "3081.06000000", "time": "2025-07-15T22:38:24.500281Z", "fetched_at": "2025-07-15T22:39:32.758036+00:00", "symbol": "ETH-USD"}, {"trade_id": 667629883, "side": "sell", "size": "0.00054558", "price": "3081.05000000", "time": "2025-07-15T22:38:24.485619Z", "fetched_at": "2025-07-15T22:39:32.758036+00:00", "symbol": "ETH-USD"}, {"trade_id": 667629882, "side": "sell", "size": "1.24267331", "price": "3080.88000000", "time": "2025-07-15T22:38:24.473254Z", "fetched_at": "2025-07-15T22:39:32.758036+00:00", "symbol": "ETH-USD"}, {"trade_id": 667629881, "side": "buy", "size": "0.07455836", "price": "3080.88000000", "time": "2025-07-15T22:38:24.456509Z", "fetched_at": "2025-07-15T22:39:32.758036+00:00", "symbol": "ETH-USD"}, {"trade_id": 667629880, "side": "buy", "size": "0.05000000", "price": "3080.89000000", "time": "2025-07-15T22:38:24.456509Z", "fetched_at": "2025-07-15T22:39:32.758036+00:00", "symbol": "ETH-USD"}, {"trade_id": 667629879, "side": "buy", "size": "0.05000000", "price": "3080.90000000", "time": "2025-07-15T22:38:24.456509Z", "fetched_at": "2025-07-15T22:39:32.758036+00:00", "symbol": "ETH-USD"}, {"trade_id": 667629878, "side": "buy", "size": "0.05000000", "price": "3080.91000000", "time": "2025-07-15T22:38:24.456509Z", "fetched_at": "2025-07-15T22:39:32.758036+00:00", "symbol": "ETH-USD"}, {"trade_id": 667629877, "side": "buy", "size": "0.59977239", "price": "3080.98000000", "time": "2025-07-15T22:38:24.456509Z", "fetched_at": "2025-07-15T22:39:32.758036+00:00", "symbol": "ETH-USD"}, {"trade_id": 667629876, "side": "buy", "size": "0.45879241", "price": "3080.98000000", "time": "2025-07-15T22:38:24.451313Z", "fetched_at": "2025-07-15T22:39:32.758036+00:00", "symbol": "ETH-USD"}, {"trade_id": 667629875, "side": "sell", "size": "0.78753405", "price": "3080.88000000", "time": "2025-07-15T22:38:24.075772Z", "fetched_at": "2025-07-15T22:39:32.758036+00:00", "symbol": "ETH-USD"}, {"trade_id": 667629874, "side": "sell", "size": "0.00304359", "price": "3080.88000000", "time": "2025-07-15T22:38:23.569534Z", "fetched_at": "2025-07-15T22:39:32.758036+00:00", "symbol": "ETH-USD"}, {"trade_id": 667629873, "side": "sell", "size": "0.00008966", "price": "3080.72000000", "time": "2025-07-15T22:38:23.569534Z", "fetched_at": "2025-07-15T22:39:32.758036+00:00", "symbol": "ETH-USD"}, {"trade_id": 667629872, "side": "buy", "size": "0.00065588", "price": "3080.71000000", "time": "2025-07-15T22:38:23.356832Z", "fetched_at": "2025-07-15T22:39:32.758036+00:00", "symbol": "ETH-USD"}, {"trade_id": 667629871, "side": "buy", "size": "0.13177397", "price": "3080.66000000", "time": "2025-07-15T22:38:22.018293Z", "fetched_at": "2025-07-15T22:39:32.758036+00:00", "symbol": "ETH-USD"}, {"trade_id": 667629870, "side": "buy", "size": "0.00324605", "price": "3080.67000000", "time": "2025-07-15T22:38:22.018293Z", "fetched_at": "2025-07-15T22:39:32.758036+00:00", "symbol": "ETH-USD"}, {"trade_id": 667629869, "side": "sell", "size": "0.00001368", "price": "3080.72000000", "time": "2025-07-15T22:38:21.985638Z", "fetched_at": "2025-07-15T22:39:32.758036+00:00", "symbol": "ETH-USD"}, {"trade_id": 667629868, "side": "sell", "size": "0.00060334", "price": "3080.67000000", "time": "2025-07-15T22:38:21.985638Z", "fetched_at": "2025-07-15T22:39:32.758036+00:00", "symbol": "ETH-USD"}, {"trade_id": 667629867, "side": "buy", "size": "0.06264025", "price": "3080.46000000", "time": "2025-07-15T22:38:21.535087Z", "fetched_at": "2025-07-15T22:39:32.758036+00:00", "symbol": "ETH-USD"}, {"trade_id": 667629866, "side": "sell", "size": "0.00095577", "price": "3080.71000000", "time": "2025-07-15T22:38:21.507964Z", "fetched_at": "2025-07-15T22:39:32.758036+00:00", "symbol": "ETH-USD"}, {"trade_id": 667629865, "side": "sell", "size": "0.00062189", "price": "3080.70000000", "time": "2025-07-15T22:38:21.507964Z", "fetched_at": "2025-07-15T22:39:32.758036+00:00", "symbol": "ETH-USD"}, {"trade_id": 667629864, "side": "sell", "size": "0.00788790", "price": "3080.47000000", "time": "2025-07-15T22:38:21.374456Z", "fetched_at": "2025-07-15T22:39:32.758036+00:00", "symbol": "ETH-USD"}, {"trade_id": 667629863, "side": "sell", "size": "0.02112253", "price": "3080.88000000", "time": "2025-07-15T22:38:20.752175Z", "fetched_at": "2025-07-15T22:39:32.758036+00:00", "symbol": "ETH-USD"}, {"trade_id": 667629862, "side": "sell", "size": "0.00057747", "price": "3080.87000000", "time": "2025-07-15T22:38:20.752175Z", "fetched_at": "2025-07-15T22:39:32.758036+00:00", "symbol": "ETH-USD"}, {"trade_id": 667629861, "side": "sell", "size": "0.00100000", "price": "3080.85000000", "time": "2025-07-15T22:38:20.752175Z", "fetched_at": "2025-07-15T22:39:32.758036+00:00", "symbol": "ETH-USD"}, {"trade_id": 667629860, "side": "sell", "size": "0.00100000", "price": "3080.62000000", "time": "2025-07-15T22:38:19.207910Z", "fetched_at": "2025-07-15T22:39:32.758036+00:00", "symbol": "ETH-USD"}, {"trade_id": 667629859, "side": "sell", "size": "0.00010000", "price": "3080.48000000", "time": "2025-07-15T22:38:19.207910Z", "fetched_at": "2025-07-15T22:39:32.758036+00:00", "symbol": "ETH-USD"}, {"trade_id": 667629858, "side": "sell", "size": "0.00012267", "price": "3080.45000000", "time": "2025-07-15T22:38:19.207910Z", "fetched_at": "2025-07-15T22:39:32.758036+00:00", "symbol": "ETH-USD"}, {"trade_id": 667629857, "side": "sell", "size": "0.00002742", "price": "3079.99000000", "time": "2025-07-15T22:38:18.003353Z", "fetched_at": "2025-07-15T22:39:32.758036+00:00", "symbol": "ETH-USD"}, {"trade_id": 667629856, "side": "sell", "size": "0.00035083", "price": "3079.99000000", "time": "2025-07-15T22:38:18.003353Z", "fetched_at": "2025-07-15T22:39:32.758036+00:00", "symbol": "ETH-USD"}, {"trade_id": 667629855, "side": "sell", "size": "0.00012921", "price": "3079.99000000", "time": "2025-07-15T22:38:17.915484Z", "fetched_at": "2025-07-15T22:39:32.758036+00:00", "symbol": "ETH-USD"}, {"trade_id": 667629854, "side": "sell", "size": "0.00011177", "price": "3079.99000000", "time": "2025-07-15T22:38:17.915484Z", "fetched_at": "2025-07-15T22:39:32.758036+00:00", "symbol": "ETH-USD"}, {"trade_id": 667629853, "side": "buy", "size": "0.01558670", "price": "3079.78000000", "time": "2025-07-15T22:38:17.285792Z", "fetched_at": "2025-07-15T22:39:32.758036+00:00", "symbol": "ETH-USD"}, {"trade_id": 667629852, "side": "sell", "size": "0.00024001", "price": "3080.17000000", "time": "2025-07-15T22:38:17.244001Z", "fetched_at": "2025-07-15T22:39:32.758036+00:00", "symbol": "ETH-USD"}, {"trade_id": 667629851, "side": "sell", "size": "0.00005589", "price": "3080.17000000", "time": "2025-07-15T22:38:17.244001Z", "fetched_at": "2025-07-15T22:39:32.758036+00:00", "symbol": "ETH-USD"}, {"trade_id": 667629850, "side": "sell", "size": "0.32595116", "price": "3080.16000000", "time": "2025-07-15T22:38:17.244001Z", "fetched_at": "2025-07-15T22:39:32.758036+00:00", "symbol": "ETH-USD"}, {"trade_id": 667629849, "side": "sell", "size": "0.91288441", "price": "3080.15000000", "time": "2025-07-15T22:38:17.244001Z", "fetched_at": "2025-07-15T22:39:32.758036+00:00", "symbol": "ETH-USD"}, {"trade_id": 667629848, "side": "sell", "size": "0.32540540", "price": "3080.14000000", "time": "2025-07-15T22:38:17.244001Z", "fetched_at": "2025-07-15T22:39:32.758036+00:00", "symbol": "ETH-USD"}, {"trade_id": 667629847, "side": "sell", "size": "0.30000000", "price": "3080.10000000", "time": "2025-07-15T22:38:17.244001Z", "fetched_at": "2025-07-15T22:39:32.758036+00:00", "symbol": "ETH-USD"}, {"trade_id": 667629846, "side": "sell", "size": "0.58216305", "price": "3080.01000000", "time": "2025-07-15T22:38:17.243959Z", "fetched_at": "2025-07-15T22:39:32.758036+00:00", "symbol": "ETH-USD"}, {"trade_id": 667629845, "side": "sell", "size": "0.30000000", "price": "3080.00000000", "time": "2025-07-15T22:38:17.243959Z", "fetched_at": "2025-07-15T22:39:32.758036+00:00", "symbol": "ETH-USD"}, {"trade_id": 667629844, "side": "sell", "size": "0.00096910", "price": "3079.99000000", "time": "2025-07-15T22:38:17.243959Z", "fetched_at": "2025-07-15T22:39:32.758036+00:00", "symbol": "ETH-USD"}, {"trade_id": 667629843, "side": "sell", "size": "0.01539088", "price": "3079.93000000", "time": "2025-07-15T22:38:17.149054Z", "fetched_at": "2025-07-15T22:39:32.758036+00:00", "symbol": "ETH-USD"}, {"trade_id": 667629842, "side": "sell", "size": "0.81062756", "price": "3079.95000000", "time": "2025-07-15T22:38:17.144831Z", "fetched_at": "2025-07-15T22:39:32.758036+00:00", "symbol": "ETH-USD"}, {"trade_id": 667629841, "side": "sell", "size": "0.00096910", "price": "3079.94000000", "time": "2025-07-15T22:38:17.144831Z", "fetched_at": "2025-07-15T22:39:32.758036+00:00", "symbol": "ETH-USD"}, {"trade_id": 667629840, "side": "sell", "size": "0.00010334", "price": "3079.94000000", "time": "2025-07-15T22:38:17.144831Z", "fetched_at": "2025-07-15T22:39:32.758036+00:00", "symbol": "ETH-USD"}, {"trade_id": 667629839, "side": "buy", "size": "0.00937991", "price": "3079.52000000", "time": "2025-07-15T22:38:16.909424Z", "fetched_at": "2025-07-15T22:39:32.758036+00:00", "symbol": "ETH-USD"}, {"trade_id": 667629838, "side": "buy", "size": "0.00324725", "price": "3079.53000000", "time": "2025-07-15T22:38:16.909424Z", "fetched_at": "2025-07-15T22:39:32.758036+00:00", "symbol": "ETH-USD"}, {"trade_id": 667629837, "side": "buy", "size": "0.00100000", "price": "3079.70000000", "time": "2025-07-15T22:38:16.909424Z", "fetched_at": "2025-07-15T22:39:32.758036+00:00", "symbol": "ETH-USD"}, {"trade_id": 667629836, "side": "buy", "size": "0.00331513", "price": "3079.81000000", "time": "2025-07-15T22:38:16.909424Z", "fetched_at": "2025-07-15T22:39:32.758036+00:00", "symbol": "ETH-USD"}, {"trade_id": 667629835, "side": "buy", "size": "0.00033131", "price": "3079.81000000", "time": "2025-07-15T22:38:16.909424Z", "fetched_at": "2025-07-15T22:39:32.758036+00:00", "symbol": "ETH-USD"}, {"trade_id": 667629834, "side": "buy", "size": "0.00010000", "price": "3079.81000000", "time": "2025-07-15T22:38:16.909424Z", "fetched_at": "2025-07-15T22:39:32.758036+00:00", "symbol": "ETH-USD"}, {"trade_id": 667629833, "side": "sell", "size": "0.00615635", "price": "3079.82000000", "time": "2025-07-15T22:38:16.632891Z", "fetched_at": "2025-07-15T22:39:32.758036+00:00", "symbol": "ETH-USD"}, {"trade_id": 667629832, "side": "sell", "size": "0.01577221", "price": "3079.82000000", "time": "2025-07-15T22:38:16.337536Z", "fetched_at": "2025-07-15T22:39:32.758036+00:00", "symbol": "ETH-USD"}, {"trade_id": 667629831, "side": "buy", "size": "1.00000000", "price": "3079.87000000", "time": "2025-07-15T22:38:16.320493Z", "fetched_at": "2025-07-15T22:39:32.758036+00:00", "symbol": "ETH-USD"}, {"trade_id": 667629830, "side": "buy", "size": "0.00100000", "price": "3079.93000000", "time": "2025-07-15T22:38:16.320493Z", "fetched_at": "2025-07-15T22:39:32.758036+00:00", "symbol": "ETH-USD"}, {"trade_id": 667629829, "side": "sell", "size": "0.01624236", "price": "3079.94000000", "time": "2025-07-15T22:38:16.057429Z", "fetched_at": "2025-07-15T22:39:32.758036+00:00", "symbol": "ETH-USD"}, {"trade_id": 667629828, "side": "sell", "size": "0.00016237", "price": "3079.94000000", "time": "2025-07-15T22:38:16.019301Z", "fetched_at": "2025-07-15T22:39:32.758036+00:00", "symbol": "ETH-USD"}, {"trade_id": 667629827, "side": "sell", "size": "0.00056260", "price": "3079.94000000", "time": "2025-07-15T22:38:15.918698Z", "fetched_at": "2025-07-15T22:39:32.758036+00:00", "symbol": "ETH-USD"}, {"trade_id": 667629826, "side": "buy", "size": "0.00324669", "price": "3080.06000000", "time": "2025-07-15T22:38:15.321084Z", "fetched_at": "2025-07-15T22:39:32.758036+00:00", "symbol": "ETH-USD"}, {"trade_id": 667629825, "side": "buy", "size": "0.00010000", "price": "3080.08000000", "time": "2025-07-15T22:38:15.321084Z", "fetched_at": "2025-07-15T22:39:32.758036+00:00", "symbol": "ETH-USD"}, {"trade_id": 667629824, "side": "buy", "size": "0.00100000", "price": "3080.16000000", "time": "2025-07-15T22:38:15.321084Z", "fetched_at": "2025-07-15T22:39:32.758036+00:00", "symbol": "ETH-USD"}, {"trade_id": 667629823, "side": "buy", "size": "0.00010000", "price": "3080.35000000", "time": "2025-07-15T22:38:15.219047Z", "fetched_at": "2025-07-15T22:39:32.758036+00:00", "symbol": "ETH-USD"}, {"trade_id": 667629822, "side": "buy", "size": "0.00100000", "price": "3080.39000000", "time": "2025-07-15T22:38:15.219047Z", "fetched_at": "2025-07-15T22:39:32.758036+00:00", "symbol": "ETH-USD"}, {"trade_id": 667629821, "side": "buy", "size": "0.00000902", "price": "3080.47000000", "time": "2025-07-15T22:38:15.206028Z", "fetched_at": "2025-07-15T22:39:32.758036+00:00", "symbol": "ETH-USD"}, {"trade_id": 667629820, "side": "buy", "size": "0.04316000", "price": "3080.47000000", "time": "2025-07-15T22:38:15.204673Z", "fetched_at": "2025-07-15T22:39:32.758036+00:00", "symbol": "ETH-USD"}, {"trade_id": 667629819, "side": "sell", "size": "0.10976068", "price": "3080.48000000", "time": "2025-07-15T22:38:15.201886Z", "fetched_at": "2025-07-15T22:39:32.758036+00:00", "symbol": "ETH-USD"}, {"trade_id": 667629818, "side": "sell", "size": "0.02366357", "price": "3080.48000000", "time": "2025-07-15T22:38:15.082228Z", "fetched_at": "2025-07-15T22:39:32.758036+00:00", "symbol": "ETH-USD"}, {"trade_id": 667629817, "side": "buy", "size": "1.00000000", "price": "3080.50000000", "time": "2025-07-15T22:38:14.998792Z", "fetched_at": "2025-07-15T22:39:32.758036+00:00", "symbol": "ETH-USD"}, {"trade_id": 667629816, "side": "buy", "size": "0.00084715", "price": "3080.62000000", "time": "2025-07-15T22:38:14.985768Z", "fetched_at": "2025-07-15T22:39:32.758036+00:00", "symbol": "ETH-USD"}, {"trade_id": 667629815, "side": "buy", "size": "0.00100000", "price": "3080.62000000", "time": "2025-07-15T22:38:14.985768Z", "fetched_at": "2025-07-15T22:39:32.758036+00:00", "symbol": "ETH-USD"}, {"trade_id": 667629814, "side": "buy", "size": "0.00000324", "price": "3080.79000000", "time": "2025-07-15T22:38:14.985768Z", "fetched_at": "2025-07-15T22:39:32.758036+00:00", "symbol": "ETH-USD"}, {"trade_id": 667629813, "side": "sell", "size": "0.00032136", "price": "3080.80000000", "time": "2025-07-15T22:38:14.412637Z", "fetched_at": "2025-07-15T22:39:32.758036+00:00", "symbol": "ETH-USD"}, {"trade_id": 667629812, "side": "sell", "size": "0.01325004", "price": "3081.10000000", "time": "2025-07-15T22:38:14.028935Z", "fetched_at": "2025-07-15T22:39:32.758036+00:00", "symbol": "ETH-USD"}, {"trade_id": 667629811, "side": "sell", "size": "0.00737409", "price": "3081.11000000", "time": "2025-07-15T22:38:13.342800Z", "fetched_at": "2025-07-15T22:39:32.758036+00:00", "symbol": "ETH-USD"}, {"trade_id": 667629810, "side": "sell", "size": "0.00051382", "price": "3081.10000000", "time": "2025-07-15T22:38:13.342800Z", "fetched_at": "2025-07-15T22:39:32.758036+00:00", "symbol": "ETH-USD"}, {"trade_id": 667629809, "side": "sell", "size": "0.10780319", "price": "3080.84000000", "time": "2025-07-15T22:38:12.505439Z", "fetched_at": "2025-07-15T22:39:32.758036+00:00", "symbol": "ETH-USD"}, {"trade_id": 667629808, "side": "buy", "size": "0.94500000", "price": "3080.71000000", "time": "2025-07-15T22:38:12.047921Z", "fetched_at": "2025-07-15T22:39:32.758036+00:00", "symbol": "ETH-USD"}, {"trade_id": 667629807, "side": "buy", "size": "0.30775537", "price": "3080.71000000", "time": "2025-07-15T22:38:12.047921Z", "fetched_at": "2025-07-15T22:39:32.758036+00:00", "symbol": "ETH-USD"}, {"trade_id": 667629806, "side": "buy", "size": "1.32545683", "price": "3080.76000000", "time": "2025-07-15T22:38:12.047921Z", "fetched_at": "2025-07-15T22:39:32.758036+00:00", "symbol": "ETH-USD"}, {"trade_id": 667629805, "side": "buy", "size": "0.99928719", "price": "3080.83000000", "time": "2025-07-15T22:38:12.047921Z", "fetched_at": "2025-07-15T22:39:32.758036+00:00", "symbol": "ETH-USD"}, {"trade_id": 667629804, "side": "buy", "size": "1.69126993", "price": "3080.84000000", "time": "2025-07-15T22:38:12.047921Z", "fetched_at": "2025-07-15T22:39:32.758036+00:00", "symbol": "ETH-USD"}, {"trade_id": 667629803, "side": "buy", "size": "0.37511150", "price": "3080.84000000", "time": "2025-07-15T22:38:12.047880Z", "fetched_at": "2025-07-15T22:39:32.758036+00:00", "symbol": "ETH-USD"}, {"trade_id": 667629802, "side": "buy", "size": "1.37321479", "price": "3080.88000000", "time": "2025-07-15T22:38:12.047880Z", "fetched_at": "2025-07-15T22:39:32.758036+00:00", "symbol": "ETH-USD"}, {"trade_id": 667629801, "side": "buy", "size": "0.82392887", "price": "3080.89000000", "time": "2025-07-15T22:38:12.047880Z", "fetched_at": "2025-07-15T22:39:32.758036+00:00", "symbol": "ETH-USD"}, {"trade_id": 667629800, "side": "buy", "size": "0.00324581", "price": "3080.90000000", "time": "2025-07-15T22:38:12.047880Z", "fetched_at": "2025-07-15T22:39:32.758036+00:00", "symbol": "ETH-USD"}, {"trade_id": 667629799, "side": "buy", "size": "0.00271123", "price": "3081.01000000", "time": "2025-07-15T22:38:12.047880Z", "fetched_at": "2025-07-15T22:39:32.758036+00:00", "symbol": "ETH-USD"}, {"trade_id": 667629798, "side": "sell", "size": "0.00704398", "price": "3081.11000000", "time": "2025-07-15T22:38:11.180199Z", "fetched_at": "2025-07-15T22:39:32.758036+00:00", "symbol": "ETH-USD"}, {"trade_id": 667629797, "side": "sell", "size": "0.00017069", "price": "3081.10000000", "time": "2025-07-15T22:38:11.180199Z", "fetched_at": "2025-07-15T22:39:32.758036+00:00", "symbol": "ETH-USD"}, {"trade_id": 667629796, "side": "sell", "size": "0.00048314", "price": "3081.10000000", "time": "2025-07-15T22:38:11.180199Z", "fetched_at": "2025-07-15T22:39:32.758036+00:00", "symbol": "ETH-USD"}, {"trade_id": 667629795, "side": "buy", "size": "0.82956858", "price": "3081.10000000", "time": "2025-07-15T22:38:09.864841Z", "fetched_at": "2025-07-15T22:39:32.758036+00:00", "symbol": "ETH-USD"}, {"trade_id": 667629794, "side": "buy", "size": "0.57882694", "price": "3081.10000000", "time": "2025-07-15T22:38:09.864841Z", "fetched_at": "2025-07-15T22:39:32.758036+00:00", "symbol": "ETH-USD"}, {"trade_id": 667629793, "side": "sell", "size": "0.03155143", "price": "3081.11000000", "time": "2025-07-15T22:38:09.715496Z", "fetched_at": "2025-07-15T22:39:32.758036+00:00", "symbol": "ETH-USD"}, {"trade_id": 667629792, "side": "buy", "size": "0.03281096", "price": "3081.10000000", "time": "2025-07-15T22:38:09.466533Z", "fetched_at": "2025-07-15T22:39:32.758036+00:00", "symbol": "ETH-USD"}, {"trade_id": 667629791, "side": "sell", "size": "0.00309565", "price": "3081.11000000", "time": "2025-07-15T22:38:08.626720Z", "fetched_at": "2025-07-15T22:39:32.758036+00:00", "symbol": "ETH-USD"}, {"trade_id": 667629790, "side": "sell", "size": "0.00053249", "price": "3081.10000000", "time": "2025-07-15T22:38:08.626720Z", "fetched_at": "2025-07-15T22:39:32.758036+00:00", "symbol": "ETH-USD"}, {"trade_id": 667629789, "side": "sell", "size": "0.02288761", "price": "3081.11000000", "time": "2025-07-15T22:38:06.156643Z", "fetched_at": "2025-07-15T22:39:32.758036+00:00", "symbol": "ETH-USD"}, {"trade_id": 667629788, "side": "sell", "size": "0.00037467", "price": "3081.10000000", "time": "2025-07-15T22:38:06.156643Z", "fetched_at": "2025-07-15T22:39:32.758036+00:00", "symbol": "ETH-USD"}, {"trade_id": 667629787, "side": "buy", "size": "0.02537485", "price": "3080.90000000", "time": "2025-07-15T22:38:05.621331Z", "fetched_at": "2025-07-15T22:39:32.758036+00:00", "symbol": "ETH-USD"}, {"trade_id": 667629786, "side": "buy", "size": "0.00324580", "price": "3080.91000000", "time": "2025-07-15T22:38:05.621331Z", "fetched_at": "2025-07-15T22:39:32.758036+00:00", "symbol": "ETH-USD"}, {"trade_id": 667629785, "side": "buy", "size": "0.00300000", "price": "3081.10000000", "time": "2025-07-15T22:38:05.621331Z", "fetched_at": "2025-07-15T22:39:32.758036+00:00", "symbol": "ETH-USD"}, {"trade_id": 667629784, "side": "sell", "size": "0.07735978", "price": "3081.11000000", "time": "2025-07-15T22:38:04.206130Z", "fetched_at": "2025-07-15T22:39:32.758036+00:00", "symbol": "ETH-USD"}, {"trade_id": 667629783, "side": "sell", "size": "0.00053409", "price": "3081.10000000", "time": "2025-07-15T22:38:04.206130Z", "fetched_at": "2025-07-15T22:39:32.758036+00:00", "symbol": "ETH-USD"}, {"trade_id": 667629782, "side": "sell", "size": "0.00100000", "price": "3081.08000000", "time": "2025-07-15T22:38:04.206130Z", "fetched_at": "2025-07-15T22:39:32.758036+00:00", "symbol": "ETH-USD"}, {"trade_id": 667629781, "side": "sell", "size": "0.00164640", "price": "3080.89000000", "time": "2025-07-15T22:38:04.206130Z", "fetched_at": "2025-07-15T22:39:32.758036+00:00", "symbol": "ETH-USD"}, {"trade_id": 667629780, "side": "sell", "size": "0.00160753", "price": "3080.89000000", "time": "2025-07-15T22:38:03.870668Z", "fetched_at": "2025-07-15T22:39:32.758036+00:00", "symbol": "ETH-USD"}, {"trade_id": 667629779, "side": "sell", "size": "0.00100000", "price": "3080.85000000", "time": "2025-07-15T22:38:03.605087Z", "fetched_at": "2025-07-15T22:39:32.758036+00:00", "symbol": "ETH-USD"}, {"trade_id": 667629778, "side": "sell", "size": "0.00165354", "price": "3080.85000000", "time": "2025-07-15T22:38:03.605087Z", "fetched_at": "2025-07-15T22:39:32.758036+00:00", "symbol": "ETH-USD"}, {"trade_id": 667629777, "side": "buy", "size": "0.63436744", "price": "3080.65000000", "time": "2025-07-15T22:38:03.587607Z", "fetched_at": "2025-07-15T22:39:32.758036+00:00", "symbol": "ETH-USD"}, {"trade_id": 667629776, "side": "sell", "size": "0.19999904", "price": "3080.70000000", "time": "2025-07-15T22:38:03.573126Z", "fetched_at": "2025-07-15T22:39:32.758036+00:00", "symbol": "ETH-USD"}, {"trade_id": 667629775, "side": "sell", "size": "0.19994446", "price": "3080.69000000", "time": "2025-07-15T22:38:03.573126Z", "fetched_at": "2025-07-15T22:39:32.758036+00:00", "symbol": "ETH-USD"}, {"trade_id": 667629774, "side": "sell", "size": "0.00055483", "price": "3080.68000000", "time": "2025-07-15T22:38:03.573126Z", "fetched_at": "2025-07-15T22:39:32.758036+00:00", "symbol": "ETH-USD"}, {"trade_id": 667629773, "side": "sell", "size": "0.00012679", "price": "3080.62000000", "time": "2025-07-15T22:38:03.573126Z", "fetched_at": "2025-07-15T22:39:32.758036+00:00", "symbol": "ETH-USD"}, {"trade_id": 667629772, "side": "sell", "size": "0.00100000", "price": "3080.62000000", "time": "2025-07-15T22:38:03.573126Z", "fetched_at": "2025-07-15T22:39:32.758036+00:00", "symbol": "ETH-USD"}, {"trade_id": 667629771, "side": "sell", "size": "0.03806867", "price": "3080.61000000", "time": "2025-07-15T22:38:03.573126Z", "fetched_at": "2025-07-15T22:39:32.758036+00:00", "symbol": "ETH-USD"}, {"trade_id": 667629770, "side": "sell", "size": "0.00058926", "price": "3080.44000000", "time": "2025-07-15T22:38:02.438954Z", "fetched_at": "2025-07-15T22:39:32.758036+00:00", "symbol": "ETH-USD"}, {"trade_id": 667629769, "side": "sell", "size": "0.19079319", "price": "3080.45000000", "time": "2025-07-15T22:38:02.425478Z", "fetched_at": "2025-07-15T22:39:32.758036+00:00", "symbol": "ETH-USD"}, {"trade_id": 667629768, "side": "sell", "size": "0.00058926", "price": "3080.44000000", "time": "2025-07-15T22:38:02.425478Z", "fetched_at": "2025-07-15T22:39:32.758036+00:00", "symbol": "ETH-USD"}, {"trade_id": 667629767, "side": "sell", "size": "0.00100000", "price": "3080.39000000", "time": "2025-07-15T22:38:02.414621Z", "fetched_at": "2025-07-15T22:39:32.758036+00:00", "symbol": "ETH-USD"}, {"trade_id": 667629766, "side": "sell", "size": "0.00060232", "price": "3080.16000000", "time": "2025-07-15T22:38:02.285681Z", "fetched_at": "2025-07-15T22:39:32.758036+00:00", "symbol": "ETH-USD"}, {"trade_id": 667629765, "side": "sell", "size": "0.00060232", "price": "3080.16000000", "time": "2025-07-15T22:38:02.272997Z", "fetched_at": "2025-07-15T22:39:32.758036+00:00", "symbol": "ETH-USD"}, {"trade_id": 667629764, "side": "sell", "size": "0.00100000", "price": "3080.16000000", "time": "2025-07-15T22:38:02.259976Z", "fetched_at": "2025-07-15T22:39:32.758036+00:00", "symbol": "ETH-USD"}, {"trade_id": 667629763, "side": "sell", "size": "0.00060232", "price": "3080.08000000", "time": "2025-07-15T22:38:02.240718Z", "fetched_at": "2025-07-15T22:39:32.758036+00:00", "symbol": "ETH-USD"}, {"trade_id": 667629762, "side": "sell", "size": "4.04604321", "price": "3080.00000000", "time": "2025-07-15T22:38:02.221052Z", "fetched_at": "2025-07-15T22:39:32.758036+00:00", "symbol": "ETH-USD"}, {"trade_id": 667629761, "side": "buy", "size": "0.15827500", "price": "3079.99000000", "time": "2025-07-15T22:38:02.220644Z", "fetched_at": "2025-07-15T22:39:32.758036+00:00", "symbol": "ETH-USD"}, {"trade_id": 667629760, "side": "sell", "size": "1.32529817", "price": "3080.00000000", "time": "2025-07-15T22:38:01.870011Z", "fetched_at": "2025-07-15T22:39:32.758036+00:00", "symbol": "ETH-USD"}, {"trade_id": 667629759, "side": "sell", "size": "1.57976200", "price": "3080.00000000", "time": "2025-07-15T22:38:01.869275Z", "fetched_at": "2025-07-15T22:39:32.758036+00:00", "symbol": "ETH-USD"}, {"trade_id": 667629758, "side": "sell", "size": "0.00061389", "price": "3079.99000000", "time": "2025-07-15T22:38:01.869275Z", "fetched_at": "2025-07-15T22:39:32.758036+00:00", "symbol": "ETH-USD"}, {"trade_id": 667629757, "side": "sell", "size": "0.00627528", "price": "3080.00000000", "time": "2025-07-15T22:38:01.805331Z", "fetched_at": "2025-07-15T22:39:32.758036+00:00", "symbol": "ETH-USD"}, {"trade_id": 667629756, "side": "sell", "size": "0.00061389", "price": "3079.99000000", "time": "2025-07-15T22:38:01.805331Z", "fetched_at": "2025-07-15T22:39:32.758036+00:00", "symbol": "ETH-USD"}, {"trade_id": 667629755, "side": "sell", "size": "0.00100000", "price": "3079.93000000", "time": "2025-07-15T22:38:01.805331Z", "fetched_at": "2025-07-15T22:39:32.758036+00:00", "symbol": "ETH-USD"}, {"trade_id": 667629754, "side": "sell", "size": "0.00100000", "price": "3079.70000000", "time": "2025-07-15T22:38:01.503921Z", "fetched_at": "2025-07-15T22:39:32.758036+00:00", "symbol": "ETH-USD"}, {"trade_id": 667629753, "side": "sell", "size": "0.13951061", "price": "3079.66000000", "time": "2025-07-15T22:38:01.503921Z", "fetched_at": "2025-07-15T22:39:32.758036+00:00", "symbol": "ETH-USD"}, {"trade_id": 667629752, "side": "sell", "size": "0.62617406", "price": "3079.66000000", "time": "2025-07-15T22:38:01.503921Z", "fetched_at": "2025-07-15T22:39:32.758036+00:00", "symbol": "ETH-USD"}, {"trade_id": 667629751, "side": "sell", "size": "0.26919719", "price": "3079.66000000", "time": "2025-07-15T22:38:01.503921Z", "fetched_at": "2025-07-15T22:39:32.758036+00:00", "symbol": "ETH-USD"}, {"trade_id": 667629750, "side": "buy", "size": "0.00000324", "price": "3079.54000000", "time": "2025-07-15T22:38:01.492987Z", "fetched_at": "2025-07-15T22:39:32.758036+00:00", "symbol": "ETH-USD"}, {"trade_id": 667629749, "side": "sell", "size": "0.00163987", "price": "3079.50000000", "time": "2025-07-15T22:38:01.436261Z", "fetched_at": "2025-07-15T22:39:32.758036+00:00", "symbol": "ETH-USD"}, {"trade_id": 667629748, "side": "sell", "size": "0.25739291", "price": "3079.48000000", "time": "2025-07-15T22:38:01.436261Z", "fetched_at": "2025-07-15T22:39:32.758036+00:00", "symbol": "ETH-USD"}, {"trade_id": 667629747, "side": "sell", "size": "0.00026581", "price": "3079.47000000", "time": "2025-07-15T22:38:01.436261Z", "fetched_at": "2025-07-15T22:39:32.758036+00:00", "symbol": "ETH-USD"}, {"trade_id": 667629746, "side": "sell", "size": "0.00007471", "price": "3079.46000000", "time": "2025-07-15T22:38:01.436261Z", "fetched_at": "2025-07-15T22:39:32.758036+00:00", "symbol": "ETH-USD"}, {"trade_id": 667629745, "side": "sell", "size": "0.00061389", "price": "3079.44000000", "time": "2025-07-15T22:38:01.436261Z", "fetched_at": "2025-07-15T22:39:32.758036+00:00", "symbol": "ETH-USD"}, {"trade_id": 667629744, "side": "buy", "size": "0.00392322", "price": "3078.99000000", "time": "2025-07-15T22:38:01.085256Z", "fetched_at": "2025-07-15T22:39:32.758036+00:00", "symbol": "ETH-USD"}, {"trade_id": 667629743, "side": "buy", "size": "0.00324781", "price": "3079.00000000", "time": "2025-07-15T22:38:01.085256Z", "fetched_at": "2025-07-15T22:39:32.758036+00:00", "symbol": "ETH-USD"}, {"trade_id": 667629742, "side": "sell", "size": "0.55467638", "price": "3079.48000000", "time": "2025-07-15T22:37:59.354073Z", "fetched_at": "2025-07-15T22:39:32.758036+00:00", "symbol": "ETH-USD"}, {"trade_id": 667629741, "side": "sell", "size": "0.19999904", "price": "3079.48000000", "time": "2025-07-15T22:37:59.354073Z", "fetched_at": "2025-07-15T22:39:32.758036+00:00", "symbol": "ETH-USD"}, {"trade_id": 667629740, "side": "sell", "size": "0.00100000", "price": "3079.47000000", "time": "2025-07-15T22:37:59.354073Z", "fetched_at": "2025-07-15T22:39:32.758036+00:00", "symbol": "ETH-USD"}, {"trade_id": 667629739, "side": "sell", "size": "0.00325556", "price": "3079.35000000", "time": "2025-07-15T22:37:59.354073Z", "fetched_at": "2025-07-15T22:39:32.758036+00:00", "symbol": "ETH-USD"}, {"trade_id": 667629738, "side": "sell", "size": "0.24058250", "price": "3079.33000000", "time": "2025-07-15T22:37:59.354073Z", "fetched_at": "2025-07-15T22:39:32.758036+00:00", "symbol": "ETH-USD"}, {"trade_id": 667629737, "side": "sell", "size": "0.00048652", "price": "3079.32000000", "time": "2025-07-15T22:37:59.354073Z", "fetched_at": "2025-07-15T22:39:32.758036+00:00", "symbol": "ETH-USD"}, {"trade_id": 667629736, "side": "buy", "size": "0.01424536", "price": "3079.17000000", "time": "2025-07-15T22:37:58.925141Z", "fetched_at": "2025-07-15T22:39:32.758036+00:00", "symbol": "ETH-USD"}, {"trade_id": 667629735, "side": "sell", "size": "0.00129697", "price": "3079.33000000", "time": "2025-07-15T22:37:58.493221Z", "fetched_at": "2025-07-15T22:39:32.758036+00:00", "symbol": "ETH-USD"}, {"trade_id": 667629734, "side": "sell", "size": "0.00047791", "price": "3079.18000000", "time": "2025-07-15T22:37:58.493221Z", "fetched_at": "2025-07-15T22:39:32.758036+00:00", "symbol": "ETH-USD"}, {"trade_id": 667629733, "side": "sell", "size": "0.03380361", "price": "3079.32000000", "time": "2025-07-15T22:37:57.638989Z", "fetched_at": "2025-07-15T22:39:32.758036+00:00", "symbol": "ETH-USD"}, {"trade_id": 667629732, "side": "sell", "size": "0.00009080", "price": "3079.32000000", "time": "2025-07-15T22:37:56.731499Z", "fetched_at": "2025-07-15T22:39:32.758036+00:00", "symbol": "ETH-USD"}, {"trade_id": 667629731, "side": "sell", "size": "0.00001256", "price": "3079.32000000", "time": "2025-07-15T22:37:56.731499Z", "fetched_at": "2025-07-15T22:39:32.758036+00:00", "symbol": "ETH-USD"}, {"trade_id": 667629730, "side": "sell", "size": "0.01948065", "price": "3079.33000000", "time": "2025-07-15T22:37:56.604034Z", "fetched_at": "2025-07-15T22:39:32.758036+00:00", "symbol": "ETH-USD"}, {"trade_id": 667629729, "side": "sell", "size": "0.00050244", "price": "3079.32000000", "time": "2025-07-15T22:37:56.604034Z", "fetched_at": "2025-07-15T22:39:32.758036+00:00", "symbol": "ETH-USD"}, {"trade_id": 667629728, "side": "sell", "size": "0.00010336", "price": "3079.06000000", "time": "2025-07-15T22:37:56.579113Z", "fetched_at": "2025-07-15T22:39:32.758036+00:00", "symbol": "ETH-USD"}, {"trade_id": 667629727, "side": "buy", "size": "0.05318531", "price": "3078.98000000", "time": "2025-07-15T22:37:56.310652Z", "fetched_at": "2025-07-15T22:39:32.758036+00:00", "symbol": "ETH-USD"}, {"trade_id": 667629726, "side": "buy", "size": "0.00324782", "price": "3078.99000000", "time": "2025-07-15T22:37:56.310652Z", "fetched_at": "2025-07-15T22:39:32.758036+00:00", "symbol": "ETH-USD"}, {"trade_id": 667629725, "side": "sell", "size": "0.25218677", "price": "3079.33000000", "time": "2025-07-15T22:37:56.274868Z", "fetched_at": "2025-07-15T22:39:32.758036+00:00", "symbol": "ETH-USD"}, {"trade_id": 667629724, "side": "sell", "size": "0.00021423", "price": "3079.06000000", "time": "2025-07-15T22:37:56.274868Z", "fetched_at": "2025-07-15T22:39:32.758036+00:00", "symbol": "ETH-USD"}, {"trade_id": 667629723, "side": "sell", "size": "0.00010335", "price": "3079.06000000", "time": "2025-07-15T22:37:56.274868Z", "fetched_at": "2025-07-15T22:39:32.758036+00:00", "symbol": "ETH-USD"}, {"trade_id": 667629722, "side": "buy", "size": "0.10458833", "price": "3079.05000000", "time": "2025-07-15T22:37:56.126224Z", "fetched_at": "2025-07-15T22:39:32.758036+00:00", "symbol": "ETH-USD"}, {"trade_id": 667629721, "side": "buy", "size": "0.16238774", "price": "3079.05000000", "time": "2025-07-15T22:37:56.126224Z", "fetched_at": "2025-07-15T22:39:32.758036+00:00", "symbol": "ETH-USD"}, {"trade_id": 667629720, "side": "sell", "size": "0.00680435", "price": "3079.33000000", "time": "2025-07-15T22:37:54.909189Z", "fetched_at": "2025-07-15T22:39:32.758036+00:00", "symbol": "ETH-USD"}, {"trade_id": 667629719, "side": "sell", "size": "0.00007249", "price": "3079.21000000", "time": "2025-07-15T22:37:54.909189Z", "fetched_at": "2025-07-15T22:39:32.758036+00:00", "symbol": "ETH-USD"}, {"trade_id": 667629718, "side": "sell", "size": "0.00010334", "price": "3079.21000000", "time": "2025-07-15T22:37:54.909189Z", "fetched_at": "2025-07-15T22:39:32.758036+00:00", "symbol": "ETH-USD"}, {"trade_id": 667629717, "side": "sell", "size": "0.00024004", "price": "3079.16000000", "time": "2025-07-15T22:37:54.909189Z", "fetched_at": "2025-07-15T22:39:32.758036+00:00", "symbol": "ETH-USD"}, {"trade_id": 667629716, "side": "sell", "size": "0.00048096", "price": "3079.06000000", "time": "2025-07-15T22:37:54.909189Z", "fetched_at": "2025-07-15T22:39:32.758036+00:00", "symbol": "ETH-USD"}, {"trade_id": 667629715, "side": "sell", "size": "0.00017335", "price": "3079.16000000", "time": "2025-07-15T22:37:54.775868Z", "fetched_at": "2025-07-15T22:39:32.758036+00:00", "symbol": "ETH-USD"}, {"trade_id": 667629714, "side": "sell", "size": "0.00002048", "price": "3078.66000000", "time": "2025-07-15T22:37:53.779143Z", "fetched_at": "2025-07-15T22:39:32.758036+00:00", "symbol": "ETH-USD"}, {"trade_id": 667629713, "side": "sell", "size": "0.00017142", "price": "3078.66000000", "time": "2025-07-15T22:37:53.779143Z", "fetched_at": "2025-07-15T22:39:32.758036+00:00", "symbol": "ETH-USD"}, {"trade_id": 667629712, "side": "buy", "size": "0.23219135", "price": "3078.65000000", "time": "2025-07-15T22:37:53.350138Z", "fetched_at": "2025-07-15T22:39:32.758036+00:00", "symbol": "ETH-USD"}, {"trade_id": 667629711, "side": "buy", "size": "0.04555571", "price": "3078.65000000", "time": "2025-07-15T22:37:53.038616Z", "fetched_at": "2025-07-15T22:39:32.758036+00:00", "symbol": "ETH-USD"}, {"trade_id": 667629710, "side": "sell", "size": "0.06479649", "price": "3078.47000000", "time": "2025-07-15T22:37:52.669617Z", "fetched_at": "2025-07-15T22:39:32.758036+00:00", "symbol": "ETH-USD"}, {"trade_id": 667629709, "side": "buy", "size": "0.10686497", "price": "3078.46000000", "time": "2025-07-15T22:37:52.614230Z", "fetched_at": "2025-07-15T22:39:32.758036+00:00", "symbol": "ETH-USD"}, {"trade_id": 667629708, "side": "buy", "size": "0.00160819", "price": "3078.46000000", "time": "2025-07-15T22:37:52.575083Z", "fetched_at": "2025-07-15T22:39:32.758036+00:00", "symbol": "ETH-USD"}, {"trade_id": 667629707, "side": "sell", "size": "0.00946972", "price": "3078.33000000", "time": "2025-07-15T22:37:51.712078Z", "fetched_at": "2025-07-15T22:39:32.758036+00:00", "symbol": "ETH-USD"}, {"trade_id": 667629706, "side": "buy", "size": "0.00045637", "price": "3078.32000000", "time": "2025-07-15T22:37:51.011960Z", "fetched_at": "2025-07-15T22:39:32.758036+00:00", "symbol": "ETH-USD"}, {"trade_id": 667629705, "side": "sell", "size": "0.01620000", "price": "3078.33000000", "time": "2025-07-15T22:37:50.100408Z", "fetched_at": "2025-07-15T22:39:32.758036+00:00", "symbol": "ETH-USD"}, {"trade_id": 667629704, "side": "sell", "size": "0.42000000", "price": "3078.36000000", "time": "2025-07-15T22:37:50.036185Z", "fetched_at": "2025-07-15T22:39:32.758036+00:00", "symbol": "ETH-USD"}, {"trade_id": 667629703, "side": "sell", "size": "0.00009157", "price": "3078.53000000", "time": "2025-07-15T22:37:48.990449Z", "fetched_at": "2025-07-15T22:39:32.758036+00:00", "symbol": "ETH-USD"}, {"trade_id": 667629702, "side": "sell", "size": "0.00152744", "price": "3078.64000000", "time": "2025-07-15T22:37:48.584784Z", "fetched_at": "2025-07-15T22:39:32.758036+00:00", "symbol": "ETH-USD"}, {"trade_id": 667629701, "side": "sell", "size": "0.00319813", "price": "3078.64000000", "time": "2025-07-15T22:37:48.581938Z", "fetched_at": "2025-07-15T22:39:32.758036+00:00", "symbol": "ETH-USD"}, {"trade_id": 667629700, "side": "sell", "size": "0.00056410", "price": "3078.59000000", "time": "2025-07-15T22:37:48.581938Z", "fetched_at": "2025-07-15T22:39:32.758036+00:00", "symbol": "ETH-USD"}, {"trade_id": 667629699, "side": "sell", "size": "0.00006860", "price": "3078.66000000", "time": "2025-07-15T22:37:47.293183Z", "fetched_at": "2025-07-15T22:39:32.758036+00:00", "symbol": "ETH-USD"}, {"trade_id": 667629698, "side": "sell", "size": "0.00005589", "price": "3078.66000000", "time": "2025-07-15T22:37:47.293183Z", "fetched_at": "2025-07-15T22:39:32.758036+00:00", "symbol": "ETH-USD"}, {"trade_id": 667629697, "side": "sell", "size": "0.01781949", "price": "3078.65000000", "time": "2025-07-15T22:37:46.991034Z", "fetched_at": "2025-07-15T22:39:32.758036+00:00", "symbol": "ETH-USD"}, {"trade_id": 667629696, "side": "buy", "size": "0.34452057", "price": "3078.76000000", "time": "2025-07-15T22:37:46.492809Z", "fetched_at": "2025-07-15T22:39:32.758036+00:00", "symbol": "ETH-USD"}, {"trade_id": 667629695, "side": "buy", "size": "0.12990825", "price": "3079.26000000", "time": "2025-07-15T22:37:45.838083Z", "fetched_at": "2025-07-15T22:39:32.758036+00:00", "symbol": "ETH-USD"}, {"trade_id": 667629694, "side": "sell", "size": "1.20000000", "price": "3079.31000000", "time": "2025-07-15T22:37:45.603966Z", "fetched_at": "2025-07-15T22:39:32.758036+00:00", "symbol": "ETH-USD"}, {"trade_id": 667629693, "side": "sell", "size": "0.00100000", "price": "3079.24000000", "time": "2025-07-15T22:37:45.603966Z", "fetched_at": "2025-07-15T22:39:32.758036+00:00", "symbol": "ETH-USD"}, {"trade_id": 667629692, "side": "sell", "size": "1.00000000", "price": "3079.11000000", "time": "2025-07-15T22:37:45.603966Z", "fetched_at": "2025-07-15T22:39:32.758036+00:00", "symbol": "ETH-USD"}, {"trade_id": 667629691, "side": "sell", "size": "0.94500000", "price": "3079.10000000", "time": "2025-07-15T22:37:45.603966Z", "fetched_at": "2025-07-15T22:39:32.758036+00:00", "symbol": "ETH-USD"}, {"trade_id": 667629690, "side": "sell", "size": "0.31978426", "price": "3079.10000000", "time": "2025-07-15T22:37:45.603966Z", "fetched_at": "2025-07-15T22:39:32.758036+00:00", "symbol": "ETH-USD"}, {"trade_id": 667629689, "side": "sell", "size": "0.42449486", "price": "3079.08000000", "time": "2025-07-15T22:37:45.603966Z", "fetched_at": "2025-07-15T22:39:32.758036+00:00", "symbol": "ETH-USD"}, {"trade_id": 667629688, "side": "sell", "size": "0.38772637", "price": "3079.07000000", "time": "2025-07-15T22:37:45.603966Z", "fetched_at": "2025-07-15T22:39:32.758036+00:00", "symbol": "ETH-USD"}, {"trade_id": 667629687, "side": "sell", "size": "0.25422260", "price": "3079.03000000", "time": "2025-07-15T22:37:45.603966Z", "fetched_at": "2025-07-15T22:39:32.758036+00:00", "symbol": "ETH-USD"}, {"trade_id": 667629686, "side": "sell", "size": "1.30000000", "price": "3079.01000000", "time": "2025-07-15T22:37:45.603966Z", "fetched_at": "2025-07-15T22:39:32.758036+00:00", "symbol": "ETH-USD"}, {"trade_id": 667629685, "side": "sell", "size": "0.00100000", "price": "3079.01000000", "time": "2025-07-15T22:37:45.603966Z", "fetched_at": "2025-07-15T22:39:32.758036+00:00", "symbol": "ETH-USD"}, {"trade_id": 667629684, "side": "sell", "size": "0.60653268", "price": "3079.00000000", "time": "2025-07-15T22:37:45.603966Z", "fetched_at": "2025-07-15T22:39:32.758036+00:00", "symbol": "ETH-USD"}, {"trade_id": 667629683, "side": "sell", "size": "0.31286587", "price": "3078.98000000", "time": "2025-07-15T22:37:45.603966Z", "fetched_at": "2025-07-15T22:39:32.758036+00:00", "symbol": "ETH-USD"}, {"trade_id": 667629682, "side": "sell", "size": "0.68367652", "price": "3078.97000000", "time": "2025-07-15T22:37:45.603966Z", "fetched_at": "2025-07-15T22:39:32.758036+00:00", "symbol": "ETH-USD"}, {"trade_id": 667629681, "side": "sell", "size": "0.12828332", "price": "3078.97000000", "time": "2025-07-15T22:37:45.602738Z", "fetched_at": "2025-07-15T22:39:32.758036+00:00", "symbol": "ETH-USD"}, {"trade_id": 667629680, "side": "sell", "size": "0.36714495", "price": "3078.95000000", "time": "2025-07-15T22:37:45.602738Z", "fetched_at": "2025-07-15T22:39:32.758036+00:00", "symbol": "ETH-USD"}, {"trade_id": 667629679, "side": "sell", "size": "0.37942366", "price": "3078.93000000", "time": "2025-07-15T22:37:45.602738Z", "fetched_at": "2025-07-15T22:39:32.758036+00:00", "symbol": "ETH-USD"}, {"trade_id": 667629678, "side": "sell", "size": "0.35497636", "price": "3078.91000000", "time": "2025-07-15T22:37:45.602738Z", "fetched_at": "2025-07-15T22:39:32.758036+00:00", "symbol": "ETH-USD"}, {"trade_id": 667629677, "side": "sell", "size": "0.09867216", "price": "3078.90000000", "time": "2025-07-15T22:37:45.602738Z", "fetched_at": "2025-07-15T22:39:32.758036+00:00", "symbol": "ETH-USD"}, {"trade_id": 667629676, "side": "sell", "size": "0.16239862", "price": "3078.85000000", "time": "2025-07-15T22:37:45.602738Z", "fetched_at": "2025-07-15T22:39:32.758036+00:00", "symbol": "ETH-USD"}, {"trade_id": 667629675, "side": "sell", "size": "0.00010335", "price": "3078.65000000", "time": "2025-07-15T22:37:45.602738Z", "fetched_at": "2025-07-15T22:39:32.758036+00:00", "symbol": "ETH-USD"}, {"trade_id": 667629674, "side": "sell", "size": "0.00005588", "price": "3078.65000000", "time": "2025-07-15T22:37:45.602738Z", "fetched_at": "2025-07-15T22:39:32.758036+00:00", "symbol": "ETH-USD"}, {"trade_id": 667629673, "side": "sell", "size": "0.00024002", "price": "3078.65000000", "time": "2025-07-15T22:37:45.602738Z", "fetched_at": "2025-07-15T22:39:32.758036+00:00", "symbol": "ETH-USD"}, {"trade_id": 667629672, "side": "sell", "size": "0.00067234", "price": "3078.49000000", "time": "2025-07-15T22:37:45.602738Z", "fetched_at": "2025-07-15T22:39:32.758036+00:00", "symbol": "ETH-USD"}, {"trade_id": 667629671, "side": "buy", "size": "0.00002283", "price": "3078.48000000", "time": "2025-07-15T22:37:42.983506Z", "fetched_at": "2025-07-15T22:39:32.758036+00:00", "symbol": "ETH-USD"}, {"trade_id": 667629670, "side": "buy", "size": "0.08755748", "price": "3078.47000000", "time": "2025-07-15T22:37:41.484113Z", "fetched_at": "2025-07-15T22:39:32.758036+00:00", "symbol": "ETH-USD"}, {"trade_id": 667629669, "side": "buy", "size": "0.01086708", "price": "3078.61000000", "time": "2025-07-15T22:37:41.484113Z", "fetched_at": "2025-07-15T22:39:32.758036+00:00", "symbol": "ETH-USD"}, {"trade_id": 667629668, "side": "sell", "size": "0.00335833", "price": "3078.95000000", "time": "2025-07-15T22:37:39.642128Z", "fetched_at": "2025-07-15T22:39:32.758036+00:00", "symbol": "ETH-USD"}, {"trade_id": 667629667, "side": "sell", "size": "0.00060143", "price": "3078.65000000", "time": "2025-07-15T22:37:39.642128Z", "fetched_at": "2025-07-15T22:39:32.758036+00:00", "symbol": "ETH-USD"}, {"trade_id": 667629666, "side": "sell", "size": "0.02502704", "price": "3078.89000000", "time": "2025-07-15T22:37:39.053580Z", "fetched_at": "2025-07-15T22:39:32.758036+00:00", "symbol": "ETH-USD"}, {"trade_id": 667629665, "side": "sell", "size": "0.81198885", "price": "3078.86000000", "time": "2025-07-15T22:37:39.053580Z", "fetched_at": "2025-07-15T22:39:32.758036+00:00", "symbol": "ETH-USD"}, {"trade_id": 667629664, "side": "sell", "size": "0.16239955", "price": "3078.83000000", "time": "2025-07-15T22:37:39.053580Z", "fetched_at": "2025-07-15T22:39:32.758036+00:00", "symbol": "ETH-USD"}, {"trade_id": 667629663, "side": "sell", "size": "0.00058456", "price": "3078.50000000", "time": "2025-07-15T22:37:39.053580Z", "fetched_at": "2025-07-15T22:39:32.758036+00:00", "symbol": "ETH-USD"}, {"trade_id": 667629662, "side": "buy", "size": "0.01249106", "price": "3078.49000000", "time": "2025-07-15T22:37:38.131984Z", "fetched_at": "2025-07-15T22:39:32.758036+00:00", "symbol": "ETH-USD"}, {"trade_id": 667629661, "side": "buy", "size": "0.39159116", "price": "3078.30000000", "time": "2025-07-15T22:37:37.592559Z", "fetched_at": "2025-07-15T22:39:32.758036+00:00", "symbol": "ETH-USD"}, {"trade_id": 667629660, "side": "buy", "size": "0.12989829", "price": "3078.49000000", "time": "2025-07-15T22:37:37.592559Z", "fetched_at": "2025-07-15T22:39:32.758036+00:00", "symbol": "ETH-USD"}, {"trade_id": 667629659, "side": "sell", "size": "0.01047004", "price": "3078.99000000", "time": "2025-07-15T22:37:37.189573Z", "fetched_at": "2025-07-15T22:39:32.758036+00:00", "symbol": "ETH-USD"}, {"trade_id": 667629658, "side": "sell", "size": "0.00045226", "price": "3078.98000000", "time": "2025-07-15T22:37:37.189573Z", "fetched_at": "2025-07-15T22:39:32.758036+00:00", "symbol": "ETH-USD"}, {"trade_id": 667629657, "side": "sell", "size": "0.00000235", "price": "3078.84000000", "time": "2025-07-15T22:37:37.189573Z", "fetched_at": "2025-07-15T22:39:32.758036+00:00", "symbol": "ETH-USD"}, {"trade_id": 667629656, "side": "sell", "size": "0.00000235", "price": "3078.83000000", "time": "2025-07-15T22:37:37.189573Z", "fetched_at": "2025-07-15T22:39:32.758036+00:00", "symbol": "ETH-USD"}, {"trade_id": 667629655, "side": "sell", "size": "0.00000234", "price": "3078.82000000", "time": "2025-07-15T22:37:37.189573Z", "fetched_at": "2025-07-15T22:39:32.758036+00:00", "symbol": "ETH-USD"}, {"trade_id": 667629654, "side": "sell", "size": "0.00100000", "price": "3078.78000000", "time": "2025-07-15T22:37:37.189573Z", "fetched_at": "2025-07-15T22:39:32.758036+00:00", "symbol": "ETH-USD"}, {"trade_id": 667629653, "side": "sell", "size": "0.00010335", "price": "3078.51000000", "time": "2025-07-15T22:37:37.189573Z", "fetched_at": "2025-07-15T22:39:32.758036+00:00", "symbol": "ETH-USD"}, {"trade_id": 667629652, "side": "sell", "size": "0.00005589", "price": "3078.51000000", "time": "2025-07-15T22:37:37.189573Z", "fetched_at": "2025-07-15T22:39:32.758036+00:00", "symbol": "ETH-USD"}, {"trade_id": 667629651, "side": "sell", "size": "0.00024005", "price": "3078.51000000", "time": "2025-07-15T22:37:37.189573Z", "fetched_at": "2025-07-15T22:39:32.758036+00:00", "symbol": "ETH-USD"}, {"trade_id": 667629650, "side": "sell", "size": "0.15635690", "price": "3078.73000000", "time": "2025-07-15T22:37:35.016242Z", "fetched_at": "2025-07-15T22:39:32.758036+00:00", "symbol": "ETH-USD"}, {"trade_id": 667629649, "side": "sell", "size": "0.00065091", "price": "3078.72000000", "time": "2025-07-15T22:37:35.016242Z", "fetched_at": "2025-07-15T22:39:32.758036+00:00", "symbol": "ETH-USD"}, {"trade_id": 667629648, "side": "sell", "size": "0.00169289", "price": "3078.60000000", "time": "2025-07-15T22:37:35.016242Z", "fetched_at": "2025-07-15T22:39:32.758036+00:00", "symbol": "ETH-USD"}, {"trade_id": 667629647, "side": "sell", "size": "0.00100000", "price": "3078.55000000", "time": "2025-07-15T22:37:35.016242Z", "fetched_at": "2025-07-15T22:39:32.758036+00:00", "symbol": "ETH-USD"}, {"trade_id": 667629646, "side": "sell", "size": "0.47779246", "price": "3078.42000000", "time": "2025-07-15T22:37:35.016242Z", "fetched_at": "2025-07-15T22:39:32.758036+00:00", "symbol": "ETH-USD"}, {"trade_id": 667629645, "side": "sell", "size": "0.03082750", "price": "3078.42000000", "time": "2025-07-15T22:37:34.523596Z", "fetched_at": "2025-07-15T22:39:32.758036+00:00", "symbol": "ETH-USD"}, {"trade_id": 667629644, "side": "sell", "size": "0.01541090", "price": "3078.42000000", "time": "2025-07-15T22:37:33.883090Z", "fetched_at": "2025-07-15T22:39:32.758036+00:00", "symbol": "ETH-USD"}, {"trade_id": 667629643, "side": "sell", "size": "0.59087663", "price": "3078.27000000", "time": "2025-07-15T22:37:33.714634Z", "fetched_at": "2025-07-15T22:39:32.758036+00:00", "symbol": "ETH-USD"}, {"trade_id": 667629642, "side": "sell", "size": "0.00056836", "price": "3078.23000000", "time": "2025-07-15T22:37:33.714634Z", "fetched_at": "2025-07-15T22:39:32.758036+00:00", "symbol": "ETH-USD"}, {"trade_id": 667629641, "side": "sell", "size": "0.09417432", "price": "3078.27000000", "time": "2025-07-15T22:37:33.539716Z", "fetched_at": "2025-07-15T22:39:32.758036+00:00", "symbol": "ETH-USD"}, {"trade_id": 667629640, "side": "sell", "size": "0.00056836", "price": "3078.23000000", "time": "2025-07-15T22:37:33.539716Z", "fetched_at": "2025-07-15T22:39:32.758036+00:00", "symbol": "ETH-USD"}