[{"trade_id": 667705183, "side": "buy", "size": "0.03865115", "price": "3134.77000000", "time": "2025-07-16T01:10:47.852761Z", "fetched_at": "2025-07-16T01:10:49.291917+00:00", "symbol": "ETH-USD"}, {"trade_id": 667705182, "side": "buy", "size": "0.17065000", "price": "3134.89000000", "time": "2025-07-16T01:10:46.428578Z", "fetched_at": "2025-07-16T01:10:49.291917+00:00", "symbol": "ETH-USD"}, {"trade_id": 667705181, "side": "buy", "size": "0.17065000", "price": "3134.96000000", "time": "2025-07-16T01:10:46.385392Z", "fetched_at": "2025-07-16T01:10:49.291917+00:00", "symbol": "ETH-USD"}, {"trade_id": 667705180, "side": "sell", "size": "0.30000000", "price": "3134.60000000", "time": "2025-07-16T01:10:46.364547Z", "fetched_at": "2025-07-16T01:10:49.291917+00:00", "symbol": "ETH-USD"}, {"trade_id": 667705179, "side": "sell", "size": "0.25500000", "price": "3134.50000000", "time": "2025-07-16T01:10:46.360969Z", "fetched_at": "2025-07-16T01:10:49.291917+00:00", "symbol": "ETH-USD"}, {"trade_id": 667705178, "side": "buy", "size": "0.00040296", "price": "3134.48000000", "time": "2025-07-16T01:10:46.224212Z", "fetched_at": "2025-07-16T01:10:49.291917+00:00", "symbol": "ETH-USD"}, {"trade_id": 667705177, "side": "buy", "size": "0.00040296", "price": "3134.48000000", "time": "2025-07-16T01:10:46.211660Z", "fetched_at": "2025-07-16T01:10:49.291917+00:00", "symbol": "ETH-USD"}, {"trade_id": 667705176, "side": "buy", "size": "0.00040297", "price": "3134.44000000", "time": "2025-07-16T01:10:46.154141Z", "fetched_at": "2025-07-16T01:10:49.291917+00:00", "symbol": "ETH-USD"}, {"trade_id": 667705175, "side": "buy", "size": "0.00000638", "price": "3134.40000000", "time": "2025-07-16T01:10:46.144799Z", "fetched_at": "2025-07-16T01:10:49.291917+00:00", "symbol": "ETH-USD"}, {"trade_id": 667705174, "side": "buy", "size": "0.00040297", "price": "3134.44000000", "time": "2025-07-16T01:10:46.144799Z", "fetched_at": "2025-07-16T01:10:49.291917+00:00", "symbol": "ETH-USD"}, {"trade_id": 667705173, "side": "buy", "size": "0.00040297", "price": "3134.44000000", "time": "2025-07-16T01:10:46.132653Z", "fetched_at": "2025-07-16T01:10:49.291917+00:00", "symbol": "ETH-USD"}, {"trade_id": 667705172, "side": "buy", "size": "0.00040297", "price": "3134.44000000", "time": "2025-07-16T01:10:46.121856Z", "fetched_at": "2025-07-16T01:10:49.291917+00:00", "symbol": "ETH-USD"}, {"trade_id": 667705171, "side": "buy", "size": "0.00040297", "price": "3134.40000000", "time": "2025-07-16T01:10:46.101921Z", "fetched_at": "2025-07-16T01:10:49.291917+00:00", "symbol": "ETH-USD"}, {"trade_id": 667705170, "side": "buy", "size": "0.12702271", "price": "3134.40000000", "time": "2025-07-16T01:10:46.086513Z", "fetched_at": "2025-07-16T01:10:49.291917+00:00", "symbol": "ETH-USD"}, {"trade_id": 667705169, "side": "buy", "size": "0.00040186", "price": "3134.49000000", "time": "2025-07-16T01:10:46.071178Z", "fetched_at": "2025-07-16T01:10:49.291917+00:00", "symbol": "ETH-USD"}, {"trade_id": 667705168, "side": "sell", "size": "0.01550221", "price": "3134.50000000", "time": "2025-07-16T01:10:45.421792Z", "fetched_at": "2025-07-16T01:10:49.291917+00:00", "symbol": "ETH-USD"}, {"trade_id": 667705167, "side": "sell", "size": "0.02950000", "price": "3134.50000000", "time": "2025-07-16T01:10:45.012858Z", "fetched_at": "2025-07-16T01:10:49.291917+00:00", "symbol": "ETH-USD"}, {"trade_id": 667705166, "side": "sell", "size": "0.31847544", "price": "3134.50000000", "time": "2025-07-16T01:10:44.545862Z", "fetched_at": "2025-07-16T01:10:49.291917+00:00", "symbol": "ETH-USD"}, {"trade_id": 667705165, "side": "sell", "size": "0.15807958", "price": "3134.41000000", "time": "2025-07-16T01:10:44.545862Z", "fetched_at": "2025-07-16T01:10:49.291917+00:00", "symbol": "ETH-USD"}, {"trade_id": 667705164, "side": "buy", "size": "0.36668113", "price": "3134.06000000", "time": "2025-07-16T01:10:43.490475Z", "fetched_at": "2025-07-16T01:10:49.291917+00:00", "symbol": "ETH-USD"}, {"trade_id": 667705163, "side": "buy", "size": "0.00099867", "price": "3134.16000000", "time": "2025-07-16T01:10:43.490475Z", "fetched_at": "2025-07-16T01:10:49.291917+00:00", "symbol": "ETH-USD"}, {"trade_id": 667705162, "side": "buy", "size": "0.00100000", "price": "3134.16000000", "time": "2025-07-16T01:10:43.490475Z", "fetched_at": "2025-07-16T01:10:49.291917+00:00", "symbol": "ETH-USD"}, {"trade_id": 667705161, "side": "buy", "size": "0.00032020", "price": "3134.40000000", "time": "2025-07-16T01:10:43.490475Z", "fetched_at": "2025-07-16T01:10:49.291917+00:00", "symbol": "ETH-USD"}, {"trade_id": 667705160, "side": "buy", "size": "0.00100000", "price": "3134.40000000", "time": "2025-07-16T01:10:43.490475Z", "fetched_at": "2025-07-16T01:10:49.291917+00:00", "symbol": "ETH-USD"}, {"trade_id": 667705159, "side": "sell", "size": "0.00144007", "price": "3134.41000000", "time": "2025-07-16T01:10:43.049996Z", "fetched_at": "2025-07-16T01:10:49.291917+00:00", "symbol": "ETH-USD"}, {"trade_id": 667705158, "side": "buy", "size": "0.00035114", "price": "3134.56000000", "time": "2025-07-16T01:10:42.921713Z", "fetched_at": "2025-07-16T01:10:49.291917+00:00", "symbol": "ETH-USD"}, {"trade_id": 667705157, "side": "buy", "size": "0.08994089", "price": "3134.58000000", "time": "2025-07-16T01:10:42.899112Z", "fetched_at": "2025-07-16T01:10:49.291917+00:00", "symbol": "ETH-USD"}, {"trade_id": 667705156, "side": "buy", "size": "0.00035174", "price": "3134.66000000", "time": "2025-07-16T01:10:42.889748Z", "fetched_at": "2025-07-16T01:10:49.291917+00:00", "symbol": "ETH-USD"}, {"trade_id": 667705155, "side": "buy", "size": "0.03336111", "price": "3134.58000000", "time": "2025-07-16T01:10:42.247979Z", "fetched_at": "2025-07-16T01:10:49.291917+00:00", "symbol": "ETH-USD"}, {"trade_id": 667705154, "side": "buy", "size": "0.00034574", "price": "3134.59000000", "time": "2025-07-16T01:10:42.247979Z", "fetched_at": "2025-07-16T01:10:49.291917+00:00", "symbol": "ETH-USD"}, {"trade_id": 667705153, "side": "sell", "size": "0.11207169", "price": "3134.82000000", "time": "2025-07-16T01:10:42.058880Z", "fetched_at": "2025-07-16T01:10:49.291917+00:00", "symbol": "ETH-USD"}, {"trade_id": 667705152, "side": "sell", "size": "0.00106251", "price": "3134.80000000", "time": "2025-07-16T01:10:42.058880Z", "fetched_at": "2025-07-16T01:10:49.291917+00:00", "symbol": "ETH-USD"}, {"trade_id": 667705151, "side": "buy", "size": "0.11114868", "price": "3134.79000000", "time": "2025-07-16T01:10:41.254114Z", "fetched_at": "2025-07-16T01:10:49.291917+00:00", "symbol": "ETH-USD"}, {"trade_id": 667705150, "side": "buy", "size": "0.14171104", "price": "3134.79000000", "time": "2025-07-16T01:10:40.579088Z", "fetched_at": "2025-07-16T01:10:49.291917+00:00", "symbol": "ETH-USD"}, {"trade_id": 667705149, "side": "buy", "size": "0.00033624", "price": "3134.79000000", "time": "2025-07-16T01:10:40.579088Z", "fetched_at": "2025-07-16T01:10:49.291917+00:00", "symbol": "ETH-USD"}, {"trade_id": 667705148, "side": "buy", "size": "0.17065000", "price": "3134.79000000", "time": "2025-07-16T01:10:40.579088Z", "fetched_at": "2025-07-16T01:10:49.291917+00:00", "symbol": "ETH-USD"}, {"trade_id": 667705147, "side": "sell", "size": "0.00464897", "price": "3134.80000000", "time": "2025-07-16T01:10:40.517750Z", "fetched_at": "2025-07-16T01:10:49.291917+00:00", "symbol": "ETH-USD"}, {"trade_id": 667705146, "side": "sell", "size": "0.15180743", "price": "3135.00000000", "time": "2025-07-16T01:10:39.624750Z", "fetched_at": "2025-07-16T01:10:49.291917+00:00", "symbol": "ETH-USD"}, {"trade_id": 667705145, "side": "sell", "size": "0.00318995", "price": "3134.99000000", "time": "2025-07-16T01:10:39.624750Z", "fetched_at": "2025-07-16T01:10:49.291917+00:00", "symbol": "ETH-USD"}, {"trade_id": 667705144, "side": "sell", "size": "0.00350999", "price": "3134.97000000", "time": "2025-07-16T01:10:38.522960Z", "fetched_at": "2025-07-16T01:10:49.291917+00:00", "symbol": "ETH-USD"}, {"trade_id": 667705143, "side": "sell", "size": "0.02906899", "price": "3135.00000000", "time": "2025-07-16T01:10:37.278317Z", "fetched_at": "2025-07-16T01:10:49.291917+00:00", "symbol": "ETH-USD"}, {"trade_id": 667705142, "side": "sell", "size": "0.00006961", "price": "3135.00000000", "time": "2025-07-16T01:10:37.278317Z", "fetched_at": "2025-07-16T01:10:49.291917+00:00", "symbol": "ETH-USD"}, {"trade_id": 667705141, "side": "sell", "size": "0.05927000", "price": "3135.00000000", "time": "2025-07-16T01:10:37.278317Z", "fetched_at": "2025-07-16T01:10:49.291917+00:00", "symbol": "ETH-USD"}, {"trade_id": 667705140, "side": "sell", "size": "0.06340819", "price": "3135.00000000", "time": "2025-07-16T01:10:37.278317Z", "fetched_at": "2025-07-16T01:10:49.291917+00:00", "symbol": "ETH-USD"}, {"trade_id": 667705139, "side": "sell", "size": "0.00318999", "price": "3134.99000000", "time": "2025-07-16T01:10:37.278317Z", "fetched_at": "2025-07-16T01:10:49.291917+00:00", "symbol": "ETH-USD"}, {"trade_id": 667705138, "side": "sell", "size": "0.09076568", "price": "3135.00000000", "time": "2025-07-16T01:10:36.952811Z", "fetched_at": "2025-07-16T01:10:49.291917+00:00", "symbol": "ETH-USD"}, {"trade_id": 667705137, "side": "buy", "size": "0.15151857", "price": "3134.80000000", "time": "2025-07-16T01:10:36.358132Z", "fetched_at": "2025-07-16T01:10:49.291917+00:00", "symbol": "ETH-USD"}, {"trade_id": 667705136, "side": "buy", "size": "0.17065000", "price": "3134.99000000", "time": "2025-07-16T01:10:36.358132Z", "fetched_at": "2025-07-16T01:10:49.291917+00:00", "symbol": "ETH-USD"}, {"trade_id": 667705135, "side": "sell", "size": "0.01395075", "price": "3135.00000000", "time": "2025-07-16T01:10:36.174320Z", "fetched_at": "2025-07-16T01:10:49.291917+00:00", "symbol": "ETH-USD"}, {"trade_id": 667705134, "side": "sell", "size": "0.03024052", "price": "3134.98000000", "time": "2025-07-16T01:10:35.589683Z", "fetched_at": "2025-07-16T01:10:49.291917+00:00", "symbol": "ETH-USD"}, {"trade_id": 667705133, "side": "sell", "size": "0.00300053", "price": "3134.97000000", "time": "2025-07-16T01:10:35.589683Z", "fetched_at": "2025-07-16T01:10:49.291917+00:00", "symbol": "ETH-USD"}, {"trade_id": 667705132, "side": "sell", "size": "0.00018928", "price": "3134.97000000", "time": "2025-07-16T01:10:35.465215Z", "fetched_at": "2025-07-16T01:10:49.291917+00:00", "symbol": "ETH-USD"}, {"trade_id": 667705131, "side": "sell", "size": "0.00150011", "price": "3134.84000000", "time": "2025-07-16T01:10:34.940248Z", "fetched_at": "2025-07-16T01:10:49.291917+00:00", "symbol": "ETH-USD"}, {"trade_id": 667705130, "side": "sell", "size": "0.01549929", "price": "3134.84000000", "time": "2025-07-16T01:10:34.464582Z", "fetched_at": "2025-07-16T01:10:49.291917+00:00", "symbol": "ETH-USD"}, {"trade_id": 667705129, "side": "buy", "size": "0.99208825", "price": "3134.67000000", "time": "2025-07-16T01:10:33.171007Z", "fetched_at": "2025-07-16T01:10:49.291917+00:00", "symbol": "ETH-USD"}, {"trade_id": 667705128, "side": "buy", "size": "0.02693689", "price": "3134.99000000", "time": "2025-07-16T01:10:33.171007Z", "fetched_at": "2025-07-16T01:10:49.291917+00:00", "symbol": "ETH-USD"}, {"trade_id": 667705127, "side": "buy", "size": "0.00087700", "price": "3134.99000000", "time": "2025-07-16T01:10:33.171007Z", "fetched_at": "2025-07-16T01:10:49.291917+00:00", "symbol": "ETH-USD"}, {"trade_id": 667705126, "side": "sell", "size": "0.01512699", "price": "3135.00000000", "time": "2025-07-16T01:10:33.035695Z", "fetched_at": "2025-07-16T01:10:49.291917+00:00", "symbol": "ETH-USD"}, {"trade_id": 667705125, "side": "sell", "size": "0.00157887", "price": "3135.00000000", "time": "2025-07-16T01:10:32.136127Z", "fetched_at": "2025-07-16T01:10:49.291917+00:00", "symbol": "ETH-USD"}, {"trade_id": 667705124, "side": "sell", "size": "0.05589952", "price": "3135.00000000", "time": "2025-07-16T01:10:31.970945Z", "fetched_at": "2025-07-16T01:10:49.291917+00:00", "symbol": "ETH-USD"}, {"trade_id": 667705123, "side": "sell", "size": "0.00318982", "price": "3134.99000000", "time": "2025-07-16T01:10:31.970945Z", "fetched_at": "2025-07-16T01:10:49.291917+00:00", "symbol": "ETH-USD"}, {"trade_id": 667705122, "side": "sell", "size": "0.00010334", "price": "3134.99000000", "time": "2025-07-16T01:10:31.970945Z", "fetched_at": "2025-07-16T01:10:49.291917+00:00", "symbol": "ETH-USD"}, {"trade_id": 667705121, "side": "sell", "size": "0.00456003", "price": "3134.99000000", "time": "2025-07-16T01:10:30.111835Z", "fetched_at": "2025-07-16T01:10:49.291917+00:00", "symbol": "ETH-USD"}, {"trade_id": 667705120, "side": "sell", "size": "0.00318999", "price": "3134.99000000", "time": "2025-07-16T01:10:30.111835Z", "fetched_at": "2025-07-16T01:10:49.291917+00:00", "symbol": "ETH-USD"}, {"trade_id": 667705119, "side": "sell", "size": "0.03089672", "price": "3134.90000000", "time": "2025-07-16T01:10:29.597553Z", "fetched_at": "2025-07-16T01:10:49.291917+00:00", "symbol": "ETH-USD"}, {"trade_id": 667705118, "side": "sell", "size": "0.00010335", "price": "3134.82000000", "time": "2025-07-16T01:10:29.597553Z", "fetched_at": "2025-07-16T01:10:49.291917+00:00", "symbol": "ETH-USD"}, {"trade_id": 667705117, "side": "sell", "size": "0.02838814", "price": "3134.80000000", "time": "2025-07-16T01:10:28.938237Z", "fetched_at": "2025-07-16T01:10:49.291917+00:00", "symbol": "ETH-USD"}, {"trade_id": 667705116, "side": "sell", "size": "0.00319047", "price": "3134.74000000", "time": "2025-07-16T01:10:28.938237Z", "fetched_at": "2025-07-16T01:10:49.291917+00:00", "symbol": "ETH-USD"}, {"trade_id": 667705115, "side": "sell", "size": "0.00016238", "price": "3134.59000000", "time": "2025-07-16T01:10:28.372576Z", "fetched_at": "2025-07-16T01:10:49.291917+00:00", "symbol": "ETH-USD"}, {"trade_id": 667705114, "side": "sell", "size": "0.00453995", "price": "3134.42000000", "time": "2025-07-16T01:10:28.323166Z", "fetched_at": "2025-07-16T01:10:49.291917+00:00", "symbol": "ETH-USD"}, {"trade_id": 667705113, "side": "sell", "size": "0.00347101", "price": "3134.42000000", "time": "2025-07-16T01:10:28.253962Z", "fetched_at": "2025-07-16T01:10:49.291917+00:00", "symbol": "ETH-USD"}, {"trade_id": 667705112, "side": "sell", "size": "0.00763041", "price": "3134.50000000", "time": "2025-07-16T01:10:27.751988Z", "fetched_at": "2025-07-16T01:10:49.291917+00:00", "symbol": "ETH-USD"}, {"trade_id": 667705111, "side": "sell", "size": "0.00005588", "price": "3134.47000000", "time": "2025-07-16T01:10:27.751988Z", "fetched_at": "2025-07-16T01:10:49.291917+00:00", "symbol": "ETH-USD"}, {"trade_id": 667705110, "side": "sell", "size": "0.00024001", "price": "3134.47000000", "time": "2025-07-16T01:10:27.751988Z", "fetched_at": "2025-07-16T01:10:49.291917+00:00", "symbol": "ETH-USD"}, {"trade_id": 667705109, "side": "sell", "size": "0.00137361", "price": "3134.47000000", "time": "2025-07-16T01:10:27.751988Z", "fetched_at": "2025-07-16T01:10:49.291917+00:00", "symbol": "ETH-USD"}, {"trade_id": 667705108, "side": "buy", "size": "0.49604091", "price": "3134.17000000", "time": "2025-07-16T01:10:27.630601Z", "fetched_at": "2025-07-16T01:10:49.291917+00:00", "symbol": "ETH-USD"}, {"trade_id": 667705107, "side": "sell", "size": "0.01422935", "price": "3134.48000000", "time": "2025-07-16T01:10:27.487958Z", "fetched_at": "2025-07-16T01:10:49.291917+00:00", "symbol": "ETH-USD"}, {"trade_id": 667705106, "side": "sell", "size": "0.00126935", "price": "3134.47000000", "time": "2025-07-16T01:10:27.487958Z", "fetched_at": "2025-07-16T01:10:49.291917+00:00", "symbol": "ETH-USD"}, {"trade_id": 667705105, "side": "sell", "size": "0.02781221", "price": "3134.65000000", "time": "2025-07-16T01:10:26.927927Z", "fetched_at": "2025-07-16T01:10:49.291917+00:00", "symbol": "ETH-USD"}, {"trade_id": 667705104, "side": "sell", "size": "0.00319005", "price": "3134.64000000", "time": "2025-07-16T01:10:26.927927Z", "fetched_at": "2025-07-16T01:10:49.291917+00:00", "symbol": "ETH-USD"}, {"trade_id": 667705103, "side": "sell", "size": "0.12941107", "price": "3134.80000000", "time": "2025-07-16T01:10:26.537433Z", "fetched_at": "2025-07-16T01:10:49.291917+00:00", "symbol": "ETH-USD"}, {"trade_id": 667705102, "side": "sell", "size": "0.79750158", "price": "3134.79000000", "time": "2025-07-16T01:10:26.537433Z", "fetched_at": "2025-07-16T01:10:49.291917+00:00", "symbol": "ETH-USD"}, {"trade_id": 667705101, "side": "buy", "size": "0.03652212", "price": "3134.22000000", "time": "2025-07-16T01:10:26.492064Z", "fetched_at": "2025-07-16T01:10:49.291917+00:00", "symbol": "ETH-USD"}, {"trade_id": 667705100, "side": "buy", "size": "0.00033640", "price": "3134.23000000", "time": "2025-07-16T01:10:26.492064Z", "fetched_at": "2025-07-16T01:10:49.291917+00:00", "symbol": "ETH-USD"}, {"trade_id": 667705099, "side": "buy", "size": "0.02678526", "price": "3134.76000000", "time": "2025-07-16T01:10:26.492064Z", "fetched_at": "2025-07-16T01:10:49.291917+00:00", "symbol": "ETH-USD"}, {"trade_id": 667705098, "side": "sell", "size": "0.03650000", "price": "3134.77000000", "time": "2025-07-16T01:10:26.462977Z", "fetched_at": "2025-07-16T01:10:49.291917+00:00", "symbol": "ETH-USD"}, {"trade_id": 667705097, "side": "sell", "size": "0.07429226", "price": "3134.77000000", "time": "2025-07-16T01:10:26.335739Z", "fetched_at": "2025-07-16T01:10:49.291917+00:00", "symbol": "ETH-USD"}, {"trade_id": 667705096, "side": "sell", "size": "0.00318995", "price": "3134.77000000", "time": "2025-07-16T01:10:26.335739Z", "fetched_at": "2025-07-16T01:10:49.291917+00:00", "symbol": "ETH-USD"}, {"trade_id": 667705095, "side": "buy", "size": "0.01520519", "price": "3134.76000000", "time": "2025-07-16T01:10:25.667480Z", "fetched_at": "2025-07-16T01:10:49.291917+00:00", "symbol": "ETH-USD"}, {"trade_id": 667705094, "side": "sell", "size": "0.03167164", "price": "3134.77000000", "time": "2025-07-16T01:10:24.291198Z", "fetched_at": "2025-07-16T01:10:49.291917+00:00", "symbol": "ETH-USD"}, {"trade_id": 667705093, "side": "buy", "size": "0.00100000", "price": "3134.40000000", "time": "2025-07-16T01:10:23.814415Z", "fetched_at": "2025-07-16T01:10:49.291917+00:00", "symbol": "ETH-USD"}, {"trade_id": 667705092, "side": "buy", "size": "0.12522848", "price": "3134.75000000", "time": "2025-07-16T01:10:23.695917Z", "fetched_at": "2025-07-16T01:10:49.291917+00:00", "symbol": "ETH-USD"}, {"trade_id": 667705091, "side": "sell", "size": "0.16504057", "price": "3135.42000000", "time": "2025-07-16T01:10:23.200082Z", "fetched_at": "2025-07-16T01:10:49.291917+00:00", "symbol": "ETH-USD"}, {"trade_id": 667705090, "side": "sell", "size": "0.57001419", "price": "3135.37000000", "time": "2025-07-16T01:10:23.200082Z", "fetched_at": "2025-07-16T01:10:49.291917+00:00", "symbol": "ETH-USD"}, {"trade_id": 667705089, "side": "sell", "size": "0.10486168", "price": "3135.36000000", "time": "2025-07-16T01:10:23.200082Z", "fetched_at": "2025-07-16T01:10:49.291917+00:00", "symbol": "ETH-USD"}, {"trade_id": 667705088, "side": "sell", "size": "0.00100000", "price": "3135.36000000", "time": "2025-07-16T01:10:23.200082Z", "fetched_at": "2025-07-16T01:10:49.291917+00:00", "symbol": "ETH-USD"}, {"trade_id": 667705087, "side": "sell", "size": "0.08181340", "price": "3135.35000000", "time": "2025-07-16T01:10:23.200082Z", "fetched_at": "2025-07-16T01:10:49.291917+00:00", "symbol": "ETH-USD"}, {"trade_id": 667705086, "side": "sell", "size": "0.79739316", "price": "3135.22000000", "time": "2025-07-16T01:10:23.200082Z", "fetched_at": "2025-07-16T01:10:49.291917+00:00", "symbol": "ETH-USD"}, {"trade_id": 667705085, "side": "sell", "size": "0.65903590", "price": "3135.21000000", "time": "2025-07-16T01:10:23.200082Z", "fetched_at": "2025-07-16T01:10:49.291917+00:00", "symbol": "ETH-USD"}, {"trade_id": 667705084, "side": "sell", "size": "0.40000000", "price": "3135.12000000", "time": "2025-07-16T01:10:23.200082Z", "fetched_at": "2025-07-16T01:10:49.291917+00:00", "symbol": "ETH-USD"}, {"trade_id": 667705083, "side": "sell", "size": "0.20000000", "price": "3135.12000000", "time": "2025-07-16T01:10:23.200082Z", "fetched_at": "2025-07-16T01:10:49.291917+00:00", "symbol": "ETH-USD"}, {"trade_id": 667705082, "side": "sell", "size": "0.00100000", "price": "3135.12000000", "time": "2025-07-16T01:10:23.200082Z", "fetched_at": "2025-07-16T01:10:49.291917+00:00", "symbol": "ETH-USD"}, {"trade_id": 667705081, "side": "sell", "size": "0.94500000", "price": "3135.08000000", "time": "2025-07-16T01:10:23.200082Z", "fetched_at": "2025-07-16T01:10:49.291917+00:00", "symbol": "ETH-USD"}, {"trade_id": 667705080, "side": "sell", "size": "0.33321348", "price": "3135.08000000", "time": "2025-07-16T01:10:23.200082Z", "fetched_at": "2025-07-16T01:10:49.291917+00:00", "symbol": "ETH-USD"}, {"trade_id": 667705079, "side": "sell", "size": "0.43673585", "price": "3135.06000000", "time": "2025-07-16T01:10:23.200082Z", "fetched_at": "2025-07-16T01:10:49.291917+00:00", "symbol": "ETH-USD"}, {"trade_id": 667705078, "side": "sell", "size": "0.65138398", "price": "3135.06000000", "time": "2025-07-16T01:10:23.200082Z", "fetched_at": "2025-07-16T01:10:49.291917+00:00", "symbol": "ETH-USD"}, {"trade_id": 667705077, "side": "sell", "size": "0.30000000", "price": "3135.00000000", "time": "2025-07-16T01:10:23.200082Z", "fetched_at": "2025-07-16T01:10:49.291917+00:00", "symbol": "ETH-USD"}, {"trade_id": 667705076, "side": "sell", "size": "0.79745885", "price": "3134.96000000", "time": "2025-07-16T01:10:23.200082Z", "fetched_at": "2025-07-16T01:10:49.291917+00:00", "symbol": "ETH-USD"}, {"trade_id": 667705075, "side": "sell", "size": "0.10000000", "price": "3134.95000000", "time": "2025-07-16T01:10:23.200082Z", "fetched_at": "2025-07-16T01:10:49.291917+00:00", "symbol": "ETH-USD"}, {"trade_id": 667705074, "side": "sell", "size": "0.30000000", "price": "3134.90000000", "time": "2025-07-16T01:10:23.200082Z", "fetched_at": "2025-07-16T01:10:49.291917+00:00", "symbol": "ETH-USD"}, {"trade_id": 667705073, "side": "sell", "size": "0.00024000", "price": "3134.86000000", "time": "2025-07-16T01:10:23.200082Z", "fetched_at": "2025-07-16T01:10:49.291917+00:00", "symbol": "ETH-USD"}, {"trade_id": 667705072, "side": "sell", "size": "0.00005589", "price": "3134.86000000", "time": "2025-07-16T01:10:23.200082Z", "fetched_at": "2025-07-16T01:10:49.291917+00:00", "symbol": "ETH-USD"}, {"trade_id": 667705071, "side": "sell", "size": "0.00318992", "price": "3134.76000000", "time": "2025-07-16T01:10:23.200082Z", "fetched_at": "2025-07-16T01:10:49.291917+00:00", "symbol": "ETH-USD"}, {"trade_id": 667705070, "side": "sell", "size": "0.54050223", "price": "3134.84000000", "time": "2025-07-16T01:10:23.009294Z", "fetched_at": "2025-07-16T01:10:49.291917+00:00", "symbol": "ETH-USD"}, {"trade_id": 667705069, "side": "sell", "size": "0.10000000", "price": "3134.84000000", "time": "2025-07-16T01:10:23.009294Z", "fetched_at": "2025-07-16T01:10:49.291917+00:00", "symbol": "ETH-USD"}, {"trade_id": 667705068, "side": "sell", "size": "0.15949777", "price": "3134.84000000", "time": "2025-07-16T01:10:23.009294Z", "fetched_at": "2025-07-16T01:10:49.291917+00:00", "symbol": "ETH-USD"}, {"trade_id": 667705067, "side": "sell", "size": "0.10165539", "price": "3134.89000000", "time": "2025-07-16T01:10:22.378218Z", "fetched_at": "2025-07-16T01:10:49.291917+00:00", "symbol": "ETH-USD"}, {"trade_id": 667705066, "side": "sell", "size": "0.05665000", "price": "3134.89000000", "time": "2025-07-16T01:10:22.378218Z", "fetched_at": "2025-07-16T01:10:49.291917+00:00", "symbol": "ETH-USD"}, {"trade_id": 667705065, "side": "buy", "size": "0.50000000", "price": "3135.08000000", "time": "2025-07-16T01:10:22.107242Z", "fetched_at": "2025-07-16T01:10:49.291917+00:00", "symbol": "ETH-USD"}, {"trade_id": 667705064, "side": "buy", "size": "0.00044959", "price": "3135.09000000", "time": "2025-07-16T01:10:22.096273Z", "fetched_at": "2025-07-16T01:10:49.291917+00:00", "symbol": "ETH-USD"}, {"trade_id": 667705063, "side": "sell", "size": "0.00638100", "price": "3134.97000000", "time": "2025-07-16T01:10:19.733951Z", "fetched_at": "2025-07-16T01:10:49.291917+00:00", "symbol": "ETH-USD"}, {"trade_id": 667705062, "side": "sell", "size": "0.00010334", "price": "3134.97000000", "time": "2025-07-16T01:10:19.730318Z", "fetched_at": "2025-07-16T01:10:49.291917+00:00", "symbol": "ETH-USD"}, {"trade_id": 667705061, "side": "sell", "size": "0.79746363", "price": "3134.94000000", "time": "2025-07-16T01:10:19.730318Z", "fetched_at": "2025-07-16T01:10:49.291917+00:00", "symbol": "ETH-USD"}, {"trade_id": 667705060, "side": "sell", "size": "0.15949319", "price": "3134.93000000", "time": "2025-07-16T01:10:19.730318Z", "fetched_at": "2025-07-16T01:10:49.291917+00:00", "symbol": "ETH-USD"}, {"trade_id": 667705059, "side": "sell", "size": "0.30000000", "price": "3134.90000000", "time": "2025-07-16T01:10:19.629740Z", "fetched_at": "2025-07-16T01:10:49.291917+00:00", "symbol": "ETH-USD"}, {"trade_id": 667705058, "side": "sell", "size": "0.00318977", "price": "3134.88000000", "time": "2025-07-16T01:10:19.629740Z", "fetched_at": "2025-07-16T01:10:49.291917+00:00", "symbol": "ETH-USD"}, {"trade_id": 667705057, "side": "sell", "size": "0.30000000", "price": "3134.80000000", "time": "2025-07-16T01:10:19.623321Z", "fetched_at": "2025-07-16T01:10:49.291917+00:00", "symbol": "ETH-USD"}, {"trade_id": 667705056, "side": "sell", "size": "0.15859411", "price": "3134.78000000", "time": "2025-07-16T01:10:19.623321Z", "fetched_at": "2025-07-16T01:10:49.291917+00:00", "symbol": "ETH-USD"}, {"trade_id": 667705055, "side": "sell", "size": "0.00090674", "price": "3134.78000000", "time": "2025-07-16T01:10:19.263736Z", "fetched_at": "2025-07-16T01:10:49.291917+00:00", "symbol": "ETH-USD"}, {"trade_id": 667705054, "side": "sell", "size": "0.15500504", "price": "3134.94000000", "time": "2025-07-16T01:10:18.881518Z", "fetched_at": "2025-07-16T01:10:49.291917+00:00", "symbol": "ETH-USD"}, {"trade_id": 667705053, "side": "sell", "size": "0.00100093", "price": "3134.97000000", "time": "2025-07-16T01:10:18.589810Z", "fetched_at": "2025-07-16T01:10:49.291917+00:00", "symbol": "ETH-USD"}, {"trade_id": 667705052, "side": "sell", "size": "0.06171572", "price": "3134.41000000", "time": "2025-07-16T01:10:17.740022Z", "fetched_at": "2025-07-16T01:10:49.291917+00:00", "symbol": "ETH-USD"}, {"trade_id": 667705051, "side": "sell", "size": "0.00024002", "price": "3134.17000000", "time": "2025-07-16T01:10:17.740022Z", "fetched_at": "2025-07-16T01:10:49.291917+00:00", "symbol": "ETH-USD"}, {"trade_id": 667705050, "side": "sell", "size": "0.00005588", "price": "3134.17000000", "time": "2025-07-16T01:10:17.740022Z", "fetched_at": "2025-07-16T01:10:49.291917+00:00", "symbol": "ETH-USD"}, {"trade_id": 667705049, "side": "buy", "size": "0.00100000", "price": "3134.40000000", "time": "2025-07-16T01:10:17.613112Z", "fetched_at": "2025-07-16T01:10:49.291917+00:00", "symbol": "ETH-USD"}, {"trade_id": 667705048, "side": "buy", "size": "0.00045638", "price": "3134.62000000", "time": "2025-07-16T01:10:17.603365Z", "fetched_at": "2025-07-16T01:10:49.291917+00:00", "symbol": "ETH-USD"}, {"trade_id": 667705047, "side": "buy", "size": "0.00048033", "price": "3134.82000000", "time": "2025-07-16T01:10:17.184404Z", "fetched_at": "2025-07-16T01:10:49.291917+00:00", "symbol": "ETH-USD"}, {"trade_id": 667705046, "side": "buy", "size": "0.00048030", "price": "3135.00000000", "time": "2025-07-16T01:10:17.141746Z", "fetched_at": "2025-07-16T01:10:49.291917+00:00", "symbol": "ETH-USD"}, {"trade_id": 667705045, "side": "buy", "size": "0.00046922", "price": "3135.02000000", "time": "2025-07-16T01:10:17.101074Z", "fetched_at": "2025-07-16T01:10:49.291917+00:00", "symbol": "ETH-USD"}, {"trade_id": 667705044, "side": "buy", "size": "0.50694441", "price": "3135.03000000", "time": "2025-07-16T01:10:16.995317Z", "fetched_at": "2025-07-16T01:10:49.291917+00:00", "symbol": "ETH-USD"}, {"trade_id": 667705043, "side": "buy", "size": "0.00048776", "price": "3135.04000000", "time": "2025-07-16T01:10:16.995317Z", "fetched_at": "2025-07-16T01:10:49.291917+00:00", "symbol": "ETH-USD"}, {"trade_id": 667705042, "side": "buy", "size": "0.03388760", "price": "3135.07000000", "time": "2025-07-16T01:10:16.995317Z", "fetched_at": "2025-07-16T01:10:49.291917+00:00", "symbol": "ETH-USD"}, {"trade_id": 667705041, "side": "buy", "size": "0.02249589", "price": "3135.04000000", "time": "2025-07-16T01:10:15.868580Z", "fetched_at": "2025-07-16T01:10:49.291917+00:00", "symbol": "ETH-USD"}, {"trade_id": 667705040, "side": "buy", "size": "0.00000318", "price": "3135.07000000", "time": "2025-07-16T01:10:15.868580Z", "fetched_at": "2025-07-16T01:10:49.291917+00:00", "symbol": "ETH-USD"}, {"trade_id": 667705039, "side": "buy", "size": "0.02865142", "price": "3135.07000000", "time": "2025-07-16T01:10:15.868580Z", "fetched_at": "2025-07-16T01:10:49.291917+00:00", "symbol": "ETH-USD"}, {"trade_id": 667705038, "side": "buy", "size": "0.10940806", "price": "3135.07000000", "time": "2025-07-16T01:10:15.868580Z", "fetched_at": "2025-07-16T01:10:49.291917+00:00", "symbol": "ETH-USD"}, {"trade_id": 667705037, "side": "buy", "size": "0.00051365", "price": "3135.08000000", "time": "2025-07-16T01:10:15.868580Z", "fetched_at": "2025-07-16T01:10:49.291917+00:00", "symbol": "ETH-USD"}, {"trade_id": 667705036, "side": "sell", "size": "0.07709672", "price": "3135.10000000", "time": "2025-07-16T01:10:15.269081Z", "fetched_at": "2025-07-16T01:10:49.291917+00:00", "symbol": "ETH-USD"}, {"trade_id": 667705035, "side": "sell", "size": "0.00010335", "price": "3135.08000000", "time": "2025-07-16T01:10:15.269081Z", "fetched_at": "2025-07-16T01:10:49.291917+00:00", "symbol": "ETH-USD"}, {"trade_id": 667705034, "side": "sell", "size": "0.00024001", "price": "3135.08000000", "time": "2025-07-16T01:10:15.269081Z", "fetched_at": "2025-07-16T01:10:49.291917+00:00", "symbol": "ETH-USD"}, {"trade_id": 667705033, "side": "sell", "size": "0.00005589", "price": "3135.08000000", "time": "2025-07-16T01:10:15.269081Z", "fetched_at": "2025-07-16T01:10:49.291917+00:00", "symbol": "ETH-USD"}, {"trade_id": 667705032, "side": "buy", "size": "0.01353018", "price": "3135.07000000", "time": "2025-07-16T01:10:15.012061Z", "fetched_at": "2025-07-16T01:10:49.291917+00:00", "symbol": "ETH-USD"}, {"trade_id": 667705031, "side": "sell", "size": "0.56840982", "price": "3135.08000000", "time": "2025-07-16T01:10:13.463466Z", "fetched_at": "2025-07-16T01:10:49.291917+00:00", "symbol": "ETH-USD"}, {"trade_id": 667705030, "side": "buy", "size": "0.03189732", "price": "3135.07000000", "time": "2025-07-16T01:10:12.964012Z", "fetched_at": "2025-07-16T01:10:49.291917+00:00", "symbol": "ETH-USD"}, {"trade_id": 667705029, "side": "sell", "size": "0.05740380", "price": "3135.08000000", "time": "2025-07-16T01:10:12.567103Z", "fetched_at": "2025-07-16T01:10:49.291917+00:00", "symbol": "ETH-USD"}, {"trade_id": 667705028, "side": "sell", "size": "0.00319029", "price": "3135.07000000", "time": "2025-07-16T01:10:12.567103Z", "fetched_at": "2025-07-16T01:10:49.291917+00:00", "symbol": "ETH-USD"}, {"trade_id": 667705027, "side": "sell", "size": "0.00024002", "price": "3134.95000000", "time": "2025-07-16T01:10:12.567103Z", "fetched_at": "2025-07-16T01:10:49.291917+00:00", "symbol": "ETH-USD"}, {"trade_id": 667705026, "side": "sell", "size": "0.00005589", "price": "3134.95000000", "time": "2025-07-16T01:10:12.567103Z", "fetched_at": "2025-07-16T01:10:49.291917+00:00", "symbol": "ETH-USD"}, {"trade_id": 667705025, "side": "sell", "size": "0.00100000", "price": "3134.88000000", "time": "2025-07-16T01:10:12.567103Z", "fetched_at": "2025-07-16T01:10:49.291917+00:00", "symbol": "ETH-USD"}, {"trade_id": 667705024, "side": "sell", "size": "0.00010000", "price": "3134.71000000", "time": "2025-07-16T01:10:12.567103Z", "fetched_at": "2025-07-16T01:10:49.291917+00:00", "symbol": "ETH-USD"}, {"trade_id": 667705023, "side": "sell", "size": "0.30000000", "price": "3134.60000000", "time": "2025-07-16T01:10:12.414510Z", "fetched_at": "2025-07-16T01:10:49.291917+00:00", "symbol": "ETH-USD"}, {"trade_id": 667705022, "side": "sell", "size": "0.00010335", "price": "3134.52000000", "time": "2025-07-16T01:10:12.414510Z", "fetched_at": "2025-07-16T01:10:49.291917+00:00", "symbol": "ETH-USD"}, {"trade_id": 667705021, "side": "buy", "size": "0.03205956", "price": "3134.51000000", "time": "2025-07-16T01:10:12.343712Z", "fetched_at": "2025-07-16T01:10:49.291917+00:00", "symbol": "ETH-USD"}, {"trade_id": 667705020, "side": "buy", "size": "0.00214882", "price": "3133.70000000", "time": "2025-07-16T01:10:10.089549Z", "fetched_at": "2025-07-16T01:10:49.291917+00:00", "symbol": "ETH-USD"}, {"trade_id": 667705019, "side": "buy", "size": "0.00075513", "price": "3133.71000000", "time": "2025-07-16T01:10:10.089549Z", "fetched_at": "2025-07-16T01:10:49.291917+00:00", "symbol": "ETH-USD"}, {"trade_id": 667705018, "side": "buy", "size": "0.00100000", "price": "3133.92000000", "time": "2025-07-16T01:10:10.089549Z", "fetched_at": "2025-07-16T01:10:49.291917+00:00", "symbol": "ETH-USD"}, {"trade_id": 667705017, "side": "buy", "size": "0.00080425", "price": "3134.13000000", "time": "2025-07-16T01:10:09.628328Z", "fetched_at": "2025-07-16T01:10:49.291917+00:00", "symbol": "ETH-USD"}, {"trade_id": 667705016, "side": "buy", "size": "0.00080425", "price": "3134.13000000", "time": "2025-07-16T01:10:09.615903Z", "fetched_at": "2025-07-16T01:10:49.291917+00:00", "symbol": "ETH-USD"}, {"trade_id": 667705015, "side": "buy", "size": "0.00085124", "price": "3134.13000000", "time": "2025-07-16T01:10:09.606771Z", "fetched_at": "2025-07-16T01:10:49.291917+00:00", "symbol": "ETH-USD"}, {"trade_id": 667705014, "side": "buy", "size": "0.00085124", "price": "3134.13000000", "time": "2025-07-16T01:10:09.595601Z", "fetched_at": "2025-07-16T01:10:49.291917+00:00", "symbol": "ETH-USD"}, {"trade_id": 667705013, "side": "buy", "size": "0.00085526", "price": "3134.13000000", "time": "2025-07-16T01:10:09.583883Z", "fetched_at": "2025-07-16T01:10:49.291917+00:00", "symbol": "ETH-USD"}, {"trade_id": 667705012, "side": "buy", "size": "0.00085526", "price": "3134.13000000", "time": "2025-07-16T01:10:09.573904Z", "fetched_at": "2025-07-16T01:10:49.291917+00:00", "symbol": "ETH-USD"}, {"trade_id": 667705011, "side": "buy", "size": "0.00085526", "price": "3134.13000000", "time": "2025-07-16T01:10:09.562202Z", "fetched_at": "2025-07-16T01:10:49.291917+00:00", "symbol": "ETH-USD"}, {"trade_id": 667705010, "side": "buy", "size": "0.00085526", "price": "3134.13000000", "time": "2025-07-16T01:10:09.551896Z", "fetched_at": "2025-07-16T01:10:49.291917+00:00", "symbol": "ETH-USD"}, {"trade_id": 667705009, "side": "buy", "size": "0.00085526", "price": "3134.13000000", "time": "2025-07-16T01:10:09.542303Z", "fetched_at": "2025-07-16T01:10:49.291917+00:00", "symbol": "ETH-USD"}, {"trade_id": 667705008, "side": "buy", "size": "0.00085526", "price": "3134.13000000", "time": "2025-07-16T01:10:09.530942Z", "fetched_at": "2025-07-16T01:10:49.291917+00:00", "symbol": "ETH-USD"}, {"trade_id": 667705007, "side": "buy", "size": "0.10168691", "price": "3134.13000000", "time": "2025-07-16T01:10:09.519424Z", "fetched_at": "2025-07-16T01:10:49.291917+00:00", "symbol": "ETH-USD"}, {"trade_id": 667705006, "side": "buy", "size": "0.00085525", "price": "3134.16000000", "time": "2025-07-16T01:10:09.433262Z", "fetched_at": "2025-07-16T01:10:49.291917+00:00", "symbol": "ETH-USD"}, {"trade_id": 667705005, "side": "buy", "size": "0.00100000", "price": "3134.16000000", "time": "2025-07-16T01:10:09.420811Z", "fetched_at": "2025-07-16T01:10:49.291917+00:00", "symbol": "ETH-USD"}, {"trade_id": 667705004, "side": "buy", "size": "0.00085525", "price": "3134.17000000", "time": "2025-07-16T01:10:09.410729Z", "fetched_at": "2025-07-16T01:10:49.291917+00:00", "symbol": "ETH-USD"}, {"trade_id": 667705003, "side": "buy", "size": "0.00085525", "price": "3134.17000000", "time": "2025-07-16T01:10:09.399546Z", "fetched_at": "2025-07-16T01:10:49.291917+00:00", "symbol": "ETH-USD"}, {"trade_id": 667705002, "side": "buy", "size": "0.00085523", "price": "3134.23000000", "time": "2025-07-16T01:10:09.366998Z", "fetched_at": "2025-07-16T01:10:49.291917+00:00", "symbol": "ETH-USD"}, {"trade_id": 667705001, "side": "buy", "size": "0.00085523", "price": "3134.23000000", "time": "2025-07-16T01:10:09.355234Z", "fetched_at": "2025-07-16T01:10:49.291917+00:00", "symbol": "ETH-USD"}, {"trade_id": 667705000, "side": "buy", "size": "0.00085523", "price": "3134.23000000", "time": "2025-07-16T01:10:09.345735Z", "fetched_at": "2025-07-16T01:10:49.291917+00:00", "symbol": "ETH-USD"}, {"trade_id": 667704999, "side": "buy", "size": "0.00085388", "price": "3134.24000000", "time": "2025-07-16T01:10:09.312899Z", "fetched_at": "2025-07-16T01:10:49.291917+00:00", "symbol": "ETH-USD"}, {"trade_id": 667704998, "side": "buy", "size": "0.34305713", "price": "3134.23000000", "time": "2025-07-16T01:10:08.959545Z", "fetched_at": "2025-07-16T01:10:49.291917+00:00", "symbol": "ETH-USD"}, {"trade_id": 667704997, "side": "buy", "size": "0.00085388", "price": "3134.24000000", "time": "2025-07-16T01:10:08.959545Z", "fetched_at": "2025-07-16T01:10:49.291917+00:00", "symbol": "ETH-USD"}, {"trade_id": 667704996, "side": "buy", "size": "0.00100000", "price": "3134.40000000", "time": "2025-07-16T01:10:08.576549Z", "fetched_at": "2025-07-16T01:10:49.291917+00:00", "symbol": "ETH-USD"}, {"trade_id": 667704995, "side": "buy", "size": "0.00100000", "price": "3134.64000000", "time": "2025-07-16T01:10:08.429111Z", "fetched_at": "2025-07-16T01:10:49.291917+00:00", "symbol": "ETH-USD"}, {"trade_id": 667704994, "side": "buy", "size": "0.12255314", "price": "3134.64000000", "time": "2025-07-16T01:10:08.429111Z", "fetched_at": "2025-07-16T01:10:49.291917+00:00", "symbol": "ETH-USD"}, {"trade_id": 667704993, "side": "buy", "size": "0.26149439", "price": "3134.79000000", "time": "2025-07-16T01:10:08.417041Z", "fetched_at": "2025-07-16T01:10:49.291917+00:00", "symbol": "ETH-USD"}, {"trade_id": 667704992, "side": "buy", "size": "0.00097735", "price": "3134.80000000", "time": "2025-07-16T01:10:08.417041Z", "fetched_at": "2025-07-16T01:10:49.291917+00:00", "symbol": "ETH-USD"}, {"trade_id": 667704991, "side": "buy", "size": "0.00010000", "price": "3134.80000000", "time": "2025-07-16T01:10:07.552523Z", "fetched_at": "2025-07-16T01:10:49.291917+00:00", "symbol": "ETH-USD"}, {"trade_id": 667704990, "side": "buy", "size": "0.00000319", "price": "3134.80000000", "time": "2025-07-16T01:10:07.280140Z", "fetched_at": "2025-07-16T01:10:49.291917+00:00", "symbol": "ETH-USD"}, {"trade_id": 667704989, "side": "sell", "size": "0.21431846", "price": "3135.09000000", "time": "2025-07-16T01:10:07.036088Z", "fetched_at": "2025-07-16T01:10:49.291917+00:00", "symbol": "ETH-USD"}, {"trade_id": 667704988, "side": "sell", "size": "0.10000000", "price": "3135.08000000", "time": "2025-07-16T01:10:07.036088Z", "fetched_at": "2025-07-16T01:10:49.291917+00:00", "symbol": "ETH-USD"}, {"trade_id": 667704987, "side": "sell", "size": "0.00301919", "price": "3135.07000000", "time": "2025-07-16T01:10:07.036088Z", "fetched_at": "2025-07-16T01:10:49.291917+00:00", "symbol": "ETH-USD"}, {"trade_id": 667704986, "side": "buy", "size": "0.00088159", "price": "3134.94000000", "time": "2025-07-16T01:10:06.877046Z", "fetched_at": "2025-07-16T01:10:49.291917+00:00", "symbol": "ETH-USD"}, {"trade_id": 667704985, "side": "buy", "size": "0.00086201", "price": "3134.96000000", "time": "2025-07-16T01:10:06.630894Z", "fetched_at": "2025-07-16T01:10:49.291917+00:00", "symbol": "ETH-USD"}, {"trade_id": 667704984, "side": "buy", "size": "0.18776000", "price": "3134.98000000", "time": "2025-07-16T01:10:06.578873Z", "fetched_at": "2025-07-16T01:10:49.291917+00:00", "symbol": "ETH-USD"}, {"trade_id": 667704983, "side": "buy", "size": "0.00086952", "price": "3134.88000000", "time": "2025-07-16T01:10:06.189073Z", "fetched_at": "2025-07-16T01:10:49.291917+00:00", "symbol": "ETH-USD"}, {"trade_id": 667704982, "side": "buy", "size": "0.00100000", "price": "3134.88000000", "time": "2025-07-16T01:10:06.171243Z", "fetched_at": "2025-07-16T01:10:49.291917+00:00", "symbol": "ETH-USD"}, {"trade_id": 667704981, "side": "buy", "size": "0.04098363", "price": "3134.91000000", "time": "2025-07-16T01:10:06.160035Z", "fetched_at": "2025-07-16T01:10:49.291917+00:00", "symbol": "ETH-USD"}, {"trade_id": 667704980, "side": "buy", "size": "0.00090166", "price": "3135.22000000", "time": "2025-07-16T01:10:05.722749Z", "fetched_at": "2025-07-16T01:10:49.291917+00:00", "symbol": "ETH-USD"}, {"trade_id": 667704979, "side": "buy", "size": "0.00090166", "price": "3135.19000000", "time": "2025-07-16T01:10:05.650794Z", "fetched_at": "2025-07-16T01:10:49.291917+00:00", "symbol": "ETH-USD"}, {"trade_id": 667704978, "side": "buy", "size": "0.00090166", "price": "3135.22000000", "time": "2025-07-16T01:10:05.620201Z", "fetched_at": "2025-07-16T01:10:49.291917+00:00", "symbol": "ETH-USD"}, {"trade_id": 667704977, "side": "buy", "size": "0.00090166", "price": "3135.22000000", "time": "2025-07-16T01:10:05.608007Z", "fetched_at": "2025-07-16T01:10:49.291917+00:00", "symbol": "ETH-USD"}, {"trade_id": 667704976, "side": "buy", "size": "0.00090166", "price": "3135.21000000", "time": "2025-07-16T01:10:05.585690Z", "fetched_at": "2025-07-16T01:10:49.291917+00:00", "symbol": "ETH-USD"}, {"trade_id": 667704975, "side": "buy", "size": "0.00090166", "price": "3135.21000000", "time": "2025-07-16T01:10:05.575399Z", "fetched_at": "2025-07-16T01:10:49.291917+00:00", "symbol": "ETH-USD"}, {"trade_id": 667704974, "side": "buy", "size": "0.00092231", "price": "3135.19000000", "time": "2025-07-16T01:10:05.564374Z", "fetched_at": "2025-07-16T01:10:49.291917+00:00", "symbol": "ETH-USD"}, {"trade_id": 667704973, "side": "buy", "size": "0.00093214", "price": "3135.31000000", "time": "2025-07-16T01:10:05.517694Z", "fetched_at": "2025-07-16T01:10:49.291917+00:00", "symbol": "ETH-USD"}, {"trade_id": 667704972, "side": "buy", "size": "0.00093215", "price": "3135.27000000", "time": "2025-07-16T01:10:05.386037Z", "fetched_at": "2025-07-16T01:10:49.291917+00:00", "symbol": "ETH-USD"}, {"trade_id": 667704971, "side": "buy", "size": "0.00093214", "price": "3135.29000000", "time": "2025-07-16T01:10:05.330380Z", "fetched_at": "2025-07-16T01:10:49.291917+00:00", "symbol": "ETH-USD"}, {"trade_id": 667704970, "side": "buy", "size": "0.04611475", "price": "3135.38000000", "time": "2025-07-16T01:10:05.279106Z", "fetched_at": "2025-07-16T01:10:49.291917+00:00", "symbol": "ETH-USD"}, {"trade_id": 667704969, "side": "buy", "size": "0.00010000", "price": "3135.38000000", "time": "2025-07-16T01:10:04.930443Z", "fetched_at": "2025-07-16T01:10:49.291917+00:00", "symbol": "ETH-USD"}, {"trade_id": 667704968, "side": "sell", "size": "0.01166855", "price": "3135.50000000", "time": "2025-07-16T01:10:03.673879Z", "fetched_at": "2025-07-16T01:10:49.291917+00:00", "symbol": "ETH-USD"}, {"trade_id": 667704967, "side": "sell", "size": "0.00010334", "price": "3135.49000000", "time": "2025-07-16T01:10:03.673879Z", "fetched_at": "2025-07-16T01:10:49.291917+00:00", "symbol": "ETH-USD"}, {"trade_id": 667704966, "side": "sell", "size": "0.00318957", "price": "3135.49000000", "time": "2025-07-16T01:10:03.673879Z", "fetched_at": "2025-07-16T01:10:49.291917+00:00", "symbol": "ETH-USD"}, {"trade_id": 667704965, "side": "sell", "size": "0.06750784", "price": "3135.30000000", "time": "2025-07-16T01:10:03.105772Z", "fetched_at": "2025-07-16T01:10:49.291917+00:00", "symbol": "ETH-USD"}, {"trade_id": 667704964, "side": "sell", "size": "0.00510400", "price": "3135.29000000", "time": "2025-07-16T01:10:03.105772Z", "fetched_at": "2025-07-16T01:10:49.291917+00:00", "symbol": "ETH-USD"}, {"trade_id": 667704963, "side": "sell", "size": "0.00318930", "price": "3135.29000000", "time": "2025-07-16T01:10:03.105772Z", "fetched_at": "2025-07-16T01:10:49.291917+00:00", "symbol": "ETH-USD"}, {"trade_id": 667704962, "side": "sell", "size": "0.00005589", "price": "3135.29000000", "time": "2025-07-16T01:10:03.105772Z", "fetched_at": "2025-07-16T01:10:49.291917+00:00", "symbol": "ETH-USD"}, {"trade_id": 667704961, "side": "sell", "size": "0.00024003", "price": "3135.29000000", "time": "2025-07-16T01:10:03.105772Z", "fetched_at": "2025-07-16T01:10:49.291917+00:00", "symbol": "ETH-USD"}, {"trade_id": 667704960, "side": "sell", "size": "0.00140581", "price": "3135.23000000", "time": "2025-07-16T01:10:03.105772Z", "fetched_at": "2025-07-16T01:10:49.291917+00:00", "symbol": "ETH-USD"}, {"trade_id": 667704959, "side": "buy", "size": "0.16391523", "price": "3135.34000000", "time": "2025-07-16T01:10:02.278666Z", "fetched_at": "2025-07-16T01:10:49.291917+00:00", "symbol": "ETH-USD"}, {"trade_id": 667704958, "side": "buy", "size": "0.00087486", "price": "3135.35000000", "time": "2025-07-16T01:10:02.278666Z", "fetched_at": "2025-07-16T01:10:49.291917+00:00", "symbol": "ETH-USD"}, {"trade_id": 667704957, "side": "buy", "size": "0.00423238", "price": "3135.35000000", "time": "2025-07-16T01:10:02.278666Z", "fetched_at": "2025-07-16T01:10:49.291917+00:00", "symbol": "ETH-USD"}, {"trade_id": 667704956, "side": "sell", "size": "0.02780663", "price": "3135.61000000", "time": "2025-07-16T01:10:00.661568Z", "fetched_at": "2025-07-16T01:10:49.291917+00:00", "symbol": "ETH-USD"}, {"trade_id": 667704955, "side": "sell", "size": "0.00318949", "price": "3135.41000000", "time": "2025-07-16T01:10:00.661568Z", "fetched_at": "2025-07-16T01:10:49.291917+00:00", "symbol": "ETH-USD"}, {"trade_id": 667704954, "side": "buy", "size": "0.16841050", "price": "3135.40000000", "time": "2025-07-16T01:10:00.628525Z", "fetched_at": "2025-07-16T01:10:49.291917+00:00", "symbol": "ETH-USD"}, {"trade_id": 667704953, "side": "buy", "size": "0.55692277", "price": "3135.58000000", "time": "2025-07-16T01:10:00.628525Z", "fetched_at": "2025-07-16T01:10:49.291917+00:00", "symbol": "ETH-USD"}, {"trade_id": 667704952, "side": "buy", "size": "0.10000000", "price": "3135.58000000", "time": "2025-07-16T01:10:00.628525Z", "fetched_at": "2025-07-16T01:10:49.291917+00:00", "symbol": "ETH-USD"}, {"trade_id": 667704951, "side": "buy", "size": "0.18776000", "price": "3135.58000000", "time": "2025-07-16T01:10:00.628525Z", "fetched_at": "2025-07-16T01:10:49.291917+00:00", "symbol": "ETH-USD"}, {"trade_id": 667704950, "side": "buy", "size": "0.53500646", "price": "3135.30000000", "time": "2025-07-16T01:10:00.336632Z", "fetched_at": "2025-07-16T01:10:49.291917+00:00", "symbol": "ETH-USD"}, {"trade_id": 667704949, "side": "sell", "size": "0.01292787", "price": "3135.30000000", "time": "2025-07-16T01:09:59.677765Z", "fetched_at": "2025-07-16T01:10:49.291917+00:00", "symbol": "ETH-USD"}, {"trade_id": 667704948, "side": "sell", "size": "0.00318982", "price": "3135.16000000", "time": "2025-07-16T01:09:59.677765Z", "fetched_at": "2025-07-16T01:10:49.291917+00:00", "symbol": "ETH-USD"}, {"trade_id": 667704947, "side": "sell", "size": "0.00010335", "price": "3135.16000000", "time": "2025-07-16T01:09:59.677765Z", "fetched_at": "2025-07-16T01:10:49.291917+00:00", "symbol": "ETH-USD"}, {"trade_id": 667704946, "side": "buy", "size": "0.18776000", "price": "3135.15000000", "time": "2025-07-16T01:09:58.578750Z", "fetched_at": "2025-07-16T01:10:49.291917+00:00", "symbol": "ETH-USD"}, {"trade_id": 667704945, "side": "sell", "size": "0.00318988", "price": "3134.99000000", "time": "2025-07-16T01:09:58.565129Z", "fetched_at": "2025-07-16T01:10:49.291917+00:00", "symbol": "ETH-USD"}, {"trade_id": 667704944, "side": "sell", "size": "0.15949014", "price": "3134.99000000", "time": "2025-07-16T01:09:58.565129Z", "fetched_at": "2025-07-16T01:10:49.291917+00:00", "symbol": "ETH-USD"}, {"trade_id": 667704943, "side": "sell", "size": "0.00563005", "price": "3135.01000000", "time": "2025-07-16T01:09:57.945767Z", "fetched_at": "2025-07-16T01:10:49.291917+00:00", "symbol": "ETH-USD"}, {"trade_id": 667704942, "side": "sell", "size": "0.00024000", "price": "3134.92000000", "time": "2025-07-16T01:09:57.945767Z", "fetched_at": "2025-07-16T01:10:49.291917+00:00", "symbol": "ETH-USD"}, {"trade_id": 667704941, "side": "sell", "size": "0.00005589", "price": "3134.92000000", "time": "2025-07-16T01:09:57.945767Z", "fetched_at": "2025-07-16T01:10:49.291917+00:00", "symbol": "ETH-USD"}, {"trade_id": 667704940, "side": "sell", "size": "0.00318959", "price": "3134.92000000", "time": "2025-07-16T01:09:57.945767Z", "fetched_at": "2025-07-16T01:10:49.291917+00:00", "symbol": "ETH-USD"}, {"trade_id": 667704939, "side": "sell", "size": "0.00062382", "price": "3134.92000000", "time": "2025-07-16T01:09:57.351143Z", "fetched_at": "2025-07-16T01:10:49.291917+00:00", "symbol": "ETH-USD"}, {"trade_id": 667704938, "side": "buy", "size": "0.00042184", "price": "3135.09000000", "time": "2025-07-16T01:09:56.961283Z", "fetched_at": "2025-07-16T01:10:49.291917+00:00", "symbol": "ETH-USD"}, {"trade_id": 667704937, "side": "buy", "size": "0.17917110", "price": "3135.24000000", "time": "2025-07-16T01:09:56.950506Z", "fetched_at": "2025-07-16T01:10:49.291917+00:00", "symbol": "ETH-USD"}, {"trade_id": 667704936, "side": "buy", "size": "0.04521851", "price": "3135.22000000", "time": "2025-07-16T01:09:56.947243Z", "fetched_at": "2025-07-16T01:10:49.291917+00:00", "symbol": "ETH-USD"}, {"trade_id": 667704935, "side": "buy", "size": "0.33542910", "price": "3135.24000000", "time": "2025-07-16T01:09:56.947243Z", "fetched_at": "2025-07-16T01:10:49.291917+00:00", "symbol": "ETH-USD"}, {"trade_id": 667704934, "side": "buy", "size": "0.28065091", "price": "3135.24000000", "time": "2025-07-16T01:09:56.947098Z", "fetched_at": "2025-07-16T01:10:49.291917+00:00", "symbol": "ETH-USD"}, {"trade_id": 667704933, "side": "sell", "size": "0.00379122", "price": "3135.36000000", "time": "2025-07-16T01:09:56.189284Z", "fetched_at": "2025-07-16T01:10:49.291917+00:00", "symbol": "ETH-USD"}, {"trade_id": 667704932, "side": "sell", "size": "3.60742865", "price": "3135.53000000", "time": "2025-07-16T01:09:56.117742Z", "fetched_at": "2025-07-16T01:10:49.291917+00:00", "symbol": "ETH-USD"}, {"trade_id": 667704931, "side": "sell", "size": "0.50019227", "price": "3135.50000000", "time": "2025-07-16T01:09:56.117742Z", "fetched_at": "2025-07-16T01:10:49.291917+00:00", "symbol": "ETH-USD"}, {"trade_id": 667704930, "side": "sell", "size": "0.20000000", "price": "3135.47000000", "time": "2025-07-16T01:09:56.117742Z", "fetched_at": "2025-07-16T01:10:49.291917+00:00", "symbol": "ETH-USD"}, {"trade_id": 667704929, "side": "sell", "size": "0.40000000", "price": "3135.47000000", "time": "2025-07-16T01:09:56.117742Z", "fetched_at": "2025-07-16T01:10:49.291917+00:00", "symbol": "ETH-USD"}, {"trade_id": 667704928, "side": "sell", "size": "0.64331495", "price": "3135.45000000", "time": "2025-07-16T01:09:56.117742Z", "fetched_at": "2025-07-16T01:10:49.291917+00:00", "symbol": "ETH-USD"}, {"trade_id": 667704927, "side": "sell", "size": "0.24430590", "price": "3135.41000000", "time": "2025-07-16T01:09:56.117742Z", "fetched_at": "2025-07-16T01:10:49.291917+00:00", "symbol": "ETH-USD"}, {"trade_id": 667704926, "side": "sell", "size": "0.30000000", "price": "3135.40000000", "time": "2025-07-16T01:09:56.117742Z", "fetched_at": "2025-07-16T01:10:49.291917+00:00", "symbol": "ETH-USD"}, {"trade_id": 667704925, "side": "sell", "size": "0.57372519", "price": "3135.37000000", "time": "2025-07-16T01:09:56.117742Z", "fetched_at": "2025-07-16T01:10:49.291917+00:00", "symbol": "ETH-USD"}, {"trade_id": 667704924, "side": "sell", "size": "0.79736034", "price": "3135.35000000", "time": "2025-07-16T01:09:56.117742Z", "fetched_at": "2025-07-16T01:10:49.291917+00:00", "symbol": "ETH-USD"}, {"trade_id": 667704923, "side": "sell", "size": "0.04936130", "price": "3135.34000000", "time": "2025-07-16T01:09:56.117742Z", "fetched_at": "2025-07-16T01:10:49.291917+00:00", "symbol": "ETH-USD"}, {"trade_id": 667704922, "side": "sell", "size": "0.27171000", "price": "3135.30000000", "time": "2025-07-16T01:09:56.117742Z", "fetched_at": "2025-07-16T01:10:49.291917+00:00", "symbol": "ETH-USD"}, {"trade_id": 667704921, "side": "sell", "size": "0.15947465", "price": "3135.30000000", "time": "2025-07-16T01:09:56.117742Z", "fetched_at": "2025-07-16T01:10:49.291917+00:00", "symbol": "ETH-USD"}, {"trade_id": 667704920, "side": "sell", "size": "0.00318974", "price": "3135.20000000", "time": "2025-07-16T01:09:56.117742Z", "fetched_at": "2025-07-16T01:10:49.291917+00:00", "symbol": "ETH-USD"}, {"trade_id": 667704919, "side": "sell", "size": "0.02829876", "price": "3135.10000000", "time": "2025-07-16T01:09:55.554068Z", "fetched_at": "2025-07-16T01:10:49.291917+00:00", "symbol": "ETH-USD"}, {"trade_id": 667704918, "side": "sell", "size": "0.00010334", "price": "3135.06000000", "time": "2025-07-16T01:09:55.554068Z", "fetched_at": "2025-07-16T01:10:49.291917+00:00", "symbol": "ETH-USD"}, {"trade_id": 667704917, "side": "sell", "size": "0.00319015", "price": "3135.06000000", "time": "2025-07-16T01:09:55.554068Z", "fetched_at": "2025-07-16T01:10:49.291917+00:00", "symbol": "ETH-USD"}, {"trade_id": 667704916, "side": "buy", "size": "0.37915999", "price": "3135.05000000", "time": "2025-07-16T01:09:54.511631Z", "fetched_at": "2025-07-16T01:10:49.291917+00:00", "symbol": "ETH-USD"}, {"trade_id": 667704915, "side": "buy", "size": "0.62084001", "price": "3135.05000000", "time": "2025-07-16T01:09:54.511631Z", "fetched_at": "2025-07-16T01:10:49.291917+00:00", "symbol": "ETH-USD"}, {"trade_id": 667704914, "side": "sell", "size": "0.06218432", "price": "3135.22000000", "time": "2025-07-16T01:09:53.643320Z", "fetched_at": "2025-07-16T01:10:49.291917+00:00", "symbol": "ETH-USD"}, {"trade_id": 667704913, "side": "sell", "size": "0.00100000", "price": "3134.88000000", "time": "2025-07-16T01:09:53.643320Z", "fetched_at": "2025-07-16T01:10:49.291917+00:00", "symbol": "ETH-USD"}, {"trade_id": 667704912, "side": "sell", "size": "3.19069338", "price": "3134.82000000", "time": "2025-07-16T01:09:53.607629Z", "fetched_at": "2025-07-16T01:10:49.291917+00:00", "symbol": "ETH-USD"}, {"trade_id": 667704911, "side": "sell", "size": "0.00319015", "price": "3134.80000000", "time": "2025-07-16T01:09:53.607629Z", "fetched_at": "2025-07-16T01:10:49.291917+00:00", "symbol": "ETH-USD"}, {"trade_id": 667704910, "side": "sell", "size": "0.82625216", "price": "3134.80000000", "time": "2025-07-16T01:09:53.607629Z", "fetched_at": "2025-07-16T01:10:49.291917+00:00", "symbol": "ETH-USD"}, {"trade_id": 667704909, "side": "sell", "size": "0.01314813", "price": "3134.70000000", "time": "2025-07-16T01:09:53.126543Z", "fetched_at": "2025-07-16T01:10:49.291917+00:00", "symbol": "ETH-USD"}, {"trade_id": 667704908, "side": "sell", "size": "0.00319016", "price": "3134.69000000", "time": "2025-07-16T01:09:53.126543Z", "fetched_at": "2025-07-16T01:10:49.291917+00:00", "symbol": "ETH-USD"}, {"trade_id": 667704907, "side": "sell", "size": "0.00033596", "price": "3134.65000000", "time": "2025-07-16T01:09:53.126543Z", "fetched_at": "2025-07-16T01:10:49.291917+00:00", "symbol": "ETH-USD"}, {"trade_id": 667704906, "side": "sell", "size": "0.00007822", "price": "3134.65000000", "time": "2025-07-16T01:09:53.126543Z", "fetched_at": "2025-07-16T01:10:49.291917+00:00", "symbol": "ETH-USD"}, {"trade_id": 667704905, "side": "sell", "size": "0.04527399", "price": "3134.65000000", "time": "2025-07-16T01:09:53.126543Z", "fetched_at": "2025-07-16T01:10:49.291917+00:00", "symbol": "ETH-USD"}, {"trade_id": 667704904, "side": "sell", "size": "0.00096507", "price": "3134.65000000", "time": "2025-07-16T01:09:51.577923Z", "fetched_at": "2025-07-16T01:10:49.291917+00:00", "symbol": "ETH-USD"}, {"trade_id": 667704903, "side": "sell", "size": "0.03375422", "price": "3134.65000000", "time": "2025-07-16T01:09:51.247379Z", "fetched_at": "2025-07-16T01:10:49.291917+00:00", "symbol": "ETH-USD"}, {"trade_id": 667704902, "side": "sell", "size": "0.00150063", "price": "3134.65000000", "time": "2025-07-16T01:09:51.190445Z", "fetched_at": "2025-07-16T01:10:49.291917+00:00", "symbol": "ETH-USD"}, {"trade_id": 667704901, "side": "sell", "size": "0.02007886", "price": "3134.64000000", "time": "2025-07-16T01:09:50.371399Z", "fetched_at": "2025-07-16T01:10:49.291917+00:00", "symbol": "ETH-USD"}, {"trade_id": 667704900, "side": "sell", "size": "0.00319042", "price": "3134.51000000", "time": "2025-07-16T01:09:50.371399Z", "fetched_at": "2025-07-16T01:10:49.291917+00:00", "symbol": "ETH-USD"}, {"trade_id": 667704899, "side": "buy", "size": "0.40000000", "price": "3134.50000000", "time": "2025-07-16T01:09:49.951039Z", "fetched_at": "2025-07-16T01:10:49.291917+00:00", "symbol": "ETH-USD"}, {"trade_id": 667704898, "side": "sell", "size": "0.00157969", "price": "3134.59000000", "time": "2025-07-16T01:09:49.912567Z", "fetched_at": "2025-07-16T01:10:49.291917+00:00", "symbol": "ETH-USD"}, {"trade_id": 667704897, "side": "sell", "size": "0.00445914", "price": "3134.64000000", "time": "2025-07-16T01:09:49.685449Z", "fetched_at": "2025-07-16T01:10:49.291917+00:00", "symbol": "ETH-USD"}, {"trade_id": 667704896, "side": "sell", "size": "0.00010334", "price": "3134.55000000", "time": "2025-07-16T01:09:49.685449Z", "fetched_at": "2025-07-16T01:10:49.291917+00:00", "symbol": "ETH-USD"}, {"trade_id": 667704895, "side": "sell", "size": "0.00319026", "price": "3134.49000000", "time": "2025-07-16T01:09:49.685449Z", "fetched_at": "2025-07-16T01:10:49.291917+00:00", "symbol": "ETH-USD"}, {"trade_id": 667704894, "side": "buy", "size": "0.57936001", "price": "3134.39000000", "time": "2025-07-16T01:09:49.044875Z", "fetched_at": "2025-07-16T01:10:49.291917+00:00", "symbol": "ETH-USD"}, {"trade_id": 667704893, "side": "buy", "size": "0.78676001", "price": "3134.54000000", "time": "2025-07-16T01:09:48.680268Z", "fetched_at": "2025-07-16T01:10:49.291917+00:00", "symbol": "ETH-USD"}, {"trade_id": 667704892, "side": "sell", "size": "0.06184509", "price": "3134.04000000", "time": "2025-07-16T01:09:47.944073Z", "fetched_at": "2025-07-16T01:10:49.291917+00:00", "symbol": "ETH-USD"}, {"trade_id": 667704891, "side": "sell", "size": "0.00014406", "price": "3133.53000000", "time": "2025-07-16T01:09:47.944073Z", "fetched_at": "2025-07-16T01:10:49.291917+00:00", "symbol": "ETH-USD"}, {"trade_id": 667704890, "side": "sell", "size": "0.00003355", "price": "3133.53000000", "time": "2025-07-16T01:09:47.944073Z", "fetched_at": "2025-07-16T01:10:49.291917+00:00", "symbol": "ETH-USD"}, {"trade_id": 667704889, "side": "sell", "size": "0.00319176", "price": "3133.39000000", "time": "2025-07-16T01:09:47.819986Z", "fetched_at": "2025-07-16T01:10:49.291917+00:00", "symbol": "ETH-USD"}, {"trade_id": 667704888, "side": "sell", "size": "0.00893987", "price": "3133.10000000", "time": "2025-07-16T01:09:47.242303Z", "fetched_at": "2025-07-16T01:10:49.291917+00:00", "symbol": "ETH-USD"}, {"trade_id": 667704887, "side": "sell", "size": "0.00164339", "price": "3133.08000000", "time": "2025-07-16T01:09:47.242303Z", "fetched_at": "2025-07-16T01:10:49.291917+00:00", "symbol": "ETH-USD"}, {"trade_id": 667704886, "side": "buy", "size": "0.38503445", "price": "3133.07000000", "time": "2025-07-16T01:09:47.011842Z", "fetched_at": "2025-07-16T01:10:49.291917+00:00", "symbol": "ETH-USD"}, {"trade_id": 667704885, "side": "buy", "size": "0.04137475", "price": "3133.07000000", "time": "2025-07-16T01:09:47.011842Z", "fetched_at": "2025-07-16T01:10:49.291917+00:00", "symbol": "ETH-USD"}, {"trade_id": 667704884, "side": "sell", "size": "0.02861470", "price": "3133.08000000", "time": "2025-07-16T01:09:46.830523Z", "fetched_at": "2025-07-16T01:10:49.291917+00:00", "symbol": "ETH-USD"}, {"trade_id": 667704883, "side": "sell", "size": "0.00173148", "price": "3133.08000000", "time": "2025-07-16T01:09:46.830523Z", "fetched_at": "2025-07-16T01:10:49.291917+00:00", "symbol": "ETH-USD"}, {"trade_id": 667704882, "side": "sell", "size": "0.07754099", "price": "3133.19000000", "time": "2025-07-16T01:09:45.981872Z", "fetched_at": "2025-07-16T01:10:49.291917+00:00", "symbol": "ETH-USD"}, {"trade_id": 667704881, "side": "buy", "size": "0.12301917", "price": "3133.17000000", "time": "2025-07-16T01:09:45.933249Z", "fetched_at": "2025-07-16T01:10:49.291917+00:00", "symbol": "ETH-USD"}, {"trade_id": 667704880, "side": "buy", "size": "0.07514331", "price": "3133.18000000", "time": "2025-07-16T01:09:45.933249Z", "fetched_at": "2025-07-16T01:10:49.291917+00:00", "symbol": "ETH-USD"}, {"trade_id": 667704879, "side": "buy", "size": "0.79152001", "price": "3133.19000000", "time": "2025-07-16T01:09:45.933249Z", "fetched_at": "2025-07-16T01:10:49.291917+00:00", "symbol": "ETH-USD"}, {"trade_id": 667704878, "side": "buy", "size": "0.55243365", "price": "3133.52000000", "time": "2025-07-16T01:09:45.831667Z", "fetched_at": "2025-07-16T01:10:49.291917+00:00", "symbol": "ETH-USD"}, {"trade_id": 667704877, "side": "sell", "size": "0.00005446", "price": "3133.53000000", "time": "2025-07-16T01:09:45.653058Z", "fetched_at": "2025-07-16T01:10:49.291917+00:00", "symbol": "ETH-USD"}, {"trade_id": 667704876, "side": "sell", "size": "0.00005589", "price": "3133.53000000", "time": "2025-07-16T01:09:45.653058Z", "fetched_at": "2025-07-16T01:10:49.291917+00:00", "symbol": "ETH-USD"}, {"trade_id": 667704875, "side": "sell", "size": "0.00024002", "price": "3133.53000000", "time": "2025-07-16T01:09:45.653058Z", "fetched_at": "2025-07-16T01:10:49.291917+00:00", "symbol": "ETH-USD"}, {"trade_id": 667704874, "side": "buy", "size": "0.05752636", "price": "3133.52000000", "time": "2025-07-16T01:09:45.480569Z", "fetched_at": "2025-07-16T01:10:49.291917+00:00", "symbol": "ETH-USD"}, {"trade_id": 667704873, "side": "sell", "size": "0.05694536", "price": "3133.69000000", "time": "2025-07-16T01:09:44.131452Z", "fetched_at": "2025-07-16T01:10:49.291917+00:00", "symbol": "ETH-USD"}, {"trade_id": 667704872, "side": "sell", "size": "0.00005752", "price": "3133.68000000", "time": "2025-07-16T01:09:44.131452Z", "fetched_at": "2025-07-16T01:10:49.291917+00:00", "symbol": "ETH-USD"}, {"trade_id": 667704871, "side": "sell", "size": "0.00024709", "price": "3133.68000000", "time": "2025-07-16T01:09:44.131452Z", "fetched_at": "2025-07-16T01:10:49.291917+00:00", "symbol": "ETH-USD"}, {"trade_id": 667704870, "side": "sell", "size": "0.00010335", "price": "3133.64000000", "time": "2025-07-16T01:09:44.131452Z", "fetched_at": "2025-07-16T01:10:49.291917+00:00", "symbol": "ETH-USD"}, {"trade_id": 667704869, "side": "sell", "size": "0.00319244", "price": "3133.53000000", "time": "2025-07-16T01:09:44.131452Z", "fetched_at": "2025-07-16T01:10:49.291917+00:00", "symbol": "ETH-USD"}, {"trade_id": 667704868, "side": "sell", "size": "0.06534653", "price": "3133.65000000", "time": "2025-07-16T01:09:43.537488Z", "fetched_at": "2025-07-16T01:10:49.291917+00:00", "symbol": "ETH-USD"}, {"trade_id": 667704867, "side": "sell", "size": "0.00319244", "price": "3133.64000000", "time": "2025-07-16T01:09:43.537488Z", "fetched_at": "2025-07-16T01:10:49.291917+00:00", "symbol": "ETH-USD"}, {"trade_id": 667704866, "side": "buy", "size": "0.20804563", "price": "3133.67000000", "time": "2025-07-16T01:09:43.459437Z", "fetched_at": "2025-07-16T01:10:49.291917+00:00", "symbol": "ETH-USD"}, {"trade_id": 667704865, "side": "sell", "size": "0.00005207", "price": "3133.68000000", "time": "2025-07-16T01:09:42.332364Z", "fetched_at": "2025-07-16T01:10:49.291917+00:00", "symbol": "ETH-USD"}, {"trade_id": 667704864, "side": "buy", "size": "0.00057438", "price": "3133.67000000", "time": "2025-07-16T01:09:41.972980Z", "fetched_at": "2025-07-16T01:10:49.291917+00:00", "symbol": "ETH-USD"}, {"trade_id": 667704863, "side": "buy", "size": "0.29590000", "price": "3133.67000000", "time": "2025-07-16T01:09:41.820603Z", "fetched_at": "2025-07-16T01:10:49.291917+00:00", "symbol": "ETH-USD"}, {"trade_id": 667704862, "side": "buy", "size": "0.10000000", "price": "3133.67000000", "time": "2025-07-16T01:09:40.966772Z", "fetched_at": "2025-07-16T01:10:49.291917+00:00", "symbol": "ETH-USD"}, {"trade_id": 667704861, "side": "sell", "size": "0.00755884", "price": "3133.68000000", "time": "2025-07-16T01:09:40.614776Z", "fetched_at": "2025-07-16T01:10:49.291917+00:00", "symbol": "ETH-USD"}, {"trade_id": 667704860, "side": "sell", "size": "0.27352368", "price": "3133.75000000", "time": "2025-07-16T01:09:40.427781Z", "fetched_at": "2025-07-16T01:10:49.291917+00:00", "symbol": "ETH-USD"}, {"trade_id": 667704859, "side": "sell", "size": "0.30000000", "price": "3133.70000000", "time": "2025-07-16T01:09:40.427781Z", "fetched_at": "2025-07-16T01:10:49.291917+00:00", "symbol": "ETH-USD"}, {"trade_id": 667704858, "side": "sell", "size": "0.04395770", "price": "3133.65000000", "time": "2025-07-16T01:09:40.427781Z", "fetched_at": "2025-07-16T01:10:49.291917+00:00", "symbol": "ETH-USD"}, {"trade_id": 667704857, "side": "sell", "size": "0.00005425", "price": "3133.65000000", "time": "2025-07-16T01:09:40.427781Z", "fetched_at": "2025-07-16T01:10:49.291917+00:00", "symbol": "ETH-USD"}, {"trade_id": 667704856, "side": "sell", "size": "0.00023292", "price": "3133.65000000", "time": "2025-07-16T01:09:40.427781Z", "fetched_at": "2025-07-16T01:10:49.291917+00:00", "symbol": "ETH-USD"}, {"trade_id": 667704855, "side": "sell", "size": "0.30000000", "price": "3133.60000000", "time": "2025-07-16T01:09:40.427781Z", "fetched_at": "2025-07-16T01:10:49.291917+00:00", "symbol": "ETH-USD"}, {"trade_id": 667704854, "side": "sell", "size": "0.34820349", "price": "3133.58000000", "time": "2025-07-16T01:09:40.427781Z", "fetched_at": "2025-07-16T01:10:49.291917+00:00", "symbol": "ETH-USD"}, {"trade_id": 667704853, "side": "sell", "size": "0.00319244", "price": "3133.58000000", "time": "2025-07-16T01:09:40.427781Z", "fetched_at": "2025-07-16T01:10:49.291917+00:00", "symbol": "ETH-USD"}, {"trade_id": 667704852, "side": "sell", "size": "0.01335471", "price": "3133.58000000", "time": "2025-07-16T01:09:39.327186Z", "fetched_at": "2025-07-16T01:10:49.291917+00:00", "symbol": "ETH-USD"}, {"trade_id": 667704851, "side": "sell", "size": "0.00319244", "price": "3133.57000000", "time": "2025-07-16T01:09:39.327186Z", "fetched_at": "2025-07-16T01:10:49.291917+00:00", "symbol": "ETH-USD"}, {"trade_id": 667704850, "side": "sell", "size": "0.00010669", "price": "3133.49000000", "time": "2025-07-16T01:09:39.327186Z", "fetched_at": "2025-07-16T01:10:49.291917+00:00", "symbol": "ETH-USD"}, {"trade_id": 667704849, "side": "sell", "size": "0.00010000", "price": "3133.52000000", "time": "2025-07-16T01:09:37.531383Z", "fetched_at": "2025-07-16T01:10:49.291917+00:00", "symbol": "ETH-USD"}, {"trade_id": 667704848, "side": "sell", "size": "0.00213314", "price": "3133.53000000", "time": "2025-07-16T01:09:37.176194Z", "fetched_at": "2025-07-16T01:10:49.291917+00:00", "symbol": "ETH-USD"}, {"trade_id": 667704847, "side": "sell", "size": "0.03269192", "price": "3133.45000000", "time": "2025-07-16T01:09:37.162866Z", "fetched_at": "2025-07-16T01:10:49.291917+00:00", "symbol": "ETH-USD"}, {"trade_id": 667704846, "side": "sell", "size": "0.00305947", "price": "3133.44000000", "time": "2025-07-16T01:09:37.162866Z", "fetched_at": "2025-07-16T01:10:49.291917+00:00", "symbol": "ETH-USD"}, {"trade_id": 667704845, "side": "sell", "size": "0.00023391", "price": "3133.43000000", "time": "2025-07-16T01:09:36.890918Z", "fetched_at": "2025-07-16T01:10:49.291917+00:00", "symbol": "ETH-USD"}, {"trade_id": 667704844, "side": "sell", "size": "0.00010000", "price": "3133.55000000", "time": "2025-07-16T01:09:36.734762Z", "fetched_at": "2025-07-16T01:10:49.291917+00:00", "symbol": "ETH-USD"}, {"trade_id": 667704843, "side": "buy", "size": "0.05385473", "price": "3133.01000000", "time": "2025-07-16T01:09:36.238506Z", "fetched_at": "2025-07-16T01:10:49.291917+00:00", "symbol": "ETH-USD"}, {"trade_id": 667704842, "side": "buy", "size": "0.05817489", "price": "3133.01000000", "time": "2025-07-16T01:09:36.238506Z", "fetched_at": "2025-07-16T01:10:49.291917+00:00", "symbol": "ETH-USD"}, {"trade_id": 667704841, "side": "buy", "size": "0.00039613", "price": "3133.02000000", "time": "2025-07-16T01:09:36.238506Z", "fetched_at": "2025-07-16T01:10:49.291917+00:00", "symbol": "ETH-USD"}, {"trade_id": 667704840, "side": "buy", "size": "0.13777309", "price": "3132.91000000", "time": "2025-07-16T01:09:35.926308Z", "fetched_at": "2025-07-16T01:10:49.291917+00:00", "symbol": "ETH-USD"}, {"trade_id": 667704839, "side": "buy", "size": "0.04237512", "price": "3132.97000000", "time": "2025-07-16T01:09:35.926308Z", "fetched_at": "2025-07-16T01:10:49.291917+00:00", "symbol": "ETH-USD"}, {"trade_id": 667704838, "side": "buy", "size": "0.03809152", "price": "3132.98000000", "time": "2025-07-16T01:09:35.926308Z", "fetched_at": "2025-07-16T01:10:49.291917+00:00", "symbol": "ETH-USD"}, {"trade_id": 667704837, "side": "buy", "size": "0.00039614", "price": "3132.99000000", "time": "2025-07-16T01:09:35.926308Z", "fetched_at": "2025-07-16T01:10:49.291917+00:00", "symbol": "ETH-USD"}, {"trade_id": 667704836, "side": "buy", "size": "0.00020000", "price": "3133.21000000", "time": "2025-07-16T01:09:35.926308Z", "fetched_at": "2025-07-16T01:10:49.291917+00:00", "symbol": "ETH-USD"}, {"trade_id": 667704835, "side": "buy", "size": "0.10000000", "price": "3133.30000000", "time": "2025-07-16T01:09:35.926308Z", "fetched_at": "2025-07-16T01:10:49.291917+00:00", "symbol": "ETH-USD"}, {"trade_id": 667704834, "side": "sell", "size": "0.00010000", "price": "3132.98000000", "time": "2025-07-16T01:09:34.393074Z", "fetched_at": "2025-07-16T01:10:49.291917+00:00", "symbol": "ETH-USD"}, {"trade_id": 667704833, "side": "buy", "size": "0.18776000", "price": "3132.97000000", "time": "2025-07-16T01:09:34.382093Z", "fetched_at": "2025-07-16T01:10:49.291917+00:00", "symbol": "ETH-USD"}, {"trade_id": 667704832, "side": "sell", "size": "1.14387000", "price": "3132.87000000", "time": "2025-07-16T01:09:34.368206Z", "fetched_at": "2025-07-16T01:10:49.291917+00:00", "symbol": "ETH-USD"}, {"trade_id": 667704831, "side": "sell", "size": "0.09887331", "price": "3132.87000000", "time": "2025-07-16T01:09:34.368206Z", "fetched_at": "2025-07-16T01:10:49.291917+00:00", "symbol": "ETH-USD"}, {"trade_id": 667704830, "side": "buy", "size": "0.00039615", "price": "3132.86000000", "time": "2025-07-16T01:09:34.365999Z", "fetched_at": "2025-07-16T01:10:49.291917+00:00", "symbol": "ETH-USD"}, {"trade_id": 667704829, "side": "buy", "size": "0.00039615", "price": "3132.86000000", "time": "2025-07-16T01:09:34.345504Z", "fetched_at": "2025-07-16T01:10:49.291917+00:00", "symbol": "ETH-USD"}, {"trade_id": 667704828, "side": "buy", "size": "0.00039615", "price": "3132.86000000", "time": "2025-07-16T01:09:34.326653Z", "fetched_at": "2025-07-16T01:10:49.291917+00:00", "symbol": "ETH-USD"}, {"trade_id": 667704827, "side": "buy", "size": "0.00039615", "price": "3132.86000000", "time": "2025-07-16T01:09:34.316352Z", "fetched_at": "2025-07-16T01:10:49.291917+00:00", "symbol": "ETH-USD"}, {"trade_id": 667704826, "side": "buy", "size": "0.00039611", "price": "3133.21000000", "time": "2025-07-16T01:09:33.402886Z", "fetched_at": "2025-07-16T01:10:49.291917+00:00", "symbol": "ETH-USD"}, {"trade_id": 667704825, "side": "sell", "size": "0.07754958", "price": "3133.22000000", "time": "2025-07-16T01:09:33.389306Z", "fetched_at": "2025-07-16T01:10:49.291917+00:00", "symbol": "ETH-USD"}, {"trade_id": 667704824, "side": "sell", "size": "0.16411000", "price": "3133.13000000", "time": "2025-07-16T01:09:33.389306Z", "fetched_at": "2025-07-16T01:10:49.291917+00:00", "symbol": "ETH-USD"}, {"trade_id": 667704823, "side": "buy", "size": "0.00000770", "price": "3133.29000000", "time": "2025-07-16T01:09:33.385589Z", "fetched_at": "2025-07-16T01:10:49.291917+00:00", "symbol": "ETH-USD"}, {"trade_id": 667704822, "side": "buy", "size": "0.04395000", "price": "3133.29000000", "time": "2025-07-16T01:09:33.381889Z", "fetched_at": "2025-07-16T01:10:49.291917+00:00", "symbol": "ETH-USD"}, {"trade_id": 667704821, "side": "buy", "size": "0.12301653", "price": "3133.40000000", "time": "2025-07-16T01:09:33.374940Z", "fetched_at": "2025-07-16T01:10:49.291917+00:00", "symbol": "ETH-USD"}, {"trade_id": 667704820, "side": "buy", "size": "0.56819227", "price": "3133.44000000", "time": "2025-07-16T01:09:33.124494Z", "fetched_at": "2025-07-16T01:10:49.291917+00:00", "symbol": "ETH-USD"}, {"trade_id": 667704819, "side": "buy", "size": "0.00084768", "price": "3133.45000000", "time": "2025-07-16T01:09:33.124494Z", "fetched_at": "2025-07-16T01:10:49.291917+00:00", "symbol": "ETH-USD"}, {"trade_id": 667704818, "side": "sell", "size": "0.14353140", "price": "3133.60000000", "time": "2025-07-16T01:09:32.950867Z", "fetched_at": "2025-07-16T01:10:49.291917+00:00", "symbol": "ETH-USD"}, {"trade_id": 667704817, "side": "sell", "size": "0.03126764", "price": "3133.75000000", "time": "2025-07-16T01:09:32.506351Z", "fetched_at": "2025-07-16T01:10:49.291917+00:00", "symbol": "ETH-USD"}, {"trade_id": 667704816, "side": "sell", "size": "0.00024001", "price": "3133.50000000", "time": "2025-07-16T01:09:32.506351Z", "fetched_at": "2025-07-16T01:10:49.291917+00:00", "symbol": "ETH-USD"}, {"trade_id": 667704815, "side": "sell", "size": "0.00005589", "price": "3133.50000000", "time": "2025-07-16T01:09:32.506351Z", "fetched_at": "2025-07-16T01:10:49.291917+00:00", "symbol": "ETH-USD"}, {"trade_id": 667704814, "side": "sell", "size": "0.32245384", "price": "3133.28000000", "time": "2025-07-16T01:09:32.251991Z", "fetched_at": "2025-07-16T01:10:49.291917+00:00", "symbol": "ETH-USD"}, {"trade_id": 667704813, "side": "sell", "size": "0.41885007", "price": "3133.23000000", "time": "2025-07-16T01:09:32.156656Z", "fetched_at": "2025-07-16T01:10:49.291917+00:00", "symbol": "ETH-USD"}, {"trade_id": 667704812, "side": "sell", "size": "0.54231784", "price": "3133.23000000", "time": "2025-07-16T01:09:32.118172Z", "fetched_at": "2025-07-16T01:10:49.291917+00:00", "symbol": "ETH-USD"}, {"trade_id": 667704811, "side": "sell", "size": "0.37214934", "price": "3133.11000000", "time": "2025-07-16T01:09:32.114466Z", "fetched_at": "2025-07-16T01:10:49.291917+00:00", "symbol": "ETH-USD"}, {"trade_id": 667704810, "side": "sell", "size": "0.19994151", "price": "3132.98000000", "time": "2025-07-16T01:09:32.047009Z", "fetched_at": "2025-07-16T01:10:49.291917+00:00", "symbol": "ETH-USD"}, {"trade_id": 667704809, "side": "buy", "size": "0.01623000", "price": "3132.96000000", "time": "2025-07-16T01:09:32.044701Z", "fetched_at": "2025-07-16T01:10:49.291917+00:00", "symbol": "ETH-USD"}, {"trade_id": 667704808, "side": "sell", "size": "0.41885007", "price": "3132.79000000", "time": "2025-07-16T01:09:32.011318Z", "fetched_at": "2025-07-16T01:10:49.291917+00:00", "symbol": "ETH-USD"}, {"trade_id": 667704807, "side": "sell", "size": "0.15654053", "price": "3132.77000000", "time": "2025-07-16T01:09:31.994132Z", "fetched_at": "2025-07-16T01:10:49.291917+00:00", "symbol": "ETH-USD"}, {"trade_id": 667704806, "side": "sell", "size": "0.00305947", "price": "3132.76000000", "time": "2025-07-16T01:09:31.994132Z", "fetched_at": "2025-07-16T01:10:49.291917+00:00", "symbol": "ETH-USD"}, {"trade_id": 667704805, "side": "sell", "size": "0.55737487", "price": "3132.65000000", "time": "2025-07-16T01:09:31.950775Z", "fetched_at": "2025-07-16T01:10:49.291917+00:00", "symbol": "ETH-USD"}, {"trade_id": 667704804, "side": "sell", "size": "0.04262513", "price": "3132.61000000", "time": "2025-07-16T01:09:31.950775Z", "fetched_at": "2025-07-16T01:10:49.291917+00:00", "symbol": "ETH-USD"}, {"trade_id": 667704803, "side": "sell", "size": "0.77070351", "price": "3132.61000000", "time": "2025-07-16T01:09:31.949709Z", "fetched_at": "2025-07-16T01:10:49.291917+00:00", "symbol": "ETH-USD"}, {"trade_id": 667704802, "side": "sell", "size": "0.04262513", "price": "3132.59000000", "time": "2025-07-16T01:09:31.949709Z", "fetched_at": "2025-07-16T01:10:49.291917+00:00", "symbol": "ETH-USD"}, {"trade_id": 667704801, "side": "sell", "size": "0.00305947", "price": "3132.37000000", "time": "2025-07-16T01:09:31.949709Z", "fetched_at": "2025-07-16T01:10:49.291917+00:00", "symbol": "ETH-USD"}, {"trade_id": 667704800, "side": "sell", "size": "0.00305947", "price": "3132.37000000", "time": "2025-07-16T01:09:31.938363Z", "fetched_at": "2025-07-16T01:10:49.291917+00:00", "symbol": "ETH-USD"}, {"trade_id": 667704799, "side": "sell", "size": "0.36259902", "price": "3132.37000000", "time": "2025-07-16T01:09:31.938363Z", "fetched_at": "2025-07-16T01:10:49.291917+00:00", "symbol": "ETH-USD"}, {"trade_id": 667704798, "side": "sell", "size": "0.00468477", "price": "3132.37000000", "time": "2025-07-16T01:09:31.823427Z", "fetched_at": "2025-07-16T01:10:49.291917+00:00", "symbol": "ETH-USD"}, {"trade_id": 667704797, "side": "sell", "size": "0.00305947", "price": "3132.37000000", "time": "2025-07-16T01:09:31.823427Z", "fetched_at": "2025-07-16T01:10:49.291917+00:00", "symbol": "ETH-USD"}, {"trade_id": 667704796, "side": "sell", "size": "0.57180191", "price": "3132.53000000", "time": "2025-07-16T01:09:31.463428Z", "fetched_at": "2025-07-16T01:10:49.291917+00:00", "symbol": "ETH-USD"}, {"trade_id": 667704795, "side": "sell", "size": "0.79808714", "price": "3132.49000000", "time": "2025-07-16T01:09:31.463428Z", "fetched_at": "2025-07-16T01:10:49.291917+00:00", "symbol": "ETH-USD"}, {"trade_id": 667704794, "side": "sell", "size": "0.00305947", "price": "3132.36000000", "time": "2025-07-16T01:09:31.463428Z", "fetched_at": "2025-07-16T01:10:49.291917+00:00", "symbol": "ETH-USD"}, {"trade_id": 667704793, "side": "sell", "size": "0.00305947", "price": "3132.33000000", "time": "2025-07-16T01:09:31.388248Z", "fetched_at": "2025-07-16T01:10:49.291917+00:00", "symbol": "ETH-USD"}, {"trade_id": 667704792, "side": "sell", "size": "0.79812791", "price": "3132.33000000", "time": "2025-07-16T01:09:31.388248Z", "fetched_at": "2025-07-16T01:10:49.291917+00:00", "symbol": "ETH-USD"}, {"trade_id": 667704791, "side": "sell", "size": "0.00305947", "price": "3132.31000000", "time": "2025-07-16T01:09:31.229230Z", "fetched_at": "2025-07-16T01:10:49.291917+00:00", "symbol": "ETH-USD"}, {"trade_id": 667704790, "side": "sell", "size": "0.00048005", "price": "3132.31000000", "time": "2025-07-16T01:09:31.229230Z", "fetched_at": "2025-07-16T01:10:49.291917+00:00", "symbol": "ETH-USD"}, {"trade_id": 667704789, "side": "sell", "size": "0.00011176", "price": "3132.31000000", "time": "2025-07-16T01:09:31.229230Z", "fetched_at": "2025-07-16T01:10:49.291917+00:00", "symbol": "ETH-USD"}, {"trade_id": 667704788, "side": "sell", "size": "0.58881654", "price": "3132.31000000", "time": "2025-07-16T01:09:31.229230Z", "fetched_at": "2025-07-16T01:10:49.291917+00:00", "symbol": "ETH-USD"}, {"trade_id": 667704787, "side": "sell", "size": "0.78465278", "price": "3132.20000000", "time": "2025-07-16T01:09:31.010366Z", "fetched_at": "2025-07-16T01:10:49.291917+00:00", "symbol": "ETH-USD"}, {"trade_id": 667704786, "side": "sell", "size": "0.01317053", "price": "3132.20000000", "time": "2025-07-16T01:09:31.001549Z", "fetched_at": "2025-07-16T01:10:49.291917+00:00", "symbol": "ETH-USD"}, {"trade_id": 667704785, "side": "sell", "size": "0.00305947", "price": "3132.18000000", "time": "2025-07-16T01:09:31.001549Z", "fetched_at": "2025-07-16T01:10:49.291917+00:00", "symbol": "ETH-USD"}, {"trade_id": 667704784, "side": "buy", "size": "1.00000000", "price": "3132.09000000", "time": "2025-07-16T01:09:30.237436Z", "fetched_at": "2025-07-16T01:10:49.291917+00:00", "symbol": "ETH-USD"}, {"trade_id": 667704783, "side": "sell", "size": "0.78232944", "price": "3132.35000000", "time": "2025-07-16T01:09:30.178469Z", "fetched_at": "2025-07-16T01:10:49.291917+00:00", "symbol": "ETH-USD"}, {"trade_id": 667704782, "side": "sell", "size": "0.00305947", "price": "3132.34000000", "time": "2025-07-16T01:09:30.178469Z", "fetched_at": "2025-07-16T01:10:49.291917+00:00", "symbol": "ETH-USD"}, {"trade_id": 667704781, "side": "sell", "size": "0.15962890", "price": "3132.27000000", "time": "2025-07-16T01:09:30.177254Z", "fetched_at": "2025-07-16T01:10:49.291917+00:00", "symbol": "ETH-USD"}, {"trade_id": 667704780, "side": "sell", "size": "0.30000000", "price": "3132.20000000", "time": "2025-07-16T01:09:30.177254Z", "fetched_at": "2025-07-16T01:10:49.291917+00:00", "symbol": "ETH-USD"}, {"trade_id": 667704779, "side": "sell", "size": "0.29990000", "price": "3132.10000000", "time": "2025-07-16T01:09:30.174619Z", "fetched_at": "2025-07-16T01:10:49.291917+00:00", "symbol": "ETH-USD"}, {"trade_id": 667704778, "side": "sell", "size": "0.72591560", "price": "3132.09000000", "time": "2025-07-16T01:09:30.174619Z", "fetched_at": "2025-07-16T01:10:49.291917+00:00", "symbol": "ETH-USD"}, {"trade_id": 667704777, "side": "sell", "size": "0.07961776", "price": "3132.09000000", "time": "2025-07-16T01:09:29.458431Z", "fetched_at": "2025-07-16T01:10:49.291917+00:00", "symbol": "ETH-USD"}, {"trade_id": 667704776, "side": "sell", "size": "0.00010326", "price": "3132.10000000", "time": "2025-07-16T01:09:29.168519Z", "fetched_at": "2025-07-16T01:10:49.291917+00:00", "symbol": "ETH-USD"}, {"trade_id": 667704775, "side": "sell", "size": "0.00305947", "price": "3132.09000000", "time": "2025-07-16T01:09:29.168519Z", "fetched_at": "2025-07-16T01:10:49.291917+00:00", "symbol": "ETH-USD"}, {"trade_id": 667704774, "side": "sell", "size": "0.00016344", "price": "3131.98000000", "time": "2025-07-16T01:09:29.168519Z", "fetched_at": "2025-07-16T01:10:49.291917+00:00", "symbol": "ETH-USD"}, {"trade_id": 667704773, "side": "sell", "size": "0.00774463", "price": "3131.98000000", "time": "2025-07-16T01:09:28.505136Z", "fetched_at": "2025-07-16T01:10:49.291917+00:00", "symbol": "ETH-USD"}, {"trade_id": 667704772, "side": "buy", "size": "0.00986330", "price": "3131.97000000", "time": "2025-07-16T01:09:28.467846Z", "fetched_at": "2025-07-16T01:10:49.291917+00:00", "symbol": "ETH-USD"}, {"trade_id": 667704771, "side": "sell", "size": "0.01735669", "price": "3132.18000000", "time": "2025-07-16T01:09:28.198775Z", "fetched_at": "2025-07-16T01:10:49.291917+00:00", "symbol": "ETH-USD"}, {"trade_id": 667704770, "side": "sell", "size": "0.53694053", "price": "3132.27000000", "time": "2025-07-16T01:09:27.977965Z", "fetched_at": "2025-07-16T01:10:49.291917+00:00", "symbol": "ETH-USD"}, {"trade_id": 667704769, "side": "sell", "size": "0.10000000", "price": "3132.26000000", "time": "2025-07-16T01:09:27.977965Z", "fetched_at": "2025-07-16T01:10:49.291917+00:00", "symbol": "ETH-USD"}, {"trade_id": 667704768, "side": "sell", "size": "0.36000000", "price": "3132.26000000", "time": "2025-07-16T01:09:27.977965Z", "fetched_at": "2025-07-16T01:10:49.291917+00:00", "symbol": "ETH-USD"}, {"trade_id": 667704767, "side": "sell", "size": "0.00305947", "price": "3132.25000000", "time": "2025-07-16T01:09:27.977965Z", "fetched_at": "2025-07-16T01:10:49.291917+00:00", "symbol": "ETH-USD"}, {"trade_id": 667704766, "side": "buy", "size": "0.06992868", "price": "3131.41000000", "time": "2025-07-16T01:09:27.608457Z", "fetched_at": "2025-07-16T01:10:49.291917+00:00", "symbol": "ETH-USD"}, {"trade_id": 667704765, "side": "buy", "size": "0.94500000", "price": "3131.48000000", "time": "2025-07-16T01:09:27.608457Z", "fetched_at": "2025-07-16T01:10:49.291917+00:00", "symbol": "ETH-USD"}, {"trade_id": 667704764, "side": "buy", "size": "1.65955409", "price": "3131.49000000", "time": "2025-07-16T01:09:27.608457Z", "fetched_at": "2025-07-16T01:10:49.291917+00:00", "symbol": "ETH-USD"}, {"trade_id": 667704763, "side": "buy", "size": "0.12315559", "price": "3131.49000000", "time": "2025-07-16T01:09:27.608457Z", "fetched_at": "2025-07-16T01:10:49.291917+00:00", "symbol": "ETH-USD"}, {"trade_id": 667704762, "side": "buy", "size": "0.39230000", "price": "3131.56000000", "time": "2025-07-16T01:09:27.608457Z", "fetched_at": "2025-07-16T01:10:49.291917+00:00", "symbol": "ETH-USD"}, {"trade_id": 667704761, "side": "buy", "size": "0.39319000", "price": "3131.56000000", "time": "2025-07-16T01:09:27.608457Z", "fetched_at": "2025-07-16T01:10:49.291917+00:00", "symbol": "ETH-USD"}, {"trade_id": 667704760, "side": "buy", "size": "0.34067160", "price": "3131.57000000", "time": "2025-07-16T01:09:27.608457Z", "fetched_at": "2025-07-16T01:10:49.291917+00:00", "symbol": "ETH-USD"}, {"trade_id": 667704759, "side": "buy", "size": "0.49419512", "price": "3131.58000000", "time": "2025-07-16T01:09:27.608457Z", "fetched_at": "2025-07-16T01:10:49.291917+00:00", "symbol": "ETH-USD"}, {"trade_id": 667704758, "side": "buy", "size": "0.20205140", "price": "3131.69000000", "time": "2025-07-16T01:09:27.608457Z", "fetched_at": "2025-07-16T01:10:49.291917+00:00", "symbol": "ETH-USD"}, {"trade_id": 667704757, "side": "buy", "size": "0.34514905", "price": "3131.71000000", "time": "2025-07-16T01:09:27.608457Z", "fetched_at": "2025-07-16T01:10:49.291917+00:00", "symbol": "ETH-USD"}, {"trade_id": 667704756, "side": "buy", "size": "0.94500000", "price": "3131.87000000", "time": "2025-07-16T01:09:27.608457Z", "fetched_at": "2025-07-16T01:10:49.291917+00:00", "symbol": "ETH-USD"}, {"trade_id": 667704755, "side": "buy", "size": "0.20000000", "price": "3131.88000000", "time": "2025-07-16T01:09:27.608457Z", "fetched_at": "2025-07-16T01:10:49.291917+00:00", "symbol": "ETH-USD"}, {"trade_id": 667704754, "side": "buy", "size": "0.00039628", "price": "3131.88000000", "time": "2025-07-16T01:09:27.608457Z", "fetched_at": "2025-07-16T01:10:49.291917+00:00", "symbol": "ETH-USD"}, {"trade_id": 667704753, "side": "buy", "size": "0.62344704", "price": "3132.20000000", "time": "2025-07-16T01:09:27.608457Z", "fetched_at": "2025-07-16T01:10:49.291917+00:00", "symbol": "ETH-USD"}, {"trade_id": 667704752, "side": "buy", "size": "0.37655296", "price": "3132.20000000", "time": "2025-07-16T01:09:27.460067Z", "fetched_at": "2025-07-16T01:10:49.291917+00:00", "symbol": "ETH-USD"}, {"trade_id": 667704751, "side": "sell", "size": "0.26261194", "price": "3132.73000000", "time": "2025-07-16T01:09:27.394571Z", "fetched_at": "2025-07-16T01:10:49.291917+00:00", "symbol": "ETH-USD"}, {"trade_id": 667704750, "side": "sell", "size": "0.32594994", "price": "3132.72000000", "time": "2025-07-16T01:09:27.394571Z", "fetched_at": "2025-07-16T01:10:49.291917+00:00", "symbol": "ETH-USD"}, {"trade_id": 667704749, "side": "sell", "size": "0.12580134", "price": "3132.71000000", "time": "2025-07-16T01:09:27.394571Z", "fetched_at": "2025-07-16T01:10:49.291917+00:00", "symbol": "ETH-USD"}, {"trade_id": 667704748, "side": "sell", "size": "0.57971565", "price": "3132.61000000", "time": "2025-07-16T01:09:27.394571Z", "fetched_at": "2025-07-16T01:10:49.291917+00:00", "symbol": "ETH-USD"}, {"trade_id": 667704747, "side": "sell", "size": "0.79807043", "price": "3132.56000000", "time": "2025-07-16T01:09:27.394571Z", "fetched_at": "2025-07-16T01:10:49.291917+00:00", "symbol": "ETH-USD"}, {"trade_id": 667704746, "side": "sell", "size": "0.94500000", "price": "3132.52000000", "time": "2025-07-16T01:09:27.394571Z", "fetched_at": "2025-07-16T01:10:49.291917+00:00", "symbol": "ETH-USD"}, {"trade_id": 667704745, "side": "sell", "size": "0.06411017", "price": "3132.51000000", "time": "2025-07-16T01:09:27.394571Z", "fetched_at": "2025-07-16T01:10:49.291917+00:00", "symbol": "ETH-USD"}, {"trade_id": 667704744, "side": "sell", "size": "0.15962886", "price": "3132.27000000", "time": "2025-07-16T01:09:27.394033Z", "fetched_at": "2025-07-16T01:10:49.291917+00:00", "symbol": "ETH-USD"}, {"trade_id": 667704743, "side": "sell", "size": "0.79912206", "price": "3132.19000000", "time": "2025-07-16T01:09:27.394033Z", "fetched_at": "2025-07-16T01:10:49.291917+00:00", "symbol": "ETH-USD"}, {"trade_id": 667704742, "side": "sell", "size": "0.60000000", "price": "3132.19000000", "time": "2025-07-16T01:09:27.394033Z", "fetched_at": "2025-07-16T01:10:49.291917+00:00", "symbol": "ETH-USD"}, {"trade_id": 667704741, "side": "buy", "size": "0.00804920", "price": "3132.18000000", "time": "2025-07-16T01:09:27.151066Z", "fetched_at": "2025-07-16T01:10:49.291917+00:00", "symbol": "ETH-USD"}, {"trade_id": 667704740, "side": "sell", "size": "0.00307702", "price": "3132.65000000", "time": "2025-07-16T01:09:26.884189Z", "fetched_at": "2025-07-16T01:10:49.291917+00:00", "symbol": "ETH-USD"}, {"trade_id": 667704739, "side": "buy", "size": "0.07371000", "price": "3132.56000000", "time": "2025-07-16T01:09:26.875421Z", "fetched_at": "2025-07-16T01:10:49.291917+00:00", "symbol": "ETH-USD"}, {"trade_id": 667704738, "side": "sell", "size": "0.39032738", "price": "3132.57000000", "time": "2025-07-16T01:09:26.723633Z", "fetched_at": "2025-07-16T01:10:49.291917+00:00", "symbol": "ETH-USD"}, {"trade_id": 667704737, "side": "sell", "size": "0.39562941", "price": "3132.57000000", "time": "2025-07-16T01:09:26.721921Z", "fetched_at": "2025-07-16T01:10:49.291917+00:00", "symbol": "ETH-USD"}, {"trade_id": 667704736, "side": "sell", "size": "0.30000000", "price": "3132.58000000", "time": "2025-07-16T01:09:26.686230Z", "fetched_at": "2025-07-16T01:10:49.291917+00:00", "symbol": "ETH-USD"}, {"trade_id": 667704735, "side": "sell", "size": "0.22896052", "price": "3132.57000000", "time": "2025-07-16T01:09:26.686230Z", "fetched_at": "2025-07-16T01:10:49.291917+00:00", "symbol": "ETH-USD"}, {"trade_id": 667704734, "side": "sell", "size": "0.79806931", "price": "3132.56000000", "time": "2025-07-16T01:09:26.686230Z", "fetched_at": "2025-07-16T01:10:49.291917+00:00", "symbol": "ETH-USD"}, {"trade_id": 667704733, "side": "sell", "size": "0.15961386", "price": "3132.56000000", "time": "2025-07-16T01:09:26.686230Z", "fetched_at": "2025-07-16T01:10:49.291917+00:00", "symbol": "ETH-USD"}, {"trade_id": 667704732, "side": "sell", "size": "0.33967403", "price": "3132.26000000", "time": "2025-07-16T01:09:26.587842Z", "fetched_at": "2025-07-16T01:10:49.291917+00:00", "symbol": "ETH-USD"}, {"trade_id": 667704731, "side": "sell", "size": "0.00305546", "price": "3132.26000000", "time": "2025-07-16T01:09:26.587842Z", "fetched_at": "2025-07-16T01:10:49.291917+00:00", "symbol": "ETH-USD"}, {"trade_id": 667704730, "side": "buy", "size": "0.04831786", "price": "3131.55000000", "time": "2025-07-16T01:09:26.367607Z", "fetched_at": "2025-07-16T01:10:49.291917+00:00", "symbol": "ETH-USD"}, {"trade_id": 667704729, "side": "buy", "size": "0.53560531", "price": "3131.70000000", "time": "2025-07-16T01:09:26.367607Z", "fetched_at": "2025-07-16T01:10:49.291917+00:00", "symbol": "ETH-USD"}, {"trade_id": 667704728, "side": "buy", "size": "0.56752560", "price": "3131.73000000", "time": "2025-07-16T01:09:26.367607Z", "fetched_at": "2025-07-16T01:10:49.291917+00:00", "symbol": "ETH-USD"}, {"trade_id": 667704727, "side": "buy", "size": "0.07610901", "price": "3131.80000000", "time": "2025-07-16T01:09:26.367607Z", "fetched_at": "2025-07-16T01:10:49.291917+00:00", "symbol": "ETH-USD"}, {"trade_id": 667704726, "side": "buy", "size": "0.00043971", "price": "3132.15000000", "time": "2025-07-16T01:09:26.367607Z", "fetched_at": "2025-07-16T01:10:49.291917+00:00", "symbol": "ETH-USD"}, {"trade_id": 667704725, "side": "buy", "size": "0.86889099", "price": "3131.80000000", "time": "2025-07-16T01:09:26.361594Z", "fetched_at": "2025-07-16T01:10:49.291917+00:00", "symbol": "ETH-USD"}, {"trade_id": 667704724, "side": "buy", "size": "0.01579029", "price": "3132.13000000", "time": "2025-07-16T01:09:26.356154Z", "fetched_at": "2025-07-16T01:10:49.291917+00:00", "symbol": "ETH-USD"}, {"trade_id": 667704723, "side": "buy", "size": "0.00043971", "price": "3132.14000000", "time": "2025-07-16T01:09:26.356154Z", "fetched_at": "2025-07-16T01:10:49.291917+00:00", "symbol": "ETH-USD"}, {"trade_id": 667704722, "side": "buy", "size": "0.01623000", "price": "3132.13000000", "time": "2025-07-16T01:09:26.352169Z", "fetched_at": "2025-07-16T01:10:49.291917+00:00", "symbol": "ETH-USD"}, {"trade_id": 667704721, "side": "buy", "size": "0.75089479", "price": "3132.02000000", "time": "2025-07-16T01:09:26.341441Z", "fetched_at": "2025-07-16T01:10:49.291917+00:00", "symbol": "ETH-USD"}, {"trade_id": 667704720, "side": "buy", "size": "0.19410521", "price": "3132.12000000", "time": "2025-07-16T01:09:26.341441Z", "fetched_at": "2025-07-16T01:10:49.291917+00:00", "symbol": "ETH-USD"}, {"trade_id": 667704719, "side": "buy", "size": "0.75089479", "price": "3132.12000000", "time": "2025-07-16T01:09:26.341342Z", "fetched_at": "2025-07-16T01:10:49.291917+00:00", "symbol": "ETH-USD"}, {"trade_id": 667704718, "side": "buy", "size": "0.32218650", "price": "3132.12000000", "time": "2025-07-16T01:09:26.341342Z", "fetched_at": "2025-07-16T01:10:49.291917+00:00", "symbol": "ETH-USD"}, {"trade_id": 667704717, "side": "buy", "size": "0.00043972", "price": "3132.13000000", "time": "2025-07-16T01:09:26.341342Z", "fetched_at": "2025-07-16T01:10:49.291917+00:00", "symbol": "ETH-USD"}, {"trade_id": 667704716, "side": "sell", "size": "0.63098000", "price": "3132.13000000", "time": "2025-07-16T01:09:26.324677Z", "fetched_at": "2025-07-16T01:10:49.291917+00:00", "symbol": "ETH-USD"}, {"trade_id": 667704715, "side": "buy", "size": "0.79597887", "price": "3132.12000000", "time": "2025-07-16T01:09:26.312986Z", "fetched_at": "2025-07-16T01:10:49.291917+00:00", "symbol": "ETH-USD"}, {"trade_id": 667704714, "side": "buy", "size": "0.20379609", "price": "3132.24000000", "time": "2025-07-16T01:09:26.312986Z", "fetched_at": "2025-07-16T01:10:49.291917+00:00", "symbol": "ETH-USD"}, {"trade_id": 667704713, "side": "buy", "size": "0.74120391", "price": "3132.24000000", "time": "2025-07-16T01:09:26.312883Z", "fetched_at": "2025-07-16T01:10:49.291917+00:00", "symbol": "ETH-USD"}, {"trade_id": 667704712, "side": "buy", "size": "1.12889251", "price": "3132.44000000", "time": "2025-07-16T01:09:26.312883Z", "fetched_at": "2025-07-16T01:10:49.291917+00:00", "symbol": "ETH-USD"}, {"trade_id": 667704711, "side": "buy", "size": "0.38246710", "price": "3132.56000000", "time": "2025-07-16T01:09:26.312883Z", "fetched_at": "2025-07-16T01:10:49.291917+00:00", "symbol": "ETH-USD"}, {"trade_id": 667704710, "side": "buy", "size": "0.00044180", "price": "3132.56000000", "time": "2025-07-16T01:09:26.312883Z", "fetched_at": "2025-07-16T01:10:49.291917+00:00", "symbol": "ETH-USD"}, {"trade_id": 667704709, "side": "buy", "size": "0.39786720", "price": "3131.84000000", "time": "2025-07-16T01:09:26.273512Z", "fetched_at": "2025-07-16T01:10:49.291917+00:00", "symbol": "ETH-USD"}, {"trade_id": 667704708, "side": "buy", "size": "0.04150000", "price": "3131.84000000", "time": "2025-07-16T01:09:26.263500Z", "fetched_at": "2025-07-16T01:10:49.291917+00:00", "symbol": "ETH-USD"}, {"trade_id": 667704707, "side": "buy", "size": "0.47807035", "price": "3131.55000000", "time": "2025-07-16T01:09:26.257977Z", "fetched_at": "2025-07-16T01:10:49.291917+00:00", "symbol": "ETH-USD"}, {"trade_id": 667704706, "side": "buy", "size": "0.05444289", "price": "3131.56000000", "time": "2025-07-16T01:09:26.257977Z", "fetched_at": "2025-07-16T01:10:49.291917+00:00", "symbol": "ETH-USD"}, {"trade_id": 667704705, "side": "buy", "size": "0.94500000", "price": "3131.56000000", "time": "2025-07-16T01:09:26.257977Z", "fetched_at": "2025-07-16T01:10:49.291917+00:00", "symbol": "ETH-USD"}, {"trade_id": 667704704, "side": "buy", "size": "0.11130178", "price": "3131.56000000", "time": "2025-07-16T01:09:26.257977Z", "fetched_at": "2025-07-16T01:10:49.291917+00:00", "symbol": "ETH-USD"}, {"trade_id": 667704703, "side": "buy", "size": "0.00076904", "price": "3131.83000000", "time": "2025-07-16T01:09:26.257977Z", "fetched_at": "2025-07-16T01:10:49.291917+00:00", "symbol": "ETH-USD"}, {"trade_id": 667704702, "side": "sell", "size": "0.02894300", "price": "3131.84000000", "time": "2025-07-16T01:09:26.246920Z", "fetched_at": "2025-07-16T01:10:49.291917+00:00", "symbol": "ETH-USD"}, {"trade_id": 667704701, "side": "sell", "size": "0.01291000", "price": "3131.84000000", "time": "2025-07-16T01:09:26.244191Z", "fetched_at": "2025-07-16T01:10:49.291917+00:00", "symbol": "ETH-USD"}, {"trade_id": 667704700, "side": "sell", "size": "0.33915169", "price": "3133.44000000", "time": "2025-07-16T01:09:26.237480Z", "fetched_at": "2025-07-16T01:10:49.291917+00:00", "symbol": "ETH-USD"}, {"trade_id": 667704699, "side": "sell", "size": "0.23445569", "price": "3133.03000000", "time": "2025-07-16T01:09:26.237480Z", "fetched_at": "2025-07-16T01:10:49.291917+00:00", "symbol": "ETH-USD"}, {"trade_id": 667704698, "side": "sell", "size": "0.94500000", "price": "3132.76000000", "time": "2025-07-16T01:09:26.237480Z", "fetched_at": "2025-07-16T01:10:49.291917+00:00", "symbol": "ETH-USD"}, {"trade_id": 667704697, "side": "sell", "size": "0.00861627", "price": "3132.48000000", "time": "2025-07-16T01:09:26.237480Z", "fetched_at": "2025-07-16T01:10:49.291917+00:00", "symbol": "ETH-USD"}, {"trade_id": 667704696, "side": "sell", "size": "0.94500000", "price": "3132.44000000", "time": "2025-07-16T01:09:26.237480Z", "fetched_at": "2025-07-16T01:10:49.291917+00:00", "symbol": "ETH-USD"}, {"trade_id": 667704695, "side": "sell", "size": "0.00215406", "price": "3132.15000000", "time": "2025-07-16T01:09:26.237480Z", "fetched_at": "2025-07-16T01:10:49.291917+00:00", "symbol": "ETH-USD"}, {"trade_id": 667704694, "side": "sell", "size": "0.00323111", "price": "3132.14000000", "time": "2025-07-16T01:09:26.237480Z", "fetched_at": "2025-07-16T01:10:49.291917+00:00", "symbol": "ETH-USD"}, {"trade_id": 667704693, "side": "sell", "size": "0.63157960", "price": "3132.05000000", "time": "2025-07-16T01:09:26.237480Z", "fetched_at": "2025-07-16T01:10:49.291917+00:00", "symbol": "ETH-USD"}, {"trade_id": 667704692, "side": "sell", "size": "0.00081158", "price": "3132.04000000", "time": "2025-07-16T01:09:26.237480Z", "fetched_at": "2025-07-16T01:10:49.291917+00:00", "symbol": "ETH-USD"}, {"trade_id": 667704691, "side": "sell", "size": "0.00134249", "price": "3132.04000000", "time": "2025-07-16T01:09:26.236807Z", "fetched_at": "2025-07-16T01:10:49.291917+00:00", "symbol": "ETH-USD"}, {"trade_id": 667704690, "side": "sell", "size": "0.00107703", "price": "3132.04000000", "time": "2025-07-16T01:09:26.236807Z", "fetched_at": "2025-07-16T01:10:49.291917+00:00", "symbol": "ETH-USD"}, {"trade_id": 667704689, "side": "sell", "size": "0.09099028", "price": "3132.04000000", "time": "2025-07-16T01:09:26.236807Z", "fetched_at": "2025-07-16T01:10:49.291917+00:00", "symbol": "ETH-USD"}, {"trade_id": 667704688, "side": "sell", "size": "0.74602600", "price": "3132.04000000", "time": "2025-07-16T01:09:26.236807Z", "fetched_at": "2025-07-16T01:10:49.291917+00:00", "symbol": "ETH-USD"}, {"trade_id": 667704687, "side": "sell", "size": "0.16056420", "price": "3131.86000000", "time": "2025-07-16T01:09:26.236807Z", "fetched_at": "2025-07-16T01:10:49.291917+00:00", "symbol": "ETH-USD"}, {"trade_id": 667704686, "side": "sell", "size": "0.02003000", "price": "3131.86000000", "time": "2025-07-16T01:09:26.233003Z", "fetched_at": "2025-07-16T01:10:49.291917+00:00", "symbol": "ETH-USD"}, {"trade_id": 667704685, "side": "sell", "size": "0.44034636", "price": "3131.86000000", "time": "2025-07-16T01:09:26.232864Z", "fetched_at": "2025-07-16T01:10:49.291917+00:00", "symbol": "ETH-USD"}, {"trade_id": 667704684, "side": "sell", "size": "0.09063364", "price": "3131.86000000", "time": "2025-07-16T01:09:26.232864Z", "fetched_at": "2025-07-16T01:10:49.291917+00:00", "symbol": "ETH-USD"}, {"trade_id": 667704683, "side": "buy", "size": "0.00159726", "price": "3130.38000000", "time": "2025-07-16T01:09:26.231072Z", "fetched_at": "2025-07-16T01:10:49.291917+00:00", "symbol": "ETH-USD"}, {"trade_id": 667704682, "side": "buy", "size": "0.00271847", "price": "3130.43000000", "time": "2025-07-16T01:09:26.231072Z", "fetched_at": "2025-07-16T01:10:49.291917+00:00", "symbol": "ETH-USD"}, {"trade_id": 667704681, "side": "buy", "size": "0.94500000", "price": "3130.46000000", "time": "2025-07-16T01:09:26.231072Z", "fetched_at": "2025-07-16T01:10:49.291917+00:00", "symbol": "ETH-USD"}