[{"trade_id": 667649862, "side": "sell", "size": "0.04409512", "price": "3130.94000000", "time": "2025-07-15T23:10:49.640465Z", "fetched_at": "2025-07-15T23:10:49.980947+00:00", "symbol": "ETH-USD"}, {"trade_id": 667649861, "side": "sell", "size": "0.00174375", "price": "3130.93000000", "time": "2025-07-15T23:10:49.640465Z", "fetched_at": "2025-07-15T23:10:49.980947+00:00", "symbol": "ETH-USD"}, {"trade_id": 667649860, "side": "sell", "size": "0.00100000", "price": "3130.76000000", "time": "2025-07-15T23:10:49.640465Z", "fetched_at": "2025-07-15T23:10:49.980947+00:00", "symbol": "ETH-USD"}, {"trade_id": 667649859, "side": "sell", "size": "0.00002891", "price": "3130.65000000", "time": "2025-07-15T23:10:49.640465Z", "fetched_at": "2025-07-15T23:10:49.980947+00:00", "symbol": "ETH-USD"}, {"trade_id": 667649858, "side": "buy", "size": "0.01597387", "price": "3130.64000000", "time": "2025-07-15T23:10:49.159623Z", "fetched_at": "2025-07-15T23:10:49.980947+00:00", "symbol": "ETH-USD"}, {"trade_id": 667649857, "side": "sell", "size": "0.00154241", "price": "3130.20000000", "time": "2025-07-15T23:10:48.946045Z", "fetched_at": "2025-07-15T23:10:49.980947+00:00", "symbol": "ETH-USD"}, {"trade_id": 667649856, "side": "buy", "size": "0.02225883", "price": "3130.19000000", "time": "2025-07-15T23:10:48.884884Z", "fetched_at": "2025-07-15T23:10:49.980947+00:00", "symbol": "ETH-USD"}, {"trade_id": 667649855, "side": "sell", "size": "0.00150181", "price": "3130.59000000", "time": "2025-07-15T23:10:48.383032Z", "fetched_at": "2025-07-15T23:10:49.980947+00:00", "symbol": "ETH-USD"}, {"trade_id": 667649854, "side": "sell", "size": "0.00775883", "price": "3130.59000000", "time": "2025-07-15T23:10:48.331877Z", "fetched_at": "2025-07-15T23:10:49.980947+00:00", "symbol": "ETH-USD"}, {"trade_id": 667649853, "side": "buy", "size": "0.01686741", "price": "3130.13000000", "time": "2025-07-15T23:10:47.970840Z", "fetched_at": "2025-07-15T23:10:49.980947+00:00", "symbol": "ETH-USD"}, {"trade_id": 667649852, "side": "sell", "size": "0.00094853", "price": "3130.61000000", "time": "2025-07-15T23:10:47.787318Z", "fetched_at": "2025-07-15T23:10:49.980947+00:00", "symbol": "ETH-USD"}, {"trade_id": 667649851, "side": "sell", "size": "0.05778934", "price": "3130.62000000", "time": "2025-07-15T23:10:47.676348Z", "fetched_at": "2025-07-15T23:10:49.980947+00:00", "symbol": "ETH-USD"}, {"trade_id": 667649850, "side": "sell", "size": "0.10000000", "price": "3130.61000000", "time": "2025-07-15T23:10:47.676348Z", "fetched_at": "2025-07-15T23:10:49.980947+00:00", "symbol": "ETH-USD"}, {"trade_id": 667649849, "side": "sell", "size": "0.00035108", "price": "3130.60000000", "time": "2025-07-15T23:10:47.676348Z", "fetched_at": "2025-07-15T23:10:49.980947+00:00", "symbol": "ETH-USD"}, {"trade_id": 667649848, "side": "sell", "size": "0.00010335", "price": "3130.00000000", "time": "2025-07-15T23:10:47.510567Z", "fetched_at": "2025-07-15T23:10:49.980947+00:00", "symbol": "ETH-USD"}, {"trade_id": 667649847, "side": "buy", "size": "0.00011826", "price": "3129.99000000", "time": "2025-07-15T23:10:47.251633Z", "fetched_at": "2025-07-15T23:10:49.980947+00:00", "symbol": "ETH-USD"}, {"trade_id": 667649846, "side": "buy", "size": "0.52737485", "price": "3129.87000000", "time": "2025-07-15T23:10:47.044198Z", "fetched_at": "2025-07-15T23:10:49.980947+00:00", "symbol": "ETH-USD"}, {"trade_id": 667649845, "side": "buy", "size": "0.00133978", "price": "3129.99000000", "time": "2025-07-15T23:10:47.044198Z", "fetched_at": "2025-07-15T23:10:49.980947+00:00", "symbol": "ETH-USD"}, {"trade_id": 667649844, "side": "sell", "size": "0.33245944", "price": "3130.01000000", "time": "2025-07-15T23:10:46.980647Z", "fetched_at": "2025-07-15T23:10:49.980947+00:00", "symbol": "ETH-USD"}, {"trade_id": 667649843, "side": "sell", "size": "0.00005841", "price": "3130.01000000", "time": "2025-07-15T23:10:46.980647Z", "fetched_at": "2025-07-15T23:10:49.980947+00:00", "symbol": "ETH-USD"}, {"trade_id": 667649842, "side": "sell", "size": "0.00001351", "price": "3130.01000000", "time": "2025-07-15T23:10:46.980647Z", "fetched_at": "2025-07-15T23:10:49.980947+00:00", "symbol": "ETH-USD"}, {"trade_id": 667649841, "side": "sell", "size": "0.00003421", "price": "3130.01000000", "time": "2025-07-15T23:10:46.980647Z", "fetched_at": "2025-07-15T23:10:49.980947+00:00", "symbol": "ETH-USD"}, {"trade_id": 667649840, "side": "sell", "size": "0.33762793", "price": "3129.08000000", "time": "2025-07-15T23:10:46.776881Z", "fetched_at": "2025-07-15T23:10:49.980947+00:00", "symbol": "ETH-USD"}, {"trade_id": 667649839, "side": "sell", "size": "0.00024001", "price": "3129.03000000", "time": "2025-07-15T23:10:46.776881Z", "fetched_at": "2025-07-15T23:10:49.980947+00:00", "symbol": "ETH-USD"}, {"trade_id": 667649838, "side": "sell", "size": "0.00005589", "price": "3129.03000000", "time": "2025-07-15T23:10:46.776881Z", "fetched_at": "2025-07-15T23:10:49.980947+00:00", "symbol": "ETH-USD"}, {"trade_id": 667649837, "side": "buy", "size": "0.00825867", "price": "3128.57000000", "time": "2025-07-15T23:10:46.580223Z", "fetched_at": "2025-07-15T23:10:49.980947+00:00", "symbol": "ETH-USD"}, {"trade_id": 667649836, "side": "buy", "size": "0.00132596", "price": "3128.58000000", "time": "2025-07-15T23:10:46.580223Z", "fetched_at": "2025-07-15T23:10:49.980947+00:00", "symbol": "ETH-USD"}, {"trade_id": 667649835, "side": "sell", "size": "0.00114231", "price": "3129.04000000", "time": "2025-07-15T23:10:46.468Z", "fetched_at": "2025-07-15T23:10:49.980947+00:00", "symbol": "ETH-USD"}, {"trade_id": 667649834, "side": "sell", "size": "0.00188181", "price": "3129.01000000", "time": "2025-07-15T23:10:46.468Z", "fetched_at": "2025-07-15T23:10:49.980947+00:00", "symbol": "ETH-USD"}, {"trade_id": 667649833, "side": "sell", "size": "0.14707000", "price": "3128.31000000", "time": "2025-07-15T23:10:46.380121Z", "fetched_at": "2025-07-15T23:10:49.980947+00:00", "symbol": "ETH-USD"}, {"trade_id": 667649832, "side": "buy", "size": "0.00319588", "price": "3129.02000000", "time": "2025-07-15T23:10:46.205015Z", "fetched_at": "2025-07-15T23:10:49.980947+00:00", "symbol": "ETH-USD"}, {"trade_id": 667649831, "side": "sell", "size": "0.01733190", "price": "3129.68000000", "time": "2025-07-15T23:10:46.099876Z", "fetched_at": "2025-07-15T23:10:49.980947+00:00", "symbol": "ETH-USD"}, {"trade_id": 667649830, "side": "sell", "size": "0.13133284", "price": "3129.67000000", "time": "2025-07-15T23:10:46.099876Z", "fetched_at": "2025-07-15T23:10:49.980947+00:00", "symbol": "ETH-USD"}, {"trade_id": 667649829, "side": "sell", "size": "0.79881463", "price": "3129.64000000", "time": "2025-07-15T23:10:46.099876Z", "fetched_at": "2025-07-15T23:10:49.980947+00:00", "symbol": "ETH-USD"}, {"trade_id": 667649828, "side": "sell", "size": "0.36326285", "price": "3129.48000000", "time": "2025-07-15T23:10:46.099876Z", "fetched_at": "2025-07-15T23:10:49.980947+00:00", "symbol": "ETH-USD"}, {"trade_id": 667649827, "side": "sell", "size": "0.00188344", "price": "3129.47000000", "time": "2025-07-15T23:10:46.099876Z", "fetched_at": "2025-07-15T23:10:49.980947+00:00", "symbol": "ETH-USD"}, {"trade_id": 667649826, "side": "sell", "size": "0.00024001", "price": "3129.13000000", "time": "2025-07-15T23:10:46.099876Z", "fetched_at": "2025-07-15T23:10:49.980947+00:00", "symbol": "ETH-USD"}, {"trade_id": 667649825, "side": "sell", "size": "0.00005588", "price": "3129.13000000", "time": "2025-07-15T23:10:46.099876Z", "fetched_at": "2025-07-15T23:10:49.980947+00:00", "symbol": "ETH-USD"}, {"trade_id": 667649824, "side": "sell", "size": "0.55020464", "price": "3129.03000000", "time": "2025-07-15T23:10:46.099876Z", "fetched_at": "2025-07-15T23:10:49.980947+00:00", "symbol": "ETH-USD"}, {"trade_id": 667649823, "side": "sell", "size": "1.37374000", "price": "3129.03000000", "time": "2025-07-15T23:10:46.099876Z", "fetched_at": "2025-07-15T23:10:49.980947+00:00", "symbol": "ETH-USD"}, {"trade_id": 667649822, "side": "sell", "size": "0.14707000", "price": "3129.03000000", "time": "2025-07-15T23:10:46.099876Z", "fetched_at": "2025-07-15T23:10:49.980947+00:00", "symbol": "ETH-USD"}, {"trade_id": 667649821, "side": "sell", "size": "0.00199207", "price": "3129.03000000", "time": "2025-07-15T23:10:45.854218Z", "fetched_at": "2025-07-15T23:10:49.980947+00:00", "symbol": "ETH-USD"}, {"trade_id": 667649820, "side": "sell", "size": "0.14707000", "price": "3129.03000000", "time": "2025-07-15T23:10:45.854218Z", "fetched_at": "2025-07-15T23:10:49.980947+00:00", "symbol": "ETH-USD"}, {"trade_id": 667649819, "side": "buy", "size": "0.48416877", "price": "3129.71000000", "time": "2025-07-15T23:10:45.060247Z", "fetched_at": "2025-07-15T23:10:49.980947+00:00", "symbol": "ETH-USD"}, {"trade_id": 667649818, "side": "buy", "size": "0.00170999", "price": "3129.91000000", "time": "2025-07-15T23:10:45.052267Z", "fetched_at": "2025-07-15T23:10:49.980947+00:00", "symbol": "ETH-USD"}, {"trade_id": 667649817, "side": "buy", "size": "0.22009480", "price": "3129.92000000", "time": "2025-07-15T23:10:45.052267Z", "fetched_at": "2025-07-15T23:10:49.980947+00:00", "symbol": "ETH-USD"}, {"trade_id": 667649816, "side": "buy", "size": "15.93141393", "price": "3130.00000000", "time": "2025-07-15T23:10:45.048428Z", "fetched_at": "2025-07-15T23:10:49.980947+00:00", "symbol": "ETH-USD"}, {"trade_id": 667649815, "side": "sell", "size": "0.23790192", "price": "3130.41000000", "time": "2025-07-15T23:10:44.756398Z", "fetched_at": "2025-07-15T23:10:49.980947+00:00", "symbol": "ETH-USD"}, {"trade_id": 667649814, "side": "sell", "size": "0.06301642", "price": "3130.40000000", "time": "2025-07-15T23:10:44.756398Z", "fetched_at": "2025-07-15T23:10:49.980947+00:00", "symbol": "ETH-USD"}, {"trade_id": 667649813, "side": "sell", "size": "0.00033533", "price": "3130.01000000", "time": "2025-07-15T23:10:44.756398Z", "fetched_at": "2025-07-15T23:10:49.980947+00:00", "symbol": "ETH-USD"}, {"trade_id": 667649812, "side": "sell", "size": "0.00003447", "price": "3130.40000000", "time": "2025-07-15T23:10:44.521477Z", "fetched_at": "2025-07-15T23:10:49.980947+00:00", "symbol": "ETH-USD"}, {"trade_id": 667649811, "side": "sell", "size": "0.00048002", "price": "3130.25000000", "time": "2025-07-15T23:10:44.521477Z", "fetched_at": "2025-07-15T23:10:49.980947+00:00", "symbol": "ETH-USD"}, {"trade_id": 667649810, "side": "sell", "size": "0.00011178", "price": "3130.25000000", "time": "2025-07-15T23:10:44.521477Z", "fetched_at": "2025-07-15T23:10:49.980947+00:00", "symbol": "ETH-USD"}, {"trade_id": 667649809, "side": "sell", "size": "0.00032826", "price": "3130.01000000", "time": "2025-07-15T23:10:44.521477Z", "fetched_at": "2025-07-15T23:10:49.980947+00:00", "symbol": "ETH-USD"}, {"trade_id": 667649808, "side": "sell", "size": "0.00017248", "price": "3130.01000000", "time": "2025-07-15T23:10:44.521477Z", "fetched_at": "2025-07-15T23:10:49.980947+00:00", "symbol": "ETH-USD"}, {"trade_id": 667649807, "side": "sell", "size": "0.00931236", "price": "3130.01000000", "time": "2025-07-15T23:10:44.295313Z", "fetched_at": "2025-07-15T23:10:49.980947+00:00", "symbol": "ETH-USD"}, {"trade_id": 667649806, "side": "buy", "size": "1.69000000", "price": "3130.00000000", "time": "2025-07-15T23:10:44.208197Z", "fetched_at": "2025-07-15T23:10:49.980947+00:00", "symbol": "ETH-USD"}, {"trade_id": 667649805, "side": "buy", "size": "3.13714129", "price": "3130.00000000", "time": "2025-07-15T23:10:44.174423Z", "fetched_at": "2025-07-15T23:10:49.980947+00:00", "symbol": "ETH-USD"}, {"trade_id": 667649804, "side": "buy", "size": "2.56752978", "price": "3130.00000000", "time": "2025-07-15T23:10:44.162244Z", "fetched_at": "2025-07-15T23:10:49.980947+00:00", "symbol": "ETH-USD"}, {"trade_id": 667649803, "side": "buy", "size": "0.07371000", "price": "3130.00000000", "time": "2025-07-15T23:10:44.092684Z", "fetched_at": "2025-07-15T23:10:49.980947+00:00", "symbol": "ETH-USD"}, {"trade_id": 667649802, "side": "sell", "size": "0.00931406", "price": "3130.01000000", "time": "2025-07-15T23:10:43.998957Z", "fetched_at": "2025-07-15T23:10:49.980947+00:00", "symbol": "ETH-USD"}, {"trade_id": 667649801, "side": "sell", "size": "0.03221075", "price": "3130.01000000", "time": "2025-07-15T23:10:43.826842Z", "fetched_at": "2025-07-15T23:10:49.980947+00:00", "symbol": "ETH-USD"}, {"trade_id": 667649800, "side": "buy", "size": "0.05503454", "price": "3130.59000000", "time": "2025-07-15T23:10:43.260095Z", "fetched_at": "2025-07-15T23:10:49.980947+00:00", "symbol": "ETH-USD"}, {"trade_id": 667649799, "side": "buy", "size": "1.25148134", "price": "3130.69000000", "time": "2025-07-15T23:10:43.244862Z", "fetched_at": "2025-07-15T23:10:49.980947+00:00", "symbol": "ETH-USD"}, {"trade_id": 667649798, "side": "buy", "size": "0.00095828", "price": "3130.69000000", "time": "2025-07-15T23:10:43.114163Z", "fetched_at": "2025-07-15T23:10:49.980947+00:00", "symbol": "ETH-USD"}, {"trade_id": 667649797, "side": "buy", "size": "0.00283977", "price": "3130.69000000", "time": "2025-07-15T23:10:43.111158Z", "fetched_at": "2025-07-15T23:10:49.980947+00:00", "symbol": "ETH-USD"}, {"trade_id": 667649796, "side": "buy", "size": "0.29056901", "price": "3130.01000000", "time": "2025-07-15T23:10:42.184819Z", "fetched_at": "2025-07-15T23:10:49.980947+00:00", "symbol": "ETH-USD"}, {"trade_id": 667649795, "side": "buy", "size": "0.02871161", "price": "3130.12000000", "time": "2025-07-15T23:10:42.184819Z", "fetched_at": "2025-07-15T23:10:49.980947+00:00", "symbol": "ETH-USD"}, {"trade_id": 667649794, "side": "buy", "size": "0.15922240", "price": "3130.22000000", "time": "2025-07-15T23:10:42.184819Z", "fetched_at": "2025-07-15T23:10:49.980947+00:00", "symbol": "ETH-USD"}, {"trade_id": 667649793, "side": "buy", "size": "0.00149698", "price": "3130.23000000", "time": "2025-07-15T23:10:42.184819Z", "fetched_at": "2025-07-15T23:10:49.980947+00:00", "symbol": "ETH-USD"}, {"trade_id": 667649792, "side": "sell", "size": "0.44144887", "price": "3131.02000000", "time": "2025-07-15T23:10:41.881004Z", "fetched_at": "2025-07-15T23:10:49.980947+00:00", "symbol": "ETH-USD"}, {"trade_id": 667649791, "side": "sell", "size": "0.08726836", "price": "3131.01000000", "time": "2025-07-15T23:10:41.881004Z", "fetched_at": "2025-07-15T23:10:49.980947+00:00", "symbol": "ETH-USD"}, {"trade_id": 667649790, "side": "sell", "size": "0.09384404", "price": "3131.00000000", "time": "2025-07-15T23:10:41.881004Z", "fetched_at": "2025-07-15T23:10:49.980947+00:00", "symbol": "ETH-USD"}, {"trade_id": 667649789, "side": "sell", "size": "0.71453000", "price": "3130.97000000", "time": "2025-07-15T23:10:41.881004Z", "fetched_at": "2025-07-15T23:10:49.980947+00:00", "symbol": "ETH-USD"}, {"trade_id": 667649788, "side": "sell", "size": "0.61710214", "price": "3130.94000000", "time": "2025-07-15T23:10:41.881004Z", "fetched_at": "2025-07-15T23:10:49.980947+00:00", "symbol": "ETH-USD"}, {"trade_id": 667649787, "side": "sell", "size": "0.07536032", "price": "3130.93000000", "time": "2025-07-15T23:10:41.881004Z", "fetched_at": "2025-07-15T23:10:49.980947+00:00", "symbol": "ETH-USD"}, {"trade_id": 667649786, "side": "sell", "size": "0.15970846", "price": "3130.71000000", "time": "2025-07-15T23:10:41.881004Z", "fetched_at": "2025-07-15T23:10:49.980947+00:00", "symbol": "ETH-USD"}, {"trade_id": 667649785, "side": "sell", "size": "0.54483072", "price": "3130.71000000", "time": "2025-07-15T23:10:41.881004Z", "fetched_at": "2025-07-15T23:10:49.980947+00:00", "symbol": "ETH-USD"}, {"trade_id": 667649784, "side": "sell", "size": "0.36815447", "price": "3130.44000000", "time": "2025-07-15T23:10:41.881004Z", "fetched_at": "2025-07-15T23:10:49.980947+00:00", "symbol": "ETH-USD"}, {"trade_id": 667649783, "side": "sell", "size": "0.00046459", "price": "3130.43000000", "time": "2025-07-15T23:10:41.881004Z", "fetched_at": "2025-07-15T23:10:49.980947+00:00", "symbol": "ETH-USD"}, {"trade_id": 667649782, "side": "sell", "size": "0.15027246", "price": "3130.01000000", "time": "2025-07-15T23:10:41.704839Z", "fetched_at": "2025-07-15T23:10:49.980947+00:00", "symbol": "ETH-USD"}, {"trade_id": 667649781, "side": "sell", "size": "0.00046459", "price": "3130.01000000", "time": "2025-07-15T23:10:41.704839Z", "fetched_at": "2025-07-15T23:10:49.980947+00:00", "symbol": "ETH-USD"}, {"trade_id": 667649780, "side": "sell", "size": "0.07100477", "price": "3130.61000000", "time": "2025-07-15T23:10:41.599347Z", "fetched_at": "2025-07-15T23:10:49.980947+00:00", "symbol": "ETH-USD"}, {"trade_id": 667649779, "side": "sell", "size": "0.34196521", "price": "3130.41000000", "time": "2025-07-15T23:10:41.599347Z", "fetched_at": "2025-07-15T23:10:49.980947+00:00", "symbol": "ETH-USD"}, {"trade_id": 667649778, "side": "sell", "size": "0.15973800", "price": "3130.13000000", "time": "2025-07-15T23:10:41.599347Z", "fetched_at": "2025-07-15T23:10:49.980947+00:00", "symbol": "ETH-USD"}, {"trade_id": 667649777, "side": "sell", "size": "0.27973000", "price": "3130.01000000", "time": "2025-07-15T23:10:41.599347Z", "fetched_at": "2025-07-15T23:10:49.980947+00:00", "symbol": "ETH-USD"}, {"trade_id": 667649776, "side": "sell", "size": "0.14707000", "price": "3130.01000000", "time": "2025-07-15T23:10:41.599347Z", "fetched_at": "2025-07-15T23:10:49.980947+00:00", "symbol": "ETH-USD"}, {"trade_id": 667649775, "side": "sell", "size": "0.00049202", "price": "3130.01000000", "time": "2025-07-15T23:10:41.599347Z", "fetched_at": "2025-07-15T23:10:49.980947+00:00", "symbol": "ETH-USD"}, {"trade_id": 667649774, "side": "buy", "size": "0.00165554", "price": "3130.07000000", "time": "2025-07-15T23:10:40.890120Z", "fetched_at": "2025-07-15T23:10:49.980947+00:00", "symbol": "ETH-USD"}, {"trade_id": 667649773, "side": "buy", "size": "0.00156796", "price": "3130.08000000", "time": "2025-07-15T23:10:40.890120Z", "fetched_at": "2025-07-15T23:10:49.980947+00:00", "symbol": "ETH-USD"}, {"trade_id": 667649772, "side": "sell", "size": "0.00048412", "price": "3130.01000000", "time": "2025-07-15T23:10:40.693063Z", "fetched_at": "2025-07-15T23:10:49.980947+00:00", "symbol": "ETH-USD"}, {"trade_id": 667649771, "side": "sell", "size": "0.26131049", "price": "3130.01000000", "time": "2025-07-15T23:10:40.693063Z", "fetched_at": "2025-07-15T23:10:49.980947+00:00", "symbol": "ETH-USD"}, {"trade_id": 667649770, "side": "buy", "size": "0.45094826", "price": "3130.00000000", "time": "2025-07-15T23:10:40.390374Z", "fetched_at": "2025-07-15T23:10:49.980947+00:00", "symbol": "ETH-USD"}, {"trade_id": 667649769, "side": "buy", "size": "1.71770101", "price": "3130.00000000", "time": "2025-07-15T23:10:40.378684Z", "fetched_at": "2025-07-15T23:10:49.980947+00:00", "symbol": "ETH-USD"}, {"trade_id": 667649768, "side": "buy", "size": "0.94400000", "price": "3130.69000000", "time": "2025-07-15T23:10:39.917184Z", "fetched_at": "2025-07-15T23:10:49.980947+00:00", "symbol": "ETH-USD"}, {"trade_id": 667649767, "side": "buy", "size": "0.00376232", "price": "3130.71000000", "time": "2025-07-15T23:10:39.521540Z", "fetched_at": "2025-07-15T23:10:49.980947+00:00", "symbol": "ETH-USD"}, {"trade_id": 667649766, "side": "buy", "size": "0.11825109", "price": "3130.50000000", "time": "2025-07-15T23:10:38.481593Z", "fetched_at": "2025-07-15T23:10:49.980947+00:00", "symbol": "ETH-USD"}, {"trade_id": 667649765, "side": "buy", "size": "0.00174891", "price": "3130.51000000", "time": "2025-07-15T23:10:38.481593Z", "fetched_at": "2025-07-15T23:10:49.980947+00:00", "symbol": "ETH-USD"}, {"trade_id": 667649764, "side": "buy", "size": "0.11000000", "price": "3130.45000000", "time": "2025-07-15T23:10:38.449148Z", "fetched_at": "2025-07-15T23:10:49.980947+00:00", "symbol": "ETH-USD"}, {"trade_id": 667649763, "side": "buy", "size": "0.18919050", "price": "3130.46000000", "time": "2025-07-15T23:10:38.285733Z", "fetched_at": "2025-07-15T23:10:49.980947+00:00", "symbol": "ETH-USD"}, {"trade_id": 667649762, "side": "buy", "size": "0.17569186", "price": "3130.87000000", "time": "2025-07-15T23:10:38.096082Z", "fetched_at": "2025-07-15T23:10:49.980947+00:00", "symbol": "ETH-USD"}, {"trade_id": 667649761, "side": "buy", "size": "0.04398552", "price": "3130.87000000", "time": "2025-07-15T23:10:38.096082Z", "fetched_at": "2025-07-15T23:10:49.980947+00:00", "symbol": "ETH-USD"}, {"trade_id": 667649760, "side": "buy", "size": "0.00273311", "price": "3130.87000000", "time": "2025-07-15T23:10:37.764703Z", "fetched_at": "2025-07-15T23:10:49.980947+00:00", "symbol": "ETH-USD"}, {"trade_id": 667649759, "side": "buy", "size": "0.00492383", "price": "3130.87000000", "time": "2025-07-15T23:10:37.764703Z", "fetched_at": "2025-07-15T23:10:49.980947+00:00", "symbol": "ETH-USD"}, {"trade_id": 667649758, "side": "buy", "size": "0.00999107", "price": "3130.87000000", "time": "2025-07-15T23:10:37.696431Z", "fetched_at": "2025-07-15T23:10:49.980947+00:00", "symbol": "ETH-USD"}, {"trade_id": 667649757, "side": "buy", "size": "0.05947174", "price": "3130.87000000", "time": "2025-07-15T23:10:37.613712Z", "fetched_at": "2025-07-15T23:10:49.980947+00:00", "symbol": "ETH-USD"}, {"trade_id": 667649756, "side": "buy", "size": "0.01600358", "price": "3130.87000000", "time": "2025-07-15T23:10:37.484611Z", "fetched_at": "2025-07-15T23:10:49.980947+00:00", "symbol": "ETH-USD"}, {"trade_id": 667649755, "side": "sell", "size": "0.00315664", "price": "3130.88000000", "time": "2025-07-15T23:10:37.476247Z", "fetched_at": "2025-07-15T23:10:49.980947+00:00", "symbol": "ETH-USD"}, {"trade_id": 667649754, "side": "sell", "size": "0.08000000", "price": "3130.88000000", "time": "2025-07-15T23:10:37.356472Z", "fetched_at": "2025-07-15T23:10:49.980947+00:00", "symbol": "ETH-USD"}, {"trade_id": 667649753, "side": "sell", "size": "0.00004498", "price": "3130.69000000", "time": "2025-07-15T23:10:37.065677Z", "fetched_at": "2025-07-15T23:10:49.980947+00:00", "symbol": "ETH-USD"}, {"trade_id": 667649752, "side": "sell", "size": "0.37339463", "price": "3130.41000000", "time": "2025-07-15T23:10:36.841203Z", "fetched_at": "2025-07-15T23:10:49.980947+00:00", "symbol": "ETH-USD"}, {"trade_id": 667649751, "side": "sell", "size": "0.00047855", "price": "3130.24000000", "time": "2025-07-15T23:10:36.841203Z", "fetched_at": "2025-07-15T23:10:49.980947+00:00", "symbol": "ETH-USD"}, {"trade_id": 667649750, "side": "sell", "size": "0.79865551", "price": "3130.27000000", "time": "2025-07-15T23:10:36.776141Z", "fetched_at": "2025-07-15T23:10:49.980947+00:00", "symbol": "ETH-USD"}, {"trade_id": 667649749, "side": "sell", "size": "0.15973183", "price": "3130.25000000", "time": "2025-07-15T23:10:36.776141Z", "fetched_at": "2025-07-15T23:10:49.980947+00:00", "symbol": "ETH-USD"}, {"trade_id": 667649748, "side": "sell", "size": "0.00047855", "price": "3130.24000000", "time": "2025-07-15T23:10:36.776141Z", "fetched_at": "2025-07-15T23:10:49.980947+00:00", "symbol": "ETH-USD"}, {"trade_id": 667649747, "side": "sell", "size": "0.37697323", "price": "3130.84000000", "time": "2025-07-15T23:10:36.457027Z", "fetched_at": "2025-07-15T23:10:49.980947+00:00", "symbol": "ETH-USD"}, {"trade_id": 667649746, "side": "sell", "size": "0.94500000", "price": "3130.82000000", "time": "2025-07-15T23:10:36.457027Z", "fetched_at": "2025-07-15T23:10:49.980947+00:00", "symbol": "ETH-USD"}, {"trade_id": 667649745, "side": "sell", "size": "0.10000000", "price": "3130.81000000", "time": "2025-07-15T23:10:36.457027Z", "fetched_at": "2025-07-15T23:10:49.980947+00:00", "symbol": "ETH-USD"}, {"trade_id": 667649744, "side": "sell", "size": "0.00185734", "price": "3130.80000000", "time": "2025-07-15T23:10:36.457027Z", "fetched_at": "2025-07-15T23:10:49.980947+00:00", "symbol": "ETH-USD"}, {"trade_id": 667649743, "side": "sell", "size": "0.09017694", "price": "3130.79000000", "time": "2025-07-15T23:10:36.457027Z", "fetched_at": "2025-07-15T23:10:49.980947+00:00", "symbol": "ETH-USD"}, {"trade_id": 667649742, "side": "sell", "size": "0.18061086", "price": "3130.77000000", "time": "2025-07-15T23:10:36.457027Z", "fetched_at": "2025-07-15T23:10:49.980947+00:00", "symbol": "ETH-USD"}, {"trade_id": 667649741, "side": "sell", "size": "0.16613035", "price": "3130.76000000", "time": "2025-07-15T23:10:36.457027Z", "fetched_at": "2025-07-15T23:10:49.980947+00:00", "symbol": "ETH-USD"}, {"trade_id": 667649740, "side": "sell", "size": "0.79857151", "price": "3130.59000000", "time": "2025-07-15T23:10:36.457027Z", "fetched_at": "2025-07-15T23:10:49.980947+00:00", "symbol": "ETH-USD"}, {"trade_id": 667649739, "side": "sell", "size": "0.78008614", "price": "3130.41000000", "time": "2025-07-15T23:10:36.457027Z", "fetched_at": "2025-07-15T23:10:49.980947+00:00", "symbol": "ETH-USD"}, {"trade_id": 667649738, "side": "sell", "size": "0.79865551", "price": "3130.27000000", "time": "2025-07-15T23:10:36.457027Z", "fetched_at": "2025-07-15T23:10:49.980947+00:00", "symbol": "ETH-USD"}, {"trade_id": 667649737, "side": "sell", "size": "0.00193812", "price": "3130.26000000", "time": "2025-07-15T23:10:36.457027Z", "fetched_at": "2025-07-15T23:10:49.980947+00:00", "symbol": "ETH-USD"}, {"trade_id": 667649736, "side": "buy", "size": "0.05122616", "price": "3130.11000000", "time": "2025-07-15T23:10:36.201828Z", "fetched_at": "2025-07-15T23:10:49.980947+00:00", "symbol": "ETH-USD"}, {"trade_id": 667649735, "side": "buy", "size": "0.16599557", "price": "3130.13000000", "time": "2025-07-15T23:10:36.038534Z", "fetched_at": "2025-07-15T23:10:49.980947+00:00", "symbol": "ETH-USD"}, {"trade_id": 667649734, "side": "sell", "size": "0.15973930", "price": "3130.10000000", "time": "2025-07-15T23:10:35.950801Z", "fetched_at": "2025-07-15T23:10:49.980947+00:00", "symbol": "ETH-USD"}, {"trade_id": 667649733, "side": "sell", "size": "0.05583293", "price": "3130.18000000", "time": "2025-07-15T23:10:35.654973Z", "fetched_at": "2025-07-15T23:10:49.980947+00:00", "symbol": "ETH-USD"}, {"trade_id": 667649732, "side": "sell", "size": "0.07892497", "price": "3130.29000000", "time": "2025-07-15T23:10:35.614894Z", "fetched_at": "2025-07-15T23:10:49.980947+00:00", "symbol": "ETH-USD"}, {"trade_id": 667649731, "side": "sell", "size": "0.45988210", "price": "3130.29000000", "time": "2025-07-15T23:10:35.612037Z", "fetched_at": "2025-07-15T23:10:49.980947+00:00", "symbol": "ETH-USD"}, {"trade_id": 667649730, "side": "sell", "size": "0.15973664", "price": "3130.16000000", "time": "2025-07-15T23:10:35.612037Z", "fetched_at": "2025-07-15T23:10:49.980947+00:00", "symbol": "ETH-USD"}, {"trade_id": 667649729, "side": "sell", "size": "0.07029004", "price": "3130.89000000", "time": "2025-07-15T23:10:35.270458Z", "fetched_at": "2025-07-15T23:10:49.980947+00:00", "symbol": "ETH-USD"}, {"trade_id": 667649728, "side": "sell", "size": "0.15971277", "price": "3130.62000000", "time": "2025-07-15T23:10:35.270458Z", "fetched_at": "2025-07-15T23:10:49.980947+00:00", "symbol": "ETH-USD"}, {"trade_id": 667649727, "side": "sell", "size": "0.39406080", "price": "3130.53000000", "time": "2025-07-15T23:10:34.904453Z", "fetched_at": "2025-07-15T23:10:49.980947+00:00", "symbol": "ETH-USD"}, {"trade_id": 667649726, "side": "sell", "size": "0.01258914", "price": "3130.87000000", "time": "2025-07-15T23:10:34.834476Z", "fetched_at": "2025-07-15T23:10:49.980947+00:00", "symbol": "ETH-USD"}, {"trade_id": 667649725, "side": "sell", "size": "0.00205613", "price": "3130.86000000", "time": "2025-07-15T23:10:34.834476Z", "fetched_at": "2025-07-15T23:10:49.980947+00:00", "symbol": "ETH-USD"}, {"trade_id": 667649724, "side": "buy", "size": "0.59644051", "price": "3130.45000000", "time": "2025-07-15T23:10:34.833684Z", "fetched_at": "2025-07-15T23:10:49.980947+00:00", "symbol": "ETH-USD"}, {"trade_id": 667649723, "side": "buy", "size": "0.09922086", "price": "3130.52000000", "time": "2025-07-15T23:10:34.833684Z", "fetched_at": "2025-07-15T23:10:49.980947+00:00", "symbol": "ETH-USD"}, {"trade_id": 667649722, "side": "buy", "size": "0.01623000", "price": "3130.58000000", "time": "2025-07-15T23:10:34.825183Z", "fetched_at": "2025-07-15T23:10:49.980947+00:00", "symbol": "ETH-USD"}, {"trade_id": 667649721, "side": "buy", "size": "0.01485642", "price": "3130.58000000", "time": "2025-07-15T23:10:34.825175Z", "fetched_at": "2025-07-15T23:10:49.980947+00:00", "symbol": "ETH-USD"}, {"trade_id": 667649720, "side": "buy", "size": "0.00137358", "price": "3130.71000000", "time": "2025-07-15T23:10:34.825175Z", "fetched_at": "2025-07-15T23:10:49.980947+00:00", "symbol": "ETH-USD"}, {"trade_id": 667649719, "side": "sell", "size": "0.01258914", "price": "3130.87000000", "time": "2025-07-15T23:10:34.803242Z", "fetched_at": "2025-07-15T23:10:49.980947+00:00", "symbol": "ETH-USD"}, {"trade_id": 667649718, "side": "sell", "size": "0.00205613", "price": "3130.86000000", "time": "2025-07-15T23:10:34.803242Z", "fetched_at": "2025-07-15T23:10:49.980947+00:00", "symbol": "ETH-USD"}, {"trade_id": 667649717, "side": "sell", "size": "0.01258914", "price": "3130.87000000", "time": "2025-07-15T23:10:34.772241Z", "fetched_at": "2025-07-15T23:10:49.980947+00:00", "symbol": "ETH-USD"}, {"trade_id": 667649716, "side": "sell", "size": "0.00205613", "price": "3130.86000000", "time": "2025-07-15T23:10:34.772241Z", "fetched_at": "2025-07-15T23:10:49.980947+00:00", "symbol": "ETH-USD"}, {"trade_id": 667649715, "side": "sell", "size": "0.01258914", "price": "3130.87000000", "time": "2025-07-15T23:10:34.741690Z", "fetched_at": "2025-07-15T23:10:49.980947+00:00", "symbol": "ETH-USD"}, {"trade_id": 667649714, "side": "sell", "size": "0.00205613", "price": "3130.86000000", "time": "2025-07-15T23:10:34.741690Z", "fetched_at": "2025-07-15T23:10:49.980947+00:00", "symbol": "ETH-USD"}, {"trade_id": 667649713, "side": "sell", "size": "0.01464527", "price": "3130.87000000", "time": "2025-07-15T23:10:34.710537Z", "fetched_at": "2025-07-15T23:10:49.980947+00:00", "symbol": "ETH-USD"}, {"trade_id": 667649712, "side": "sell", "size": "0.01258914", "price": "3130.87000000", "time": "2025-07-15T23:10:34.679628Z", "fetched_at": "2025-07-15T23:10:49.980947+00:00", "symbol": "ETH-USD"}, {"trade_id": 667649711, "side": "sell", "size": "0.00205613", "price": "3130.85000000", "time": "2025-07-15T23:10:34.679628Z", "fetched_at": "2025-07-15T23:10:49.980947+00:00", "symbol": "ETH-USD"}, {"trade_id": 667649710, "side": "sell", "size": "0.01258914", "price": "3130.87000000", "time": "2025-07-15T23:10:34.649049Z", "fetched_at": "2025-07-15T23:10:49.980947+00:00", "symbol": "ETH-USD"}, {"trade_id": 667649709, "side": "sell", "size": "0.00205613", "price": "3130.86000000", "time": "2025-07-15T23:10:34.649049Z", "fetched_at": "2025-07-15T23:10:49.980947+00:00", "symbol": "ETH-USD"}, {"trade_id": 667649708, "side": "sell", "size": "0.01258914", "price": "3130.87000000", "time": "2025-07-15T23:10:34.617901Z", "fetched_at": "2025-07-15T23:10:49.980947+00:00", "symbol": "ETH-USD"}, {"trade_id": 667649707, "side": "sell", "size": "0.00205613", "price": "3130.86000000", "time": "2025-07-15T23:10:34.617901Z", "fetched_at": "2025-07-15T23:10:49.980947+00:00", "symbol": "ETH-USD"}, {"trade_id": 667649706, "side": "sell", "size": "0.01258914", "price": "3130.81000000", "time": "2025-07-15T23:10:34.586047Z", "fetched_at": "2025-07-15T23:10:49.980947+00:00", "symbol": "ETH-USD"}, {"trade_id": 667649705, "side": "sell", "size": "0.00205613", "price": "3130.80000000", "time": "2025-07-15T23:10:34.586047Z", "fetched_at": "2025-07-15T23:10:49.980947+00:00", "symbol": "ETH-USD"}, {"trade_id": 667649704, "side": "sell", "size": "0.01464527", "price": "3130.85000000", "time": "2025-07-15T23:10:34.555065Z", "fetched_at": "2025-07-15T23:10:49.980947+00:00", "symbol": "ETH-USD"}, {"trade_id": 667649703, "side": "sell", "size": "0.00205613", "price": "3130.82000000", "time": "2025-07-15T23:10:34.524108Z", "fetched_at": "2025-07-15T23:10:49.980947+00:00", "symbol": "ETH-USD"}, {"trade_id": 667649702, "side": "sell", "size": "0.01257678", "price": "3130.85000000", "time": "2025-07-15T23:10:34.492520Z", "fetched_at": "2025-07-15T23:10:49.980947+00:00", "symbol": "ETH-USD"}, {"trade_id": 667649701, "side": "sell", "size": "0.00206849", "price": "3130.84000000", "time": "2025-07-15T23:10:34.492520Z", "fetched_at": "2025-07-15T23:10:49.980947+00:00", "symbol": "ETH-USD"}, {"trade_id": 667649700, "side": "sell", "size": "0.01257678", "price": "3130.85000000", "time": "2025-07-15T23:10:34.460624Z", "fetched_at": "2025-07-15T23:10:49.980947+00:00", "symbol": "ETH-USD"}, {"trade_id": 667649699, "side": "sell", "size": "0.00206849", "price": "3130.70000000", "time": "2025-07-15T23:10:34.460624Z", "fetched_at": "2025-07-15T23:10:49.980947+00:00", "symbol": "ETH-USD"}, {"trade_id": 667649698, "side": "sell", "size": "0.01257678", "price": "3130.87000000", "time": "2025-07-15T23:10:34.429629Z", "fetched_at": "2025-07-15T23:10:49.980947+00:00", "symbol": "ETH-USD"}, {"trade_id": 667649697, "side": "sell", "size": "0.00206849", "price": "3130.86000000", "time": "2025-07-15T23:10:34.429629Z", "fetched_at": "2025-07-15T23:10:49.980947+00:00", "symbol": "ETH-USD"}, {"trade_id": 667649696, "side": "sell", "size": "0.01257678", "price": "3130.87000000", "time": "2025-07-15T23:10:34.399155Z", "fetched_at": "2025-07-15T23:10:49.980947+00:00", "symbol": "ETH-USD"}, {"trade_id": 667649695, "side": "sell", "size": "0.00206849", "price": "3130.86000000", "time": "2025-07-15T23:10:34.399155Z", "fetched_at": "2025-07-15T23:10:49.980947+00:00", "symbol": "ETH-USD"}, {"trade_id": 667649694, "side": "sell", "size": "0.01257679", "price": "3130.87000000", "time": "2025-07-15T23:10:34.368665Z", "fetched_at": "2025-07-15T23:10:49.980947+00:00", "symbol": "ETH-USD"}, {"trade_id": 667649693, "side": "sell", "size": "0.00206848", "price": "3130.86000000", "time": "2025-07-15T23:10:34.368665Z", "fetched_at": "2025-07-15T23:10:49.980947+00:00", "symbol": "ETH-USD"}, {"trade_id": 667649692, "side": "buy", "size": "0.04070774", "price": "3130.77000000", "time": "2025-07-15T23:10:33.909897Z", "fetched_at": "2025-07-15T23:10:49.980947+00:00", "symbol": "ETH-USD"}, {"trade_id": 667649691, "side": "sell", "size": "0.00284413", "price": "3131.20000000", "time": "2025-07-15T23:10:33.771256Z", "fetched_at": "2025-07-15T23:10:49.980947+00:00", "symbol": "ETH-USD"}, {"trade_id": 667649690, "side": "buy", "size": "0.00307820", "price": "3130.91000000", "time": "2025-07-15T23:10:33.439641Z", "fetched_at": "2025-07-15T23:10:49.980947+00:00", "symbol": "ETH-USD"}, {"trade_id": 667649689, "side": "sell", "size": "0.17293000", "price": "3131.45000000", "time": "2025-07-15T23:10:33.438968Z", "fetched_at": "2025-07-15T23:10:49.980947+00:00", "symbol": "ETH-USD"}, {"trade_id": 667649688, "side": "sell", "size": "0.14707000", "price": "3131.39000000", "time": "2025-07-15T23:10:33.438968Z", "fetched_at": "2025-07-15T23:10:49.980947+00:00", "symbol": "ETH-USD"}, {"trade_id": 667649687, "side": "sell", "size": "0.52337129", "price": "3131.84000000", "time": "2025-07-15T23:10:33.421536Z", "fetched_at": "2025-07-15T23:10:49.980947+00:00", "symbol": "ETH-USD"}, {"trade_id": 667649686, "side": "sell", "size": "0.52252744", "price": "3131.69000000", "time": "2025-07-15T23:10:33.421536Z", "fetched_at": "2025-07-15T23:10:49.980947+00:00", "symbol": "ETH-USD"}, {"trade_id": 667649685, "side": "sell", "size": "0.03273798", "price": "3131.69000000", "time": "2025-07-15T23:10:33.421536Z", "fetched_at": "2025-07-15T23:10:49.980947+00:00", "symbol": "ETH-USD"}, {"trade_id": 667649684, "side": "sell", "size": "0.81189000", "price": "3131.68000000", "time": "2025-07-15T23:10:33.421536Z", "fetched_at": "2025-07-15T23:10:49.980947+00:00", "symbol": "ETH-USD"}, {"trade_id": 667649683, "side": "sell", "size": "0.00721132", "price": "3131.68000000", "time": "2025-07-15T23:10:33.421536Z", "fetched_at": "2025-07-15T23:10:49.980947+00:00", "symbol": "ETH-USD"}, {"trade_id": 667649682, "side": "sell", "size": "0.41701840", "price": "3131.67000000", "time": "2025-07-15T23:10:33.421536Z", "fetched_at": "2025-07-15T23:10:49.980947+00:00", "symbol": "ETH-USD"}, {"trade_id": 667649681, "side": "sell", "size": "0.33746726", "price": "3131.66000000", "time": "2025-07-15T23:10:33.421536Z", "fetched_at": "2025-07-15T23:10:49.980947+00:00", "symbol": "ETH-USD"}, {"trade_id": 667649680, "side": "sell", "size": "0.15966380", "price": "3131.59000000", "time": "2025-07-15T23:10:33.421536Z", "fetched_at": "2025-07-15T23:10:49.980947+00:00", "symbol": "ETH-USD"}, {"trade_id": 667649679, "side": "sell", "size": "0.00307557", "price": "3131.33000000", "time": "2025-07-15T23:10:33.421536Z", "fetched_at": "2025-07-15T23:10:49.980947+00:00", "symbol": "ETH-USD"}, {"trade_id": 667649678, "side": "sell", "size": "0.04085543", "price": "3131.35000000", "time": "2025-07-15T23:10:33.381704Z", "fetched_at": "2025-07-15T23:10:49.980947+00:00", "symbol": "ETH-USD"}, {"trade_id": 667649677, "side": "sell", "size": "0.01506080", "price": "3131.21000000", "time": "2025-07-15T23:10:33.381704Z", "fetched_at": "2025-07-15T23:10:49.980947+00:00", "symbol": "ETH-USD"}, {"trade_id": 667649676, "side": "buy", "size": "0.21553867", "price": "3130.17000000", "time": "2025-07-15T23:10:33.329416Z", "fetched_at": "2025-07-15T23:10:49.980947+00:00", "symbol": "ETH-USD"}, {"trade_id": 667649675, "side": "buy", "size": "0.00170999", "price": "3130.17000000", "time": "2025-07-15T23:10:33.329416Z", "fetched_at": "2025-07-15T23:10:49.980947+00:00", "symbol": "ETH-USD"}, {"trade_id": 667649674, "side": "buy", "size": "0.28973018", "price": "3130.22000000", "time": "2025-07-15T23:10:33.329416Z", "fetched_at": "2025-07-15T23:10:49.980947+00:00", "symbol": "ETH-USD"}, {"trade_id": 667649673, "side": "buy", "size": "0.20000000", "price": "3130.37000000", "time": "2025-07-15T23:10:33.329416Z", "fetched_at": "2025-07-15T23:10:49.980947+00:00", "symbol": "ETH-USD"}, {"trade_id": 667649672, "side": "buy", "size": "0.40000000", "price": "3130.37000000", "time": "2025-07-15T23:10:33.329416Z", "fetched_at": "2025-07-15T23:10:49.980947+00:00", "symbol": "ETH-USD"}, {"trade_id": 667649671, "side": "buy", "size": "0.79859525", "price": "3130.49000000", "time": "2025-07-15T23:10:33.329416Z", "fetched_at": "2025-07-15T23:10:49.980947+00:00", "symbol": "ETH-USD"}, {"trade_id": 667649670, "side": "buy", "size": "0.98905702", "price": "3130.56000000", "time": "2025-07-15T23:10:33.329416Z", "fetched_at": "2025-07-15T23:10:49.980947+00:00", "symbol": "ETH-USD"}, {"trade_id": 667649669, "side": "buy", "size": "0.12186000", "price": "3130.56000000", "time": "2025-07-15T23:10:33.328715Z", "fetched_at": "2025-07-15T23:10:49.980947+00:00", "symbol": "ETH-USD"}, {"trade_id": 667649668, "side": "buy", "size": "1.99500000", "price": "3130.56000000", "time": "2025-07-15T23:10:33.305040Z", "fetched_at": "2025-07-15T23:10:49.980947+00:00", "symbol": "ETH-USD"}, {"trade_id": 667649667, "side": "buy", "size": "0.61149370", "price": "3130.56000000", "time": "2025-07-15T23:10:33.303073Z", "fetched_at": "2025-07-15T23:10:49.980947+00:00", "symbol": "ETH-USD"}, {"trade_id": 667649666, "side": "buy", "size": "0.00100000", "price": "3130.56000000", "time": "2025-07-15T23:10:33.303073Z", "fetched_at": "2025-07-15T23:10:49.980947+00:00", "symbol": "ETH-USD"}, {"trade_id": 667649665, "side": "buy", "size": "0.00319429", "price": "3130.58000000", "time": "2025-07-15T23:10:33.303073Z", "fetched_at": "2025-07-15T23:10:49.980947+00:00", "symbol": "ETH-USD"}, {"trade_id": 667649664, "side": "buy", "size": "0.94500000", "price": "3130.60000000", "time": "2025-07-15T23:10:33.303073Z", "fetched_at": "2025-07-15T23:10:49.980947+00:00", "symbol": "ETH-USD"}, {"trade_id": 667649663, "side": "buy", "size": "4.60543598", "price": "3130.67000000", "time": "2025-07-15T23:10:33.303073Z", "fetched_at": "2025-07-15T23:10:49.980947+00:00", "symbol": "ETH-USD"}, {"trade_id": 667649662, "side": "buy", "size": "1.11435004", "price": "3130.67000000", "time": "2025-07-15T23:10:33.289620Z", "fetched_at": "2025-07-15T23:10:49.980947+00:00", "symbol": "ETH-USD"}, {"trade_id": 667649661, "side": "buy", "size": "0.12186000", "price": "3131.47000000", "time": "2025-07-15T23:10:33.289620Z", "fetched_at": "2025-07-15T23:10:49.980947+00:00", "symbol": "ETH-USD"}, {"trade_id": 667649660, "side": "buy", "size": "0.70902000", "price": "3131.27000000", "time": "2025-07-15T23:10:33.282255Z", "fetched_at": "2025-07-15T23:10:49.980947+00:00", "symbol": "ETH-USD"}, {"trade_id": 667649659, "side": "buy", "size": "0.13763766", "price": "3131.62000000", "time": "2025-07-15T23:10:33.282255Z", "fetched_at": "2025-07-15T23:10:49.980947+00:00", "symbol": "ETH-USD"}, {"trade_id": 667649658, "side": "buy", "size": "0.30118184", "price": "3130.79000000", "time": "2025-07-15T23:10:33.280623Z", "fetched_at": "2025-07-15T23:10:49.980947+00:00", "symbol": "ETH-USD"}, {"trade_id": 667649657, "side": "buy", "size": "0.33409244", "price": "3130.87000000", "time": "2025-07-15T23:10:33.280623Z", "fetched_at": "2025-07-15T23:10:49.980947+00:00", "symbol": "ETH-USD"}, {"trade_id": 667649656, "side": "buy", "size": "0.94500000", "price": "3130.92000000", "time": "2025-07-15T23:10:33.280623Z", "fetched_at": "2025-07-15T23:10:49.980947+00:00", "symbol": "ETH-USD"}, {"trade_id": 667649655, "side": "buy", "size": "0.00047889", "price": "3131.07000000", "time": "2025-07-15T23:10:33.280623Z", "fetched_at": "2025-07-15T23:10:49.980947+00:00", "symbol": "ETH-USD"}, {"trade_id": 667649654, "side": "buy", "size": "0.53598681", "price": "3131.12000000", "time": "2025-07-15T23:10:33.280623Z", "fetched_at": "2025-07-15T23:10:49.980947+00:00", "symbol": "ETH-USD"}, {"trade_id": 667649653, "side": "buy", "size": "1.01385965", "price": "3131.23000000", "time": "2025-07-15T23:10:33.280623Z", "fetched_at": "2025-07-15T23:10:49.980947+00:00", "symbol": "ETH-USD"}, {"trade_id": 667649652, "side": "sell", "size": "0.04735196", "price": "3132.01000000", "time": "2025-07-15T23:10:33.280557Z", "fetched_at": "2025-07-15T23:10:49.980947+00:00", "symbol": "ETH-USD"}, {"trade_id": 667649651, "side": "buy", "size": "1.93083095", "price": "3131.23000000", "time": "2025-07-15T23:10:33.278942Z", "fetched_at": "2025-07-15T23:10:49.980947+00:00", "symbol": "ETH-USD"}, {"trade_id": 667649650, "side": "buy", "size": "0.13763766", "price": "3131.25000000", "time": "2025-07-15T23:10:33.278942Z", "fetched_at": "2025-07-15T23:10:49.980947+00:00", "symbol": "ETH-USD"}, {"trade_id": 667649649, "side": "buy", "size": "0.26799341", "price": "3131.36000000", "time": "2025-07-15T23:10:33.278942Z", "fetched_at": "2025-07-15T23:10:49.980947+00:00", "symbol": "ETH-USD"}, {"trade_id": 667649648, "side": "buy", "size": "0.18128200", "price": "3131.61000000", "time": "2025-07-15T23:10:33.278942Z", "fetched_at": "2025-07-15T23:10:49.980947+00:00", "symbol": "ETH-USD"}, {"trade_id": 667649647, "side": "buy", "size": "0.34865158", "price": "3132.00000000", "time": "2025-07-15T23:10:33.278942Z", "fetched_at": "2025-07-15T23:10:49.980947+00:00", "symbol": "ETH-USD"}, {"trade_id": 667649646, "side": "buy", "size": "0.00100000", "price": "3131.52000000", "time": "2025-07-15T23:10:33.268275Z", "fetched_at": "2025-07-15T23:10:49.980947+00:00", "symbol": "ETH-USD"}, {"trade_id": 667649645, "side": "buy", "size": "0.94500000", "price": "3131.61000000", "time": "2025-07-15T23:10:33.268275Z", "fetched_at": "2025-07-15T23:10:49.980947+00:00", "symbol": "ETH-USD"}, {"trade_id": 667649644, "side": "buy", "size": "0.01623000", "price": "3131.81000000", "time": "2025-07-15T23:10:33.265330Z", "fetched_at": "2025-07-15T23:10:49.980947+00:00", "symbol": "ETH-USD"}, {"trade_id": 667649643, "side": "buy", "size": "0.00170999", "price": "3132.06000000", "time": "2025-07-15T23:10:33.264387Z", "fetched_at": "2025-07-15T23:10:49.980947+00:00", "symbol": "ETH-USD"}, {"trade_id": 667649642, "side": "buy", "size": "0.01276700", "price": "3132.20000000", "time": "2025-07-15T23:10:33.264387Z", "fetched_at": "2025-07-15T23:10:49.980947+00:00", "symbol": "ETH-USD"}, {"trade_id": 667649641, "side": "buy", "size": "0.00319270", "price": "3132.15000000", "time": "2025-07-15T23:10:33.264092Z", "fetched_at": "2025-07-15T23:10:49.980947+00:00", "symbol": "ETH-USD"}, {"trade_id": 667649640, "side": "buy", "size": "0.03110003", "price": "3132.17000000", "time": "2025-07-15T23:10:33.260574Z", "fetched_at": "2025-07-15T23:10:49.980947+00:00", "symbol": "ETH-USD"}, {"trade_id": 667649639, "side": "buy", "size": "1.00000000", "price": "3132.20000000", "time": "2025-07-15T23:10:33.260574Z", "fetched_at": "2025-07-15T23:10:49.980947+00:00", "symbol": "ETH-USD"}, {"trade_id": 667649638, "side": "buy", "size": "0.00023402", "price": "3132.32000000", "time": "2025-07-15T23:10:33.256495Z", "fetched_at": "2025-07-15T23:10:49.980947+00:00", "symbol": "ETH-USD"}, {"trade_id": 667649637, "side": "buy", "size": "0.79812153", "price": "3132.35000000", "time": "2025-07-15T23:10:33.255078Z", "fetched_at": "2025-07-15T23:10:49.980947+00:00", "symbol": "ETH-USD"}, {"trade_id": 667649636, "side": "buy", "size": "1.16381790", "price": "3132.37000000", "time": "2025-07-15T23:10:33.255078Z", "fetched_at": "2025-07-15T23:10:49.980947+00:00", "symbol": "ETH-USD"}, {"trade_id": 667649635, "side": "buy", "size": "0.32341348", "price": "3132.47000000", "time": "2025-07-15T23:10:33.254682Z", "fetched_at": "2025-07-15T23:10:49.980947+00:00", "symbol": "ETH-USD"}, {"trade_id": 667649634, "side": "buy", "size": "0.34532490", "price": "3132.47000000", "time": "2025-07-15T23:10:33.254682Z", "fetched_at": "2025-07-15T23:10:49.980947+00:00", "symbol": "ETH-USD"}, {"trade_id": 667649633, "side": "buy", "size": "0.31603708", "price": "3132.48000000", "time": "2025-07-15T23:10:33.254682Z", "fetched_at": "2025-07-15T23:10:49.980947+00:00", "symbol": "ETH-USD"}, {"trade_id": 667649632, "side": "buy", "size": "0.00100000", "price": "3132.48000000", "time": "2025-07-15T23:10:33.254682Z", "fetched_at": "2025-07-15T23:10:49.980947+00:00", "symbol": "ETH-USD"}, {"trade_id": 667649631, "side": "buy", "size": "0.65512028", "price": "3132.51000000", "time": "2025-07-15T23:10:33.254682Z", "fetched_at": "2025-07-15T23:10:49.980947+00:00", "symbol": "ETH-USD"}, {"trade_id": 667649630, "side": "buy", "size": "0.42959480", "price": "3132.52000000", "time": "2025-07-15T23:10:33.254682Z", "fetched_at": "2025-07-15T23:10:49.980947+00:00", "symbol": "ETH-USD"}, {"trade_id": 667649629, "side": "buy", "size": "0.94500000", "price": "3132.57000000", "time": "2025-07-15T23:10:33.254682Z", "fetched_at": "2025-07-15T23:10:49.980947+00:00", "symbol": "ETH-USD"}, {"trade_id": 667649628, "side": "buy", "size": "0.63135418", "price": "3132.59000000", "time": "2025-07-15T23:10:33.254682Z", "fetched_at": "2025-07-15T23:10:49.980947+00:00", "symbol": "ETH-USD"}, {"trade_id": 667649627, "side": "buy", "size": "1.18125706", "price": "3132.59000000", "time": "2025-07-15T23:10:33.254682Z", "fetched_at": "2025-07-15T23:10:49.980947+00:00", "symbol": "ETH-USD"}, {"trade_id": 667649626, "side": "buy", "size": "0.44969024", "price": "3132.60000000", "time": "2025-07-15T23:10:33.254682Z", "fetched_at": "2025-07-15T23:10:49.980947+00:00", "symbol": "ETH-USD"}, {"trade_id": 667649625, "side": "buy", "size": "0.76596440", "price": "3132.61000000", "time": "2025-07-15T23:10:33.254682Z", "fetched_at": "2025-07-15T23:10:49.980947+00:00", "symbol": "ETH-USD"}, {"trade_id": 667649624, "side": "buy", "size": "0.34486318", "price": "3132.63000000", "time": "2025-07-15T23:10:33.254682Z", "fetched_at": "2025-07-15T23:10:49.980947+00:00", "symbol": "ETH-USD"}, {"trade_id": 667649623, "side": "buy", "size": "0.00046172", "price": "3132.63000000", "time": "2025-07-15T23:10:33.254389Z", "fetched_at": "2025-07-15T23:10:49.980947+00:00", "symbol": "ETH-USD"}, {"trade_id": 667649622, "side": "buy", "size": "0.81739800", "price": "3132.64000000", "time": "2025-07-15T23:10:33.254389Z", "fetched_at": "2025-07-15T23:10:49.980947+00:00", "symbol": "ETH-USD"}, {"trade_id": 667649621, "side": "buy", "size": "1.17666540", "price": "3132.69000000", "time": "2025-07-15T23:10:33.254227Z", "fetched_at": "2025-07-15T23:10:49.980947+00:00", "symbol": "ETH-USD"}, {"trade_id": 667649620, "side": "buy", "size": "0.00100000", "price": "3132.72000000", "time": "2025-07-15T23:10:33.254227Z", "fetched_at": "2025-07-15T23:10:49.980947+00:00", "symbol": "ETH-USD"}, {"trade_id": 667649619, "side": "buy", "size": "0.12334565", "price": "3132.77000000", "time": "2025-07-15T23:10:33.254002Z", "fetched_at": "2025-07-15T23:10:49.980947+00:00", "symbol": "ETH-USD"}, {"trade_id": 667649618, "side": "buy", "size": "0.65070869", "price": "3132.78000000", "time": "2025-07-15T23:10:33.254002Z", "fetched_at": "2025-07-15T23:10:49.980947+00:00", "symbol": "ETH-USD"}, {"trade_id": 667649617, "side": "buy", "size": "0.44232443", "price": "3132.78000000", "time": "2025-07-15T23:10:33.254002Z", "fetched_at": "2025-07-15T23:10:49.980947+00:00", "symbol": "ETH-USD"}, {"trade_id": 667649616, "side": "buy", "size": "0.79800389", "price": "3132.81000000", "time": "2025-07-15T23:10:33.254002Z", "fetched_at": "2025-07-15T23:10:49.980947+00:00", "symbol": "ETH-USD"}, {"trade_id": 667649615, "side": "buy", "size": "0.15959973", "price": "3132.83000000", "time": "2025-07-15T23:10:33.254002Z", "fetched_at": "2025-07-15T23:10:49.980947+00:00", "symbol": "ETH-USD"}, {"trade_id": 667649614, "side": "buy", "size": "0.82808287", "price": "3132.84000000", "time": "2025-07-15T23:10:33.254002Z", "fetched_at": "2025-07-15T23:10:49.980947+00:00", "symbol": "ETH-USD"}, {"trade_id": 667649613, "side": "buy", "size": "0.15801854", "price": "3132.87000000", "time": "2025-07-15T23:10:33.254002Z", "fetched_at": "2025-07-15T23:10:49.980947+00:00", "symbol": "ETH-USD"}, {"trade_id": 667649612, "side": "buy", "size": "0.94500000", "price": "3132.90000000", "time": "2025-07-15T23:10:33.254002Z", "fetched_at": "2025-07-15T23:10:49.980947+00:00", "symbol": "ETH-USD"}, {"trade_id": 667649611, "side": "buy", "size": "1.64119162", "price": "3132.95000000", "time": "2025-07-15T23:10:33.253987Z", "fetched_at": "2025-07-15T23:10:49.980947+00:00", "symbol": "ETH-USD"}, {"trade_id": 667649610, "side": "buy", "size": "0.00047863", "price": "3132.95000000", "time": "2025-07-15T23:10:33.253987Z", "fetched_at": "2025-07-15T23:10:49.980947+00:00", "symbol": "ETH-USD"}, {"trade_id": 667649609, "side": "buy", "size": "0.14928668", "price": "3132.96000000", "time": "2025-07-15T23:10:33.253987Z", "fetched_at": "2025-07-15T23:10:49.980947+00:00", "symbol": "ETH-USD"}, {"trade_id": 667649608, "side": "buy", "size": "0.10000000", "price": "3133.02000000", "time": "2025-07-15T23:10:33.253987Z", "fetched_at": "2025-07-15T23:10:49.980947+00:00", "symbol": "ETH-USD"}, {"trade_id": 667649607, "side": "buy", "size": "0.37243852", "price": "3133.18000000", "time": "2025-07-15T23:10:33.253013Z", "fetched_at": "2025-07-15T23:10:49.980947+00:00", "symbol": "ETH-USD"}, {"trade_id": 667649606, "side": "buy", "size": "0.00307596", "price": "3133.19000000", "time": "2025-07-15T23:10:33.253013Z", "fetched_at": "2025-07-15T23:10:49.980947+00:00", "symbol": "ETH-USD"}, {"trade_id": 667649605, "side": "buy", "size": "0.06221116", "price": "3133.23000000", "time": "2025-07-15T23:10:33.253013Z", "fetched_at": "2025-07-15T23:10:49.980947+00:00", "symbol": "ETH-USD"}, {"trade_id": 667649604, "side": "sell", "size": "0.01391183", "price": "3133.25000000", "time": "2025-07-15T23:10:33.114901Z", "fetched_at": "2025-07-15T23:10:49.980947+00:00", "symbol": "ETH-USD"}, {"trade_id": 667649603, "side": "sell", "size": "0.00221537", "price": "3133.25000000", "time": "2025-07-15T23:10:33.006267Z", "fetched_at": "2025-07-15T23:10:49.980947+00:00", "symbol": "ETH-USD"}, {"trade_id": 667649602, "side": "sell", "size": "0.00004495", "price": "3133.25000000", "time": "2025-07-15T23:10:32.959670Z", "fetched_at": "2025-07-15T23:10:49.980947+00:00", "symbol": "ETH-USD"}, {"trade_id": 667649601, "side": "sell", "size": "0.07324117", "price": "3134.36000000", "time": "2025-07-15T23:10:32.768131Z", "fetched_at": "2025-07-15T23:10:49.980947+00:00", "symbol": "ETH-USD"}, {"trade_id": 667649600, "side": "sell", "size": "0.94500000", "price": "3134.31000000", "time": "2025-07-15T23:10:32.768131Z", "fetched_at": "2025-07-15T23:10:49.980947+00:00", "symbol": "ETH-USD"}, {"trade_id": 667649599, "side": "sell", "size": "0.66057886", "price": "3134.30000000", "time": "2025-07-15T23:10:32.768131Z", "fetched_at": "2025-07-15T23:10:49.980947+00:00", "symbol": "ETH-USD"}, {"trade_id": 667649598, "side": "sell", "size": "0.71240000", "price": "3134.18000000", "time": "2025-07-15T23:10:32.768131Z", "fetched_at": "2025-07-15T23:10:49.980947+00:00", "symbol": "ETH-USD"}, {"trade_id": 667649597, "side": "sell", "size": "0.42744000", "price": "3134.17000000", "time": "2025-07-15T23:10:32.768131Z", "fetched_at": "2025-07-15T23:10:49.980947+00:00", "symbol": "ETH-USD"}, {"trade_id": 667649596, "side": "sell", "size": "0.53012914", "price": "3134.08000000", "time": "2025-07-15T23:10:32.768131Z", "fetched_at": "2025-07-15T23:10:49.980947+00:00", "symbol": "ETH-USD"}, {"trade_id": 667649595, "side": "sell", "size": "0.79768504", "price": "3134.07000000", "time": "2025-07-15T23:10:32.768131Z", "fetched_at": "2025-07-15T23:10:49.980947+00:00", "symbol": "ETH-USD"}, {"trade_id": 667649594, "side": "sell", "size": "0.10000000", "price": "3134.06000000", "time": "2025-07-15T23:10:32.768131Z", "fetched_at": "2025-07-15T23:10:49.980947+00:00", "symbol": "ETH-USD"}, {"trade_id": 667649593, "side": "sell", "size": "0.04503045", "price": "3134.05000000", "time": "2025-07-15T23:10:32.768131Z", "fetched_at": "2025-07-15T23:10:49.980947+00:00", "symbol": "ETH-USD"}, {"trade_id": 667649592, "side": "sell", "size": "0.15955689", "price": "3133.68000000", "time": "2025-07-15T23:10:32.768131Z", "fetched_at": "2025-07-15T23:10:49.980947+00:00", "symbol": "ETH-USD"}, {"trade_id": 667649591, "side": "sell", "size": "0.00010335", "price": "3133.67000000", "time": "2025-07-15T23:10:32.768131Z", "fetched_at": "2025-07-15T23:10:49.980947+00:00", "symbol": "ETH-USD"}, {"trade_id": 667649590, "side": "sell", "size": "0.10000000", "price": "3133.66000000", "time": "2025-07-15T23:10:32.768131Z", "fetched_at": "2025-07-15T23:10:49.980947+00:00", "symbol": "ETH-USD"}, {"trade_id": 667649589, "side": "sell", "size": "0.39884244", "price": "3133.59000000", "time": "2025-07-15T23:10:32.768131Z", "fetched_at": "2025-07-15T23:10:49.980947+00:00", "symbol": "ETH-USD"}, {"trade_id": 667649588, "side": "sell", "size": "0.00292266", "price": "3133.58000000", "time": "2025-07-15T23:10:32.768131Z", "fetched_at": "2025-07-15T23:10:49.980947+00:00", "symbol": "ETH-USD"}, {"trade_id": 667649587, "side": "sell", "size": "0.14707000", "price": "3133.24000000", "time": "2025-07-15T23:10:32.768131Z", "fetched_at": "2025-07-15T23:10:49.980947+00:00", "symbol": "ETH-USD"}, {"trade_id": 667649586, "side": "buy", "size": "0.01652103", "price": "3133.23000000", "time": "2025-07-15T23:10:32.721424Z", "fetched_at": "2025-07-15T23:10:49.980947+00:00", "symbol": "ETH-USD"}, {"trade_id": 667649585, "side": "buy", "size": "0.00307592", "price": "3133.23000000", "time": "2025-07-15T23:10:32.721424Z", "fetched_at": "2025-07-15T23:10:49.980947+00:00", "symbol": "ETH-USD"}, {"trade_id": 667649584, "side": "buy", "size": "0.09966517", "price": "3133.66000000", "time": "2025-07-15T23:10:32.675105Z", "fetched_at": "2025-07-15T23:10:49.980947+00:00", "symbol": "ETH-USD"}, {"trade_id": 667649583, "side": "buy", "size": "0.01623000", "price": "3133.66000000", "time": "2025-07-15T23:10:32.662436Z", "fetched_at": "2025-07-15T23:10:49.980947+00:00", "symbol": "ETH-USD"}, {"trade_id": 667649582, "side": "buy", "size": "0.01623000", "price": "3133.66000000", "time": "2025-07-15T23:10:32.662042Z", "fetched_at": "2025-07-15T23:10:49.980947+00:00", "symbol": "ETH-USD"}, {"trade_id": 667649581, "side": "buy", "size": "0.06790728", "price": "3133.66000000", "time": "2025-07-15T23:10:32.428631Z", "fetched_at": "2025-07-15T23:10:49.980947+00:00", "symbol": "ETH-USD"}, {"trade_id": 667649580, "side": "buy", "size": "0.05724340", "price": "3133.57000000", "time": "2025-07-15T23:10:32.068481Z", "fetched_at": "2025-07-15T23:10:49.980947+00:00", "symbol": "ETH-USD"}, {"trade_id": 667649579, "side": "buy", "size": "0.94500000", "price": "3133.61000000", "time": "2025-07-15T23:10:32.068481Z", "fetched_at": "2025-07-15T23:10:49.980947+00:00", "symbol": "ETH-USD"}, {"trade_id": 667649578, "side": "buy", "size": "0.38616707", "price": "3133.91000000", "time": "2025-07-15T23:10:31.967619Z", "fetched_at": "2025-07-15T23:10:49.980947+00:00", "symbol": "ETH-USD"}, {"trade_id": 667649577, "side": "buy", "size": "0.00307524", "price": "3133.92000000", "time": "2025-07-15T23:10:31.967619Z", "fetched_at": "2025-07-15T23:10:49.980947+00:00", "symbol": "ETH-USD"}, {"trade_id": 667649576, "side": "sell", "size": "0.13589443", "price": "3134.65000000", "time": "2025-07-15T23:10:31.818274Z", "fetched_at": "2025-07-15T23:10:49.980947+00:00", "symbol": "ETH-USD"}, {"trade_id": 667649575, "side": "sell", "size": "0.15950854", "price": "3134.63000000", "time": "2025-07-15T23:10:31.818274Z", "fetched_at": "2025-07-15T23:10:49.980947+00:00", "symbol": "ETH-USD"}, {"trade_id": 667649574, "side": "sell", "size": "0.29540297", "price": "3134.62000000", "time": "2025-07-15T23:10:31.818274Z", "fetched_at": "2025-07-15T23:10:49.980947+00:00", "symbol": "ETH-USD"}, {"trade_id": 667649573, "side": "sell", "size": "0.00010336", "price": "3134.41000000", "time": "2025-07-15T23:10:31.818274Z", "fetched_at": "2025-07-15T23:10:49.980947+00:00", "symbol": "ETH-USD"}, {"trade_id": 667649572, "side": "sell", "size": "0.00005590", "price": "3134.41000000", "time": "2025-07-15T23:10:31.818274Z", "fetched_at": "2025-07-15T23:10:49.980947+00:00", "symbol": "ETH-USD"}, {"trade_id": 667649571, "side": "sell", "size": "0.00024002", "price": "3134.41000000", "time": "2025-07-15T23:10:31.818274Z", "fetched_at": "2025-07-15T23:10:49.980947+00:00", "symbol": "ETH-USD"}, {"trade_id": 667649570, "side": "sell", "size": "0.37760258", "price": "3134.15000000", "time": "2025-07-15T23:10:31.818274Z", "fetched_at": "2025-07-15T23:10:49.980947+00:00", "symbol": "ETH-USD"}, {"trade_id": 667649569, "side": "sell", "size": "0.00307452", "price": "3134.14000000", "time": "2025-07-15T23:10:31.818274Z", "fetched_at": "2025-07-15T23:10:49.980947+00:00", "symbol": "ETH-USD"}, {"trade_id": 667649568, "side": "buy", "size": "0.65884000", "price": "3133.12000000", "time": "2025-07-15T23:10:31.470127Z", "fetched_at": "2025-07-15T23:10:49.980947+00:00", "symbol": "ETH-USD"}, {"trade_id": 667649567, "side": "buy", "size": "0.14308000", "price": "3133.12000000", "time": "2025-07-15T23:10:31.470127Z", "fetched_at": "2025-07-15T23:10:49.980947+00:00", "symbol": "ETH-USD"}, {"trade_id": 667649566, "side": "buy", "size": "0.14308000", "price": "3133.23000000", "time": "2025-07-15T23:10:31.470127Z", "fetched_at": "2025-07-15T23:10:49.980947+00:00", "symbol": "ETH-USD"}, {"trade_id": 667649565, "side": "buy", "size": "0.26502774", "price": "3132.74000000", "time": "2025-07-15T23:10:31.457052Z", "fetched_at": "2025-07-15T23:10:49.980947+00:00", "symbol": "ETH-USD"}, {"trade_id": 667649564, "side": "buy", "size": "0.08412859", "price": "3132.75000000", "time": "2025-07-15T23:10:31.457052Z", "fetched_at": "2025-07-15T23:10:49.980947+00:00", "symbol": "ETH-USD"}, {"trade_id": 667649563, "side": "buy", "size": "0.14615566", "price": "3132.90000000", "time": "2025-07-15T23:10:31.457052Z", "fetched_at": "2025-07-15T23:10:49.980947+00:00", "symbol": "ETH-USD"}, {"trade_id": 667649562, "side": "buy", "size": "0.14308000", "price": "3133.00000000", "time": "2025-07-15T23:10:31.457052Z", "fetched_at": "2025-07-15T23:10:49.980947+00:00", "symbol": "ETH-USD"}, {"trade_id": 667649561, "side": "buy", "size": "0.15959070", "price": "3133.01000000", "time": "2025-07-15T23:10:31.457052Z", "fetched_at": "2025-07-15T23:10:49.980947+00:00", "symbol": "ETH-USD"}, {"trade_id": 667649560, "side": "buy", "size": "0.79884434", "price": "3132.90000000", "time": "2025-07-15T23:10:31.451677Z", "fetched_at": "2025-07-15T23:10:49.980947+00:00", "symbol": "ETH-USD"}, {"trade_id": 667649559, "side": "buy", "size": "0.14308000", "price": "3133.18000000", "time": "2025-07-15T23:10:31.451677Z", "fetched_at": "2025-07-15T23:10:49.980947+00:00", "symbol": "ETH-USD"}, {"trade_id": 667649558, "side": "buy", "size": "0.00307566", "price": "3133.49000000", "time": "2025-07-15T23:10:31.451677Z", "fetched_at": "2025-07-15T23:10:49.980947+00:00", "symbol": "ETH-USD"}, {"trade_id": 667649557, "side": "buy", "size": "0.00047863", "price": "3132.95000000", "time": "2025-07-15T23:10:31.441520Z", "fetched_at": "2025-07-15T23:10:49.980947+00:00", "symbol": "ETH-USD"}, {"trade_id": 667649556, "side": "buy", "size": "0.00100000", "price": "3132.96000000", "time": "2025-07-15T23:10:31.441520Z", "fetched_at": "2025-07-15T23:10:49.980947+00:00", "symbol": "ETH-USD"}, {"trade_id": 667649555, "side": "buy", "size": "0.12883737", "price": "3133.19000000", "time": "2025-07-15T23:10:31.441520Z", "fetched_at": "2025-07-15T23:10:49.980947+00:00", "symbol": "ETH-USD"}, {"trade_id": 667649554, "side": "buy", "size": "0.37585798", "price": "3133.19000000", "time": "2025-07-15T23:10:31.429994Z", "fetched_at": "2025-07-15T23:10:49.980947+00:00", "symbol": "ETH-USD"}, {"trade_id": 667649553, "side": "buy", "size": "0.00100000", "price": "3133.20000000", "time": "2025-07-15T23:10:31.429994Z", "fetched_at": "2025-07-15T23:10:49.980947+00:00", "symbol": "ETH-USD"}, {"trade_id": 667649552, "side": "buy", "size": "0.00170999", "price": "3133.32000000", "time": "2025-07-15T23:10:31.429994Z", "fetched_at": "2025-07-15T23:10:49.980947+00:00", "symbol": "ETH-USD"}, {"trade_id": 667649551, "side": "buy", "size": "0.65069170", "price": "3133.35000000", "time": "2025-07-15T23:10:31.429994Z", "fetched_at": "2025-07-15T23:10:49.980947+00:00", "symbol": "ETH-USD"}, {"trade_id": 667649550, "side": "buy", "size": "0.14308000", "price": "3133.47000000", "time": "2025-07-15T23:10:31.429994Z", "fetched_at": "2025-07-15T23:10:49.980947+00:00", "symbol": "ETH-USD"}, {"trade_id": 667649549, "side": "sell", "size": "0.03363071", "price": "3134.02000000", "time": "2025-07-15T23:10:31.424735Z", "fetched_at": "2025-07-15T23:10:49.980947+00:00", "symbol": "ETH-USD"}, {"trade_id": 667649548, "side": "sell", "size": "0.09930132", "price": "3134.01000000", "time": "2025-07-15T23:10:31.424735Z", "fetched_at": "2025-07-15T23:10:49.980947+00:00", "symbol": "ETH-USD"}, {"trade_id": 667649547, "side": "sell", "size": "0.10000000", "price": "3134.01000000", "time": "2025-07-15T23:10:31.424735Z", "fetched_at": "2025-07-15T23:10:49.980947+00:00", "symbol": "ETH-USD"}, {"trade_id": 667649546, "side": "sell", "size": "0.08820874", "price": "3134.00000000", "time": "2025-07-15T23:10:31.424735Z", "fetched_at": "2025-07-15T23:10:49.980947+00:00", "symbol": "ETH-USD"}, {"trade_id": 667649545, "side": "sell", "size": "0.07629891", "price": "3133.99000000", "time": "2025-07-15T23:10:31.424735Z", "fetched_at": "2025-07-15T23:10:49.980947+00:00", "symbol": "ETH-USD"}, {"trade_id": 667649544, "side": "sell", "size": "0.08903948", "price": "3133.92000000", "time": "2025-07-15T23:10:31.424735Z", "fetched_at": "2025-07-15T23:10:49.980947+00:00", "symbol": "ETH-USD"}, {"trade_id": 667649543, "side": "sell", "size": "0.00307406", "price": "3133.91000000", "time": "2025-07-15T23:10:31.424735Z", "fetched_at": "2025-07-15T23:10:49.980947+00:00", "symbol": "ETH-USD"}, {"trade_id": 667649542, "side": "sell", "size": "0.06844678", "price": "3133.72000000", "time": "2025-07-15T23:10:31.424735Z", "fetched_at": "2025-07-15T23:10:49.980947+00:00", "symbol": "ETH-USD"}, {"trade_id": 667649541, "side": "buy", "size": "0.19972949", "price": "3133.44000000", "time": "2025-07-15T23:10:31.394481Z", "fetched_at": "2025-07-15T23:10:49.980947+00:00", "symbol": "ETH-USD"}, {"trade_id": 667649540, "side": "buy", "size": "0.79926064", "price": "3133.44000000", "time": "2025-07-15T23:10:31.394400Z", "fetched_at": "2025-07-15T23:10:49.980947+00:00", "symbol": "ETH-USD"}, {"trade_id": 667649539, "side": "buy", "size": "0.00100000", "price": "3133.44000000", "time": "2025-07-15T23:10:31.394400Z", "fetched_at": "2025-07-15T23:10:49.980947+00:00", "symbol": "ETH-USD"}, {"trade_id": 667649538, "side": "buy", "size": "0.00307570", "price": "3133.45000000", "time": "2025-07-15T23:10:31.394400Z", "fetched_at": "2025-07-15T23:10:49.980947+00:00", "symbol": "ETH-USD"}, {"trade_id": 667649537, "side": "buy", "size": "0.31501024", "price": "3133.60000000", "time": "2025-07-15T23:10:31.394122Z", "fetched_at": "2025-07-15T23:10:49.980947+00:00", "symbol": "ETH-USD"}, {"trade_id": 667649536, "side": "buy", "size": "0.00100000", "price": "3133.68000000", "time": "2025-07-15T23:10:31.394122Z", "fetched_at": "2025-07-15T23:10:49.980947+00:00", "symbol": "ETH-USD"}, {"trade_id": 667649535, "side": "buy", "size": "0.00319110", "price": "3133.72000000", "time": "2025-07-15T23:10:31.394122Z", "fetched_at": "2025-07-15T23:10:49.980947+00:00", "symbol": "ETH-USD"}, {"trade_id": 667649534, "side": "buy", "size": "0.00100000", "price": "3133.92000000", "time": "2025-07-15T23:10:31.384001Z", "fetched_at": "2025-07-15T23:10:49.980947+00:00", "symbol": "ETH-USD"}, {"trade_id": 667649533, "side": "buy", "size": "1.20658656", "price": "3134.00000000", "time": "2025-07-15T23:10:31.383333Z", "fetched_at": "2025-07-15T23:10:49.980947+00:00", "symbol": "ETH-USD"}, {"trade_id": 667649532, "side": "buy", "size": "0.62832067", "price": "3134.00000000", "time": "2025-07-15T23:10:31.383246Z", "fetched_at": "2025-07-15T23:10:49.980947+00:00", "symbol": "ETH-USD"}, {"trade_id": 667649531, "side": "buy", "size": "4.16509277", "price": "3134.00000000", "time": "2025-07-15T23:10:31.383159Z", "fetched_at": "2025-07-15T23:10:49.980947+00:00", "symbol": "ETH-USD"}, {"trade_id": 667649530, "side": "buy", "size": "7.89202338", "price": "3134.00000000", "time": "2025-07-15T23:10:31.383159Z", "fetched_at": "2025-07-15T23:10:49.980947+00:00", "symbol": "ETH-USD"}, {"trade_id": 667649529, "side": "buy", "size": "3.90314840", "price": "3134.00000000", "time": "2025-07-15T23:10:31.383065Z", "fetched_at": "2025-07-15T23:10:49.980947+00:00", "symbol": "ETH-USD"}, {"trade_id": 667649528, "side": "buy", "size": "8.20482822", "price": "3134.00000000", "time": "2025-07-15T23:10:31.383033Z", "fetched_at": "2025-07-15T23:10:49.980947+00:00", "symbol": "ETH-USD"}, {"trade_id": 667649527, "side": "buy", "size": "1.19786908", "price": "3134.00000000", "time": "2025-07-15T23:10:31.383033Z", "fetched_at": "2025-07-15T23:10:49.980947+00:00", "symbol": "ETH-USD"}, {"trade_id": 667649526, "side": "buy", "size": "0.67842223", "price": "3134.00000000", "time": "2025-07-15T23:10:31.383004Z", "fetched_at": "2025-07-15T23:10:49.980947+00:00", "symbol": "ETH-USD"}, {"trade_id": 667649525, "side": "buy", "size": "2.45359731", "price": "3134.00000000", "time": "2025-07-15T23:10:31.382940Z", "fetched_at": "2025-07-15T23:10:49.980947+00:00", "symbol": "ETH-USD"}, {"trade_id": 667649524, "side": "buy", "size": "0.46205164", "price": "3134.00000000", "time": "2025-07-15T23:10:31.382903Z", "fetched_at": "2025-07-15T23:10:49.980947+00:00", "symbol": "ETH-USD"}, {"trade_id": 667649523, "side": "buy", "size": "0.20805974", "price": "3134.00000000", "time": "2025-07-15T23:10:31.382726Z", "fetched_at": "2025-07-15T23:10:49.980947+00:00", "symbol": "ETH-USD"}, {"trade_id": 667649522, "side": "buy", "size": "0.00100000", "price": "3134.16000000", "time": "2025-07-15T23:10:31.382726Z", "fetched_at": "2025-07-15T23:10:49.980947+00:00", "symbol": "ETH-USD"}, {"trade_id": 667649521, "side": "buy", "size": "0.00100000", "price": "3134.40000000", "time": "2025-07-15T23:10:31.262903Z", "fetched_at": "2025-07-15T23:10:49.980947+00:00", "symbol": "ETH-USD"}, {"trade_id": 667649520, "side": "sell", "size": "0.12039286", "price": "3134.41000000", "time": "2025-07-15T23:10:31.259223Z", "fetched_at": "2025-07-15T23:10:49.980947+00:00", "symbol": "ETH-USD"}, {"trade_id": 667649519, "side": "sell", "size": "0.13960714", "price": "3134.41000000", "time": "2025-07-15T23:10:31.259223Z", "fetched_at": "2025-07-15T23:10:49.980947+00:00", "symbol": "ETH-USD"}, {"trade_id": 667649518, "side": "sell", "size": "0.00746286", "price": "3134.41000000", "time": "2025-07-15T23:10:31.113186Z", "fetched_at": "2025-07-15T23:10:49.980947+00:00", "symbol": "ETH-USD"}, {"trade_id": 667649517, "side": "buy", "size": "0.00100000", "price": "3134.64000000", "time": "2025-07-15T23:10:30.190294Z", "fetched_at": "2025-07-15T23:10:49.980947+00:00", "symbol": "ETH-USD"}, {"trade_id": 667649516, "side": "sell", "size": "0.00375379", "price": "3134.65000000", "time": "2025-07-15T23:10:29.569358Z", "fetched_at": "2025-07-15T23:10:49.980947+00:00", "symbol": "ETH-USD"}, {"trade_id": 667649515, "side": "sell", "size": "0.01892588", "price": "3134.65000000", "time": "2025-07-15T23:10:29.480652Z", "fetched_at": "2025-07-15T23:10:49.980947+00:00", "symbol": "ETH-USD"}, {"trade_id": 667649514, "side": "buy", "size": "0.00100000", "price": "3134.88000000", "time": "2025-07-15T23:10:29.301322Z", "fetched_at": "2025-07-15T23:10:49.980947+00:00", "symbol": "ETH-USD"}, {"trade_id": 667649513, "side": "buy", "size": "0.00978632", "price": "3134.94000000", "time": "2025-07-15T23:10:29.281066Z", "fetched_at": "2025-07-15T23:10:49.980947+00:00", "symbol": "ETH-USD"}, {"trade_id": 667649512, "side": "buy", "size": "0.81299692", "price": "3135.00000000", "time": "2025-07-15T23:10:29.276192Z", "fetched_at": "2025-07-15T23:10:49.980947+00:00", "symbol": "ETH-USD"}, {"trade_id": 667649511, "side": "buy", "size": "0.60064440", "price": "3135.00000000", "time": "2025-07-15T23:10:29.274552Z", "fetched_at": "2025-07-15T23:10:49.980947+00:00", "symbol": "ETH-USD"}, {"trade_id": 667649510, "side": "buy", "size": "0.17726777", "price": "3135.00000000", "time": "2025-07-15T23:10:29.274209Z", "fetched_at": "2025-07-15T23:10:49.980947+00:00", "symbol": "ETH-USD"}, {"trade_id": 667649509, "side": "buy", "size": "0.43936908", "price": "3135.00000000", "time": "2025-07-15T23:10:29.274209Z", "fetched_at": "2025-07-15T23:10:49.980947+00:00", "symbol": "ETH-USD"}, {"trade_id": 667649508, "side": "buy", "size": "0.46032129", "price": "3135.00000000", "time": "2025-07-15T23:10:29.274009Z", "fetched_at": "2025-07-15T23:10:49.980947+00:00", "symbol": "ETH-USD"}, {"trade_id": 667649507, "side": "buy", "size": "0.14389078", "price": "3135.00000000", "time": "2025-07-15T23:10:29.272427Z", "fetched_at": "2025-07-15T23:10:49.980947+00:00", "symbol": "ETH-USD"}, {"trade_id": 667649506, "side": "buy", "size": "1.40238922", "price": "3135.00000000", "time": "2025-07-15T23:10:29.272427Z", "fetched_at": "2025-07-15T23:10:49.980947+00:00", "symbol": "ETH-USD"}, {"trade_id": 667649505, "side": "buy", "size": "1.33245828", "price": "3135.00000000", "time": "2025-07-15T23:10:29.269275Z", "fetched_at": "2025-07-15T23:10:49.980947+00:00", "symbol": "ETH-USD"}, {"trade_id": 667649504, "side": "buy", "size": "0.39198398", "price": "3135.00000000", "time": "2025-07-15T23:10:29.268714Z", "fetched_at": "2025-07-15T23:10:49.980947+00:00", "symbol": "ETH-USD"}, {"trade_id": 667649503, "side": "buy", "size": "1.45006701", "price": "3135.00000000", "time": "2025-07-15T23:10:29.267681Z", "fetched_at": "2025-07-15T23:10:49.980947+00:00", "symbol": "ETH-USD"}, {"trade_id": 667649502, "side": "buy", "size": "0.01623000", "price": "3135.00000000", "time": "2025-07-15T23:10:29.257452Z", "fetched_at": "2025-07-15T23:10:49.980947+00:00", "symbol": "ETH-USD"}, {"trade_id": 667649501, "side": "buy", "size": "1.74841582", "price": "3135.00000000", "time": "2025-07-15T23:10:29.256498Z", "fetched_at": "2025-07-15T23:10:49.980947+00:00", "symbol": "ETH-USD"}, {"trade_id": 667649500, "side": "buy", "size": "0.60721660", "price": "3135.00000000", "time": "2025-07-15T23:10:29.242008Z", "fetched_at": "2025-07-15T23:10:49.980947+00:00", "symbol": "ETH-USD"}, {"trade_id": 667649499, "side": "buy", "size": "0.34623964", "price": "3135.00000000", "time": "2025-07-15T23:10:29.207579Z", "fetched_at": "2025-07-15T23:10:49.980947+00:00", "symbol": "ETH-USD"}, {"trade_id": 667649498, "side": "buy", "size": "1.44166971", "price": "3135.00000000", "time": "2025-07-15T23:10:29.203357Z", "fetched_at": "2025-07-15T23:10:49.980947+00:00", "symbol": "ETH-USD"}, {"trade_id": 667649497, "side": "buy", "size": "0.00100000", "price": "3135.12000000", "time": "2025-07-15T23:10:29.199025Z", "fetched_at": "2025-07-15T23:10:49.980947+00:00", "symbol": "ETH-USD"}, {"trade_id": 667649496, "side": "buy", "size": "0.00307400", "price": "3135.18000000", "time": "2025-07-15T23:10:29.199025Z", "fetched_at": "2025-07-15T23:10:49.980947+00:00", "symbol": "ETH-USD"}, {"trade_id": 667649495, "side": "sell", "size": "0.00928996", "price": "3135.13000000", "time": "2025-07-15T23:10:28.386662Z", "fetched_at": "2025-07-15T23:10:49.980947+00:00", "symbol": "ETH-USD"}, {"trade_id": 667649494, "side": "buy", "size": "1.01548035", "price": "3135.52000000", "time": "2025-07-15T23:10:27.725457Z", "fetched_at": "2025-07-15T23:10:49.980947+00:00", "symbol": "ETH-USD"}, {"trade_id": 667649493, "side": "buy", "size": "0.10484689", "price": "3135.53000000", "time": "2025-07-15T23:10:27.725457Z", "fetched_at": "2025-07-15T23:10:49.980947+00:00", "symbol": "ETH-USD"}, {"trade_id": 667649492, "side": "buy", "size": "0.04463430", "price": "3135.54000000", "time": "2025-07-15T23:10:27.725457Z", "fetched_at": "2025-07-15T23:10:49.980947+00:00", "symbol": "ETH-USD"}, {"trade_id": 667649491, "side": "buy", "size": "0.00307364", "price": "3135.55000000", "time": "2025-07-15T23:10:27.725457Z", "fetched_at": "2025-07-15T23:10:49.980947+00:00", "symbol": "ETH-USD"}, {"trade_id": 667649490, "side": "buy", "size": "0.44157092", "price": "3135.86000000", "time": "2025-07-15T23:10:27.725457Z", "fetched_at": "2025-07-15T23:10:49.980947+00:00", "symbol": "ETH-USD"}, {"trade_id": 667649489, "side": "buy", "size": "0.15938389", "price": "3135.71000000", "time": "2025-07-15T23:10:27.458677Z", "fetched_at": "2025-07-15T23:10:49.980947+00:00", "symbol": "ETH-USD"}, {"trade_id": 667649488, "side": "sell", "size": "0.00466811", "price": "3136.20000000", "time": "2025-07-15T23:10:26.878002Z", "fetched_at": "2025-07-15T23:10:49.980947+00:00", "symbol": "ETH-USD"}, {"trade_id": 667649487, "side": "sell", "size": "0.00307326", "price": "3136.19000000", "time": "2025-07-15T23:10:26.878002Z", "fetched_at": "2025-07-15T23:10:49.980947+00:00", "symbol": "ETH-USD"}, {"trade_id": 667649486, "side": "buy", "size": "0.29914184", "price": "3135.61000000", "time": "2025-07-15T23:10:26.383405Z", "fetched_at": "2025-07-15T23:10:49.980947+00:00", "symbol": "ETH-USD"}, {"trade_id": 667649485, "side": "buy", "size": "0.00307358", "price": "3135.61000000", "time": "2025-07-15T23:10:26.383405Z", "fetched_at": "2025-07-15T23:10:49.980947+00:00", "symbol": "ETH-USD"}, {"trade_id": 667649484, "side": "buy", "size": "0.09692655", "price": "3135.73000000", "time": "2025-07-15T23:10:26.224907Z", "fetched_at": "2025-07-15T23:10:49.980947+00:00", "symbol": "ETH-USD"}, {"trade_id": 667649483, "side": "buy", "size": "0.00307345", "price": "3135.74000000", "time": "2025-07-15T23:10:26.224907Z", "fetched_at": "2025-07-15T23:10:49.980947+00:00", "symbol": "ETH-USD"}, {"trade_id": 667649482, "side": "sell", "size": "0.60000000", "price": "3135.74000000", "time": "2025-07-15T23:10:25.591243Z", "fetched_at": "2025-07-15T23:10:49.980947+00:00", "symbol": "ETH-USD"}, {"trade_id": 667649481, "side": "sell", "size": "0.00307394", "price": "3135.73000000", "time": "2025-07-15T23:10:25.591243Z", "fetched_at": "2025-07-15T23:10:49.980947+00:00", "symbol": "ETH-USD"}, {"trade_id": 667649480, "side": "buy", "size": "0.12814518", "price": "3135.20000000", "time": "2025-07-15T23:10:25.302948Z", "fetched_at": "2025-07-15T23:10:49.980947+00:00", "symbol": "ETH-USD"}, {"trade_id": 667649479, "side": "buy", "size": "0.10777634", "price": "3135.25000000", "time": "2025-07-15T23:10:25.302948Z", "fetched_at": "2025-07-15T23:10:49.980947+00:00", "symbol": "ETH-USD"}, {"trade_id": 667649478, "side": "buy", "size": "0.00307393", "price": "3135.26000000", "time": "2025-07-15T23:10:25.302948Z", "fetched_at": "2025-07-15T23:10:49.980947+00:00", "symbol": "ETH-USD"}, {"trade_id": 667649477, "side": "sell", "size": "0.51334421", "price": "3136.07000000", "time": "2025-07-15T23:10:24.653003Z", "fetched_at": "2025-07-15T23:10:49.980947+00:00", "symbol": "ETH-USD"}, {"trade_id": 667649476, "side": "sell", "size": "0.10000000", "price": "3135.93000000", "time": "2025-07-15T23:10:24.653003Z", "fetched_at": "2025-07-15T23:10:49.980947+00:00", "symbol": "ETH-USD"}, {"trade_id": 667649475, "side": "sell", "size": "0.79721421", "price": "3135.92000000", "time": "2025-07-15T23:10:24.653003Z", "fetched_at": "2025-07-15T23:10:49.980947+00:00", "symbol": "ETH-USD"}, {"trade_id": 667649474, "side": "sell", "size": "0.02982037", "price": "3135.91000000", "time": "2025-07-15T23:10:24.653003Z", "fetched_at": "2025-07-15T23:10:49.980947+00:00", "symbol": "ETH-USD"}, {"trade_id": 667649473, "side": "sell", "size": "0.14707000", "price": "3135.23000000", "time": "2025-07-15T23:10:24.653003Z", "fetched_at": "2025-07-15T23:10:49.980947+00:00", "symbol": "ETH-USD"}, {"trade_id": 667649472, "side": "buy", "size": "0.16634272", "price": "3135.36000000", "time": "2025-07-15T23:10:24.230135Z", "fetched_at": "2025-07-15T23:10:49.980947+00:00", "symbol": "ETH-USD"}, {"trade_id": 667649471, "side": "buy", "size": "0.00100000", "price": "3135.36000000", "time": "2025-07-15T23:10:24.230135Z", "fetched_at": "2025-07-15T23:10:49.980947+00:00", "symbol": "ETH-USD"}, {"trade_id": 667649470, "side": "buy", "size": "0.00100000", "price": "3135.60000000", "time": "2025-07-15T23:10:24.198093Z", "fetched_at": "2025-07-15T23:10:49.980947+00:00", "symbol": "ETH-USD"}, {"trade_id": 667649469, "side": "sell", "size": "0.09845187", "price": "3135.95000000", "time": "2025-07-15T23:10:24.166282Z", "fetched_at": "2025-07-15T23:10:49.980947+00:00", "symbol": "ETH-USD"}, {"trade_id": 667649468, "side": "sell", "size": "0.00154813", "price": "3135.94000000", "time": "2025-07-15T23:10:24.166282Z", "fetched_at": "2025-07-15T23:10:49.980947+00:00", "symbol": "ETH-USD"}, {"trade_id": 667649467, "side": "sell", "size": "0.94500000", "price": "3135.93000000", "time": "2025-07-15T23:10:24.166282Z", "fetched_at": "2025-07-15T23:10:49.980947+00:00", "symbol": "ETH-USD"}, {"trade_id": 667649466, "side": "sell", "size": "0.50556713", "price": "3135.61000000", "time": "2025-07-15T23:10:24.166282Z", "fetched_at": "2025-07-15T23:10:49.980947+00:00", "symbol": "ETH-USD"}, {"trade_id": 667649465, "side": "sell", "size": "0.14707000", "price": "3135.61000000", "time": "2025-07-15T23:10:24.166282Z", "fetched_at": "2025-07-15T23:10:49.980947+00:00", "symbol": "ETH-USD"}, {"trade_id": 667649464, "side": "buy", "size": "0.00081731", "price": "3135.84000000", "time": "2025-07-15T23:10:24.096764Z", "fetched_at": "2025-07-15T23:10:49.980947+00:00", "symbol": "ETH-USD"}, {"trade_id": 667649463, "side": "buy", "size": "0.00100000", "price": "3135.84000000", "time": "2025-07-15T23:10:24.096764Z", "fetched_at": "2025-07-15T23:10:49.980947+00:00", "symbol": "ETH-USD"}, {"trade_id": 667649462, "side": "sell", "size": "0.53278479", "price": "3135.85000000", "time": "2025-07-15T23:10:24.094873Z", "fetched_at": "2025-07-15T23:10:49.980947+00:00", "symbol": "ETH-USD"}, {"trade_id": 667649461, "side": "sell", "size": "0.14707000", "price": "3135.85000000", "time": "2025-07-15T23:10:24.088599Z", "fetched_at": "2025-07-15T23:10:49.980947+00:00", "symbol": "ETH-USD"}, {"trade_id": 667649460, "side": "sell", "size": "0.79716379", "price": "3136.12000000", "time": "2025-07-15T23:10:24.057848Z", "fetched_at": "2025-07-15T23:10:49.980947+00:00", "symbol": "ETH-USD"}, {"trade_id": 667649459, "side": "sell", "size": "0.14707000", "price": "3136.03000000", "time": "2025-07-15T23:10:24.057614Z", "fetched_at": "2025-07-15T23:10:49.980947+00:00", "symbol": "ETH-USD"}, {"trade_id": 667649458, "side": "sell", "size": "0.01236725", "price": "3136.03000000", "time": "2025-07-15T23:10:24.055753Z", "fetched_at": "2025-07-15T23:10:49.980947+00:00", "symbol": "ETH-USD"}, {"trade_id": 667649457, "side": "sell", "size": "0.14707000", "price": "3135.85000000", "time": "2025-07-15T23:10:24.055753Z", "fetched_at": "2025-07-15T23:10:49.980947+00:00", "symbol": "ETH-USD"}, {"trade_id": 667649456, "side": "sell", "size": "0.14707000", "price": "3136.12000000", "time": "2025-07-15T23:10:23.988634Z", "fetched_at": "2025-07-15T23:10:49.980947+00:00", "symbol": "ETH-USD"}, {"trade_id": 667649455, "side": "sell", "size": "0.44868379", "price": "3136.12000000", "time": "2025-07-15T23:10:23.985966Z", "fetched_at": "2025-07-15T23:10:49.980947+00:00", "symbol": "ETH-USD"}, {"trade_id": 667649454, "side": "sell", "size": "0.15943725", "price": "3136.03000000", "time": "2025-07-15T23:10:23.985966Z", "fetched_at": "2025-07-15T23:10:49.980947+00:00", "symbol": "ETH-USD"}, {"trade_id": 667649453, "side": "sell", "size": "0.20141000", "price": "3135.85000000", "time": "2025-07-15T23:10:23.985966Z", "fetched_at": "2025-07-15T23:10:49.980947+00:00", "symbol": "ETH-USD"}, {"trade_id": 667649452, "side": "sell", "size": "0.14707000", "price": "3135.85000000", "time": "2025-07-15T23:10:23.985966Z", "fetched_at": "2025-07-15T23:10:49.980947+00:00", "symbol": "ETH-USD"}, {"trade_id": 667649451, "side": "sell", "size": "0.10214688", "price": "3136.36000000", "time": "2025-07-15T23:10:23.896372Z", "fetched_at": "2025-07-15T23:10:49.980947+00:00", "symbol": "ETH-USD"}, {"trade_id": 667649450, "side": "sell", "size": "0.10000000", "price": "3136.36000000", "time": "2025-07-15T23:10:23.896372Z", "fetched_at": "2025-07-15T23:10:49.980947+00:00", "symbol": "ETH-USD"}, {"trade_id": 667649449, "side": "sell", "size": "0.03939049", "price": "3136.12000000", "time": "2025-07-15T23:10:23.856465Z", "fetched_at": "2025-07-15T23:10:49.980947+00:00", "symbol": "ETH-USD"}, {"trade_id": 667649448, "side": "sell", "size": "0.60062023", "price": "3136.12000000", "time": "2025-07-15T23:10:23.854970Z", "fetched_at": "2025-07-15T23:10:49.980947+00:00", "symbol": "ETH-USD"}, {"trade_id": 667649447, "side": "sell", "size": "0.15943725", "price": "3136.03000000", "time": "2025-07-15T23:10:23.854970Z", "fetched_at": "2025-07-15T23:10:49.980947+00:00", "symbol": "ETH-USD"}, {"trade_id": 667649446, "side": "sell", "size": "0.94500000", "price": "3135.85000000", "time": "2025-07-15T23:10:23.854970Z", "fetched_at": "2025-07-15T23:10:49.980947+00:00", "symbol": "ETH-USD"}, {"trade_id": 667649445, "side": "sell", "size": "0.14707000", "price": "3135.85000000", "time": "2025-07-15T23:10:23.854970Z", "fetched_at": "2025-07-15T23:10:49.980947+00:00", "symbol": "ETH-USD"}, {"trade_id": 667649444, "side": "sell", "size": "0.23123359", "price": "3136.27000000", "time": "2025-07-15T23:10:23.101969Z", "fetched_at": "2025-07-15T23:10:49.980947+00:00", "symbol": "ETH-USD"}, {"trade_id": 667649443, "side": "sell", "size": "0.14707000", "price": "3135.85000000", "time": "2025-07-15T23:10:23.101969Z", "fetched_at": "2025-07-15T23:10:49.980947+00:00", "symbol": "ETH-USD"}, {"trade_id": 667649442, "side": "sell", "size": "0.14707000", "price": "3135.86000000", "time": "2025-07-15T23:10:23.071152Z", "fetched_at": "2025-07-15T23:10:49.980947+00:00", "symbol": "ETH-USD"}, {"trade_id": 667649441, "side": "sell", "size": "0.23123359", "price": "3136.01000000", "time": "2025-07-15T23:10:23.040669Z", "fetched_at": "2025-07-15T23:10:49.980947+00:00", "symbol": "ETH-USD"}, {"trade_id": 667649440, "side": "sell", "size": "0.14707000", "price": "3135.85000000", "time": "2025-07-15T23:10:23.039959Z", "fetched_at": "2025-07-15T23:10:49.980947+00:00", "symbol": "ETH-USD"}, {"trade_id": 667649439, "side": "sell", "size": "0.14707000", "price": "3135.85000000", "time": "2025-07-15T23:10:23.004276Z", "fetched_at": "2025-07-15T23:10:49.980947+00:00", "symbol": "ETH-USD"}, {"trade_id": 667649438, "side": "sell", "size": "0.21886985", "price": "3136.12000000", "time": "2025-07-15T23:10:22.972263Z", "fetched_at": "2025-07-15T23:10:49.980947+00:00", "symbol": "ETH-USD"}, {"trade_id": 667649437, "side": "sell", "size": "0.15943374", "price": "3136.10000000", "time": "2025-07-15T23:10:22.972263Z", "fetched_at": "2025-07-15T23:10:49.980947+00:00", "symbol": "ETH-USD"}, {"trade_id": 667649436, "side": "sell", "size": "0.37690963", "price": "3136.01000000", "time": "2025-07-15T23:10:22.941371Z", "fetched_at": "2025-07-15T23:10:49.980947+00:00", "symbol": "ETH-USD"}, {"trade_id": 667649435, "side": "sell", "size": "0.00139396", "price": "3136.00000000", "time": "2025-07-15T23:10:22.941371Z", "fetched_at": "2025-07-15T23:10:49.980947+00:00", "symbol": "ETH-USD"}, {"trade_id": 667649434, "side": "buy", "size": "0.00100000", "price": "3136.08000000", "time": "2025-07-15T23:10:22.555894Z", "fetched_at": "2025-07-15T23:10:49.980947+00:00", "symbol": "ETH-USD"}, {"trade_id": 667649433, "side": "buy", "size": "0.55798188", "price": "3136.12000000", "time": "2025-07-15T23:10:22.545514Z", "fetched_at": "2025-07-15T23:10:49.980947+00:00", "symbol": "ETH-USD"}, {"trade_id": 667649432, "side": "sell", "size": "0.14707000", "price": "3136.14000000", "time": "2025-07-15T23:10:22.163615Z", "fetched_at": "2025-07-15T23:10:49.980947+00:00", "symbol": "ETH-USD"}, {"trade_id": 667649431, "side": "sell", "size": "0.14707000", "price": "3136.13000000", "time": "2025-07-15T23:10:22.132211Z", "fetched_at": "2025-07-15T23:10:49.980947+00:00", "symbol": "ETH-USD"}, {"trade_id": 667649430, "side": "sell", "size": "0.14707000", "price": "3136.12000000", "time": "2025-07-15T23:10:22.101981Z", "fetched_at": "2025-07-15T23:10:49.980947+00:00", "symbol": "ETH-USD"}, {"trade_id": 667649429, "side": "sell", "size": "0.00023335", "price": "3136.74000000", "time": "2025-07-15T23:10:22.086641Z", "fetched_at": "2025-07-15T23:10:49.980947+00:00", "symbol": "ETH-USD"}, {"trade_id": 667649428, "side": "sell", "size": "0.17110727", "price": "3136.73000000", "time": "2025-07-15T23:10:22.068828Z", "fetched_at": "2025-07-15T23:10:49.980947+00:00", "symbol": "ETH-USD"}, {"trade_id": 667649427, "side": "sell", "size": "0.10000000", "price": "3136.72000000", "time": "2025-07-15T23:10:22.068828Z", "fetched_at": "2025-07-15T23:10:49.980947+00:00", "symbol": "ETH-USD"}, {"trade_id": 667649426, "side": "sell", "size": "0.18496112", "price": "3136.71000000", "time": "2025-07-15T23:10:22.068828Z", "fetched_at": "2025-07-15T23:10:49.980947+00:00", "symbol": "ETH-USD"}, {"trade_id": 667649425, "side": "sell", "size": "0.00130114", "price": "3136.56000000", "time": "2025-07-15T23:10:22.068828Z", "fetched_at": "2025-07-15T23:10:49.980947+00:00", "symbol": "ETH-USD"}, {"trade_id": 667649424, "side": "sell", "size": "0.79705662", "price": "3136.54000000", "time": "2025-07-15T23:10:22.068828Z", "fetched_at": "2025-07-15T23:10:49.980947+00:00", "symbol": "ETH-USD"}, {"trade_id": 667649423, "side": "sell", "size": "0.15941793", "price": "3136.41000000", "time": "2025-07-15T23:10:22.068828Z", "fetched_at": "2025-07-15T23:10:49.980947+00:00", "symbol": "ETH-USD"}, {"trade_id": 667649422, "side": "sell", "size": "0.14707000", "price": "3136.09000000", "time": "2025-07-15T23:10:22.068828Z", "fetched_at": "2025-07-15T23:10:49.980947+00:00", "symbol": "ETH-USD"}, {"trade_id": 667649421, "side": "sell", "size": "0.14707000", "price": "3136.10000000", "time": "2025-07-15T23:10:22.044090Z", "fetched_at": "2025-07-15T23:10:49.980947+00:00", "symbol": "ETH-USD"}, {"trade_id": 667649420, "side": "sell", "size": "0.14707000", "price": "3136.10000000", "time": "2025-07-15T23:10:21.991853Z", "fetched_at": "2025-07-15T23:10:49.980947+00:00", "symbol": "ETH-USD"}, {"trade_id": 667649419, "side": "sell", "size": "0.14707000", "price": "3136.21000000", "time": "2025-07-15T23:10:21.960879Z", "fetched_at": "2025-07-15T23:10:49.980947+00:00", "symbol": "ETH-USD"}, {"trade_id": 667649418, "side": "sell", "size": "0.14707000", "price": "3136.20000000", "time": "2025-07-15T23:10:21.930146Z", "fetched_at": "2025-07-15T23:10:49.980947+00:00", "symbol": "ETH-USD"}, {"trade_id": 667649417, "side": "sell", "size": "0.14707000", "price": "3136.19000000", "time": "2025-07-15T23:10:21.888566Z", "fetched_at": "2025-07-15T23:10:49.980947+00:00", "symbol": "ETH-USD"}, {"trade_id": 667649416, "side": "sell", "size": "0.14707000", "price": "3136.20000000", "time": "2025-07-15T23:10:21.599289Z", "fetched_at": "2025-07-15T23:10:49.980947+00:00", "symbol": "ETH-USD"}, {"trade_id": 667649415, "side": "sell", "size": "0.14707000", "price": "3136.18000000", "time": "2025-07-15T23:10:21.559861Z", "fetched_at": "2025-07-15T23:10:49.980947+00:00", "symbol": "ETH-USD"}, {"trade_id": 667649414, "side": "sell", "size": "0.14707000", "price": "3136.24000000", "time": "2025-07-15T23:10:21.527630Z", "fetched_at": "2025-07-15T23:10:49.980947+00:00", "symbol": "ETH-USD"}, {"trade_id": 667649413, "side": "buy", "size": "0.06181737", "price": "3136.22000000", "time": "2025-07-15T23:10:21.506870Z", "fetched_at": "2025-07-15T23:10:49.980947+00:00", "symbol": "ETH-USD"}, {"trade_id": 667649412, "side": "buy", "size": "0.00307297", "price": "3136.23000000", "time": "2025-07-15T23:10:21.506870Z", "fetched_at": "2025-07-15T23:10:49.980947+00:00", "symbol": "ETH-USD"}, {"trade_id": 667649411, "side": "sell", "size": "0.14707000", "price": "3136.25000000", "time": "2025-07-15T23:10:21.497233Z", "fetched_at": "2025-07-15T23:10:49.980947+00:00", "symbol": "ETH-USD"}, {"trade_id": 667649410, "side": "sell", "size": "0.14707000", "price": "3136.25000000", "time": "2025-07-15T23:10:21.466906Z", "fetched_at": "2025-07-15T23:10:49.980947+00:00", "symbol": "ETH-USD"}, {"trade_id": 667649409, "side": "sell", "size": "0.59449127", "price": "3137.09000000", "time": "2025-07-15T23:10:21.387972Z", "fetched_at": "2025-07-15T23:10:49.980947+00:00", "symbol": "ETH-USD"}, {"trade_id": 667649408, "side": "sell", "size": "0.94500000", "price": "3137.02000000", "time": "2025-07-15T23:10:21.387972Z", "fetched_at": "2025-07-15T23:10:49.980947+00:00", "symbol": "ETH-USD"}, {"trade_id": 667649407, "side": "sell", "size": "0.50265280", "price": "3136.84000000", "time": "2025-07-15T23:10:21.387972Z", "fetched_at": "2025-07-15T23:10:49.980947+00:00", "symbol": "ETH-USD"}, {"trade_id": 667649406, "side": "sell", "size": "0.15939910", "price": "3136.79000000", "time": "2025-07-15T23:10:21.387972Z", "fetched_at": "2025-07-15T23:10:49.980947+00:00", "symbol": "ETH-USD"}, {"trade_id": 667649405, "side": "sell", "size": "0.79700862", "price": "3136.73000000", "time": "2025-07-15T23:10:21.387972Z", "fetched_at": "2025-07-15T23:10:49.980947+00:00", "symbol": "ETH-USD"}, {"trade_id": 667649404, "side": "sell", "size": "0.00128897", "price": "3136.72000000", "time": "2025-07-15T23:10:21.387972Z", "fetched_at": "2025-07-15T23:10:49.980947+00:00", "symbol": "ETH-USD"}, {"trade_id": 667649403, "side": "sell", "size": "0.00005589", "price": "3136.64000000", "time": "2025-07-15T23:10:21.387972Z", "fetched_at": "2025-07-15T23:10:49.980947+00:00", "symbol": "ETH-USD"}, {"trade_id": 667649402, "side": "sell", "size": "0.00010335", "price": "3136.63000000", "time": "2025-07-15T23:10:21.387972Z", "fetched_at": "2025-07-15T23:10:49.980947+00:00", "symbol": "ETH-USD"}, {"trade_id": 667649401, "side": "sell", "size": "0.14707000", "price": "3136.09000000", "time": "2025-07-15T23:10:21.090175Z", "fetched_at": "2025-07-15T23:10:49.980947+00:00", "symbol": "ETH-USD"}, {"trade_id": 667649400, "side": "sell", "size": "0.14707000", "price": "3136.25000000", "time": "2025-07-15T23:10:21.071353Z", "fetched_at": "2025-07-15T23:10:49.980947+00:00", "symbol": "ETH-USD"}, {"trade_id": 667649399, "side": "sell", "size": "0.14707000", "price": "3136.25000000", "time": "2025-07-15T23:10:21.040565Z", "fetched_at": "2025-07-15T23:10:49.980947+00:00", "symbol": "ETH-USD"}, {"trade_id": 667649398, "side": "sell", "size": "0.01424599", "price": "3136.64000000", "time": "2025-07-15T23:10:21.001379Z", "fetched_at": "2025-07-15T23:10:49.980947+00:00", "symbol": "ETH-USD"}, {"trade_id": 667649397, "side": "sell", "size": "0.00024003", "price": "3136.64000000", "time": "2025-07-15T23:10:21.001379Z", "fetched_at": "2025-07-15T23:10:49.980947+00:00", "symbol": "ETH-USD"}, {"trade_id": 667649396, "side": "sell", "size": "0.00112172", "price": "3136.63000000", "time": "2025-07-15T23:10:21.001379Z", "fetched_at": "2025-07-15T23:10:49.980947+00:00", "symbol": "ETH-USD"}, {"trade_id": 667649395, "side": "sell", "size": "0.14707000", "price": "3136.24000000", "time": "2025-07-15T23:10:20.964950Z", "fetched_at": "2025-07-15T23:10:49.980947+00:00", "symbol": "ETH-USD"}, {"trade_id": 667649394, "side": "sell", "size": "0.14707000", "price": "3136.22000000", "time": "2025-07-15T23:10:20.922324Z", "fetched_at": "2025-07-15T23:10:49.980947+00:00", "symbol": "ETH-USD"}, {"trade_id": 667649393, "side": "buy", "size": "0.08432029", "price": "3136.16000000", "time": "2025-07-15T23:10:20.850098Z", "fetched_at": "2025-07-15T23:10:49.980947+00:00", "symbol": "ETH-USD"}, {"trade_id": 667649392, "side": "buy", "size": "0.36505410", "price": "3136.20000000", "time": "2025-07-15T23:10:20.850098Z", "fetched_at": "2025-07-15T23:10:49.980947+00:00", "symbol": "ETH-USD"}, {"trade_id": 667649391, "side": "buy", "size": "0.20307512", "price": "3136.22000000", "time": "2025-07-15T23:10:20.850098Z", "fetched_at": "2025-07-15T23:10:49.980947+00:00", "symbol": "ETH-USD"}, {"trade_id": 667649390, "side": "buy", "size": "0.34087753", "price": "3136.23000000", "time": "2025-07-15T23:10:20.850098Z", "fetched_at": "2025-07-15T23:10:49.980947+00:00", "symbol": "ETH-USD"}, {"trade_id": 667649389, "side": "buy", "size": "0.00307296", "price": "3136.24000000", "time": "2025-07-15T23:10:20.850098Z", "fetched_at": "2025-07-15T23:10:49.980947+00:00", "symbol": "ETH-USD"}, {"trade_id": 667649388, "side": "buy", "size": "0.00100000", "price": "3136.32000000", "time": "2025-07-15T23:10:20.850098Z", "fetched_at": "2025-07-15T23:10:49.980947+00:00", "symbol": "ETH-USD"}, {"trade_id": 667649387, "side": "buy", "size": "0.00100000", "price": "3136.56000000", "time": "2025-07-15T23:10:20.850098Z", "fetched_at": "2025-07-15T23:10:49.980947+00:00", "symbol": "ETH-USD"}, {"trade_id": 667649386, "side": "sell", "size": "0.21809897", "price": "3138.09000000", "time": "2025-07-15T23:10:20.369087Z", "fetched_at": "2025-07-15T23:10:49.980947+00:00", "symbol": "ETH-USD"}, {"trade_id": 667649385, "side": "sell", "size": "0.56700000", "price": "3138.08000000", "time": "2025-07-15T23:10:20.369087Z", "fetched_at": "2025-07-15T23:10:49.980947+00:00", "symbol": "ETH-USD"}, {"trade_id": 667649384, "side": "sell", "size": "0.32027975", "price": "3138.02000000", "time": "2025-07-15T23:10:20.369087Z", "fetched_at": "2025-07-15T23:10:49.980947+00:00", "symbol": "ETH-USD"}, {"trade_id": 667649383, "side": "sell", "size": "0.58453995", "price": "3138.00000000", "time": "2025-07-15T23:10:20.369087Z", "fetched_at": "2025-07-15T23:10:49.980947+00:00", "symbol": "ETH-USD"}, {"trade_id": 667649382, "side": "sell", "size": "0.35072397", "price": "3137.99000000", "time": "2025-07-15T23:10:20.369087Z", "fetched_at": "2025-07-15T23:10:49.980947+00:00", "symbol": "ETH-USD"}, {"trade_id": 667649381, "side": "sell", "size": "0.94500000", "price": "3137.77000000", "time": "2025-07-15T23:10:20.369087Z", "fetched_at": "2025-07-15T23:10:49.980947+00:00", "symbol": "ETH-USD"}, {"trade_id": 667649380, "side": "sell", "size": "0.56700000", "price": "3137.76000000", "time": "2025-07-15T23:10:20.369087Z", "fetched_at": "2025-07-15T23:10:49.980947+00:00", "symbol": "ETH-USD"}, {"trade_id": 667649379, "side": "sell", "size": "0.00100000", "price": "3137.76000000", "time": "2025-07-15T23:10:20.369087Z", "fetched_at": "2025-07-15T23:10:49.980947+00:00", "symbol": "ETH-USD"}, {"trade_id": 667649378, "side": "sell", "size": "0.58525750", "price": "3137.47000000", "time": "2025-07-15T23:10:20.369087Z", "fetched_at": "2025-07-15T23:10:49.980947+00:00", "symbol": "ETH-USD"}, {"trade_id": 667649377, "side": "sell", "size": "0.71238000", "price": "3137.43000000", "time": "2025-07-15T23:10:20.369087Z", "fetched_at": "2025-07-15T23:10:49.980947+00:00", "symbol": "ETH-USD"}, {"trade_id": 667649376, "side": "sell", "size": "0.79591011", "price": "3137.42000000", "time": "2025-07-15T23:10:20.369087Z", "fetched_at": "2025-07-15T23:10:49.980947+00:00", "symbol": "ETH-USD"}, {"trade_id": 667649375, "side": "sell", "size": "0.94500000", "price": "3137.37000000", "time": "2025-07-15T23:10:20.369087Z", "fetched_at": "2025-07-15T23:10:49.980947+00:00", "symbol": "ETH-USD"}, {"trade_id": 667649374, "side": "sell", "size": "0.79685972", "price": "3137.32000000", "time": "2025-07-15T23:10:20.369087Z", "fetched_at": "2025-07-15T23:10:49.980947+00:00", "symbol": "ETH-USD"}, {"trade_id": 667649373, "side": "sell", "size": "0.14213371", "price": "3137.31000000", "time": "2025-07-15T23:10:20.369087Z", "fetched_at": "2025-07-15T23:10:49.980947+00:00", "symbol": "ETH-USD"}, {"trade_id": 667649372, "side": "sell", "size": "0.15938772", "price": "3137.01000000", "time": "2025-07-15T23:10:20.369087Z", "fetched_at": "2025-07-15T23:10:49.980947+00:00", "symbol": "ETH-USD"}, {"trade_id": 667649371, "side": "sell", "size": "0.79695348", "price": "3136.95000000", "time": "2025-07-15T23:10:20.369087Z", "fetched_at": "2025-07-15T23:10:49.980947+00:00", "symbol": "ETH-USD"}, {"trade_id": 667649370, "side": "sell", "size": "0.00126821", "price": "3136.94000000", "time": "2025-07-15T23:10:20.369087Z", "fetched_at": "2025-07-15T23:10:49.980947+00:00", "symbol": "ETH-USD"}, {"trade_id": 667649369, "side": "buy", "size": "0.00307242", "price": "3136.80000000", "time": "2025-07-15T23:10:20.176893Z", "fetched_at": "2025-07-15T23:10:49.980947+00:00", "symbol": "ETH-USD"}, {"trade_id": 667649368, "side": "buy", "size": "0.00100000", "price": "3136.80000000", "time": "2025-07-15T23:10:20.176893Z", "fetched_at": "2025-07-15T23:10:49.980947+00:00", "symbol": "ETH-USD"}, {"trade_id": 667649367, "side": "buy", "size": "1.22393160", "price": "3136.91000000", "time": "2025-07-15T23:10:20.143224Z", "fetched_at": "2025-07-15T23:10:49.980947+00:00", "symbol": "ETH-USD"}, {"trade_id": 667649366, "side": "buy", "size": "0.37806840", "price": "3136.91000000", "time": "2025-07-15T23:10:20.142593Z", "fetched_at": "2025-07-15T23:10:49.980947+00:00", "symbol": "ETH-USD"}, {"trade_id": 667649365, "side": "buy", "size": "0.00307228", "price": "3136.94000000", "time": "2025-07-15T23:10:20.142593Z", "fetched_at": "2025-07-15T23:10:49.980947+00:00", "symbol": "ETH-USD"}, {"trade_id": 667649364, "side": "buy", "size": "0.00032851", "price": "3136.92000000", "time": "2025-07-15T23:10:19.882610Z", "fetched_at": "2025-07-15T23:10:49.980947+00:00", "symbol": "ETH-USD"}, {"trade_id": 667649363, "side": "buy", "size": "0.00041441", "price": "3137.01000000", "time": "2025-07-15T23:10:19.882610Z", "fetched_at": "2025-07-15T23:10:49.980947+00:00", "symbol": "ETH-USD"}, {"trade_id": 667649362, "side": "buy", "size": "0.00307218", "price": "3137.04000000", "time": "2025-07-15T23:10:19.882610Z", "fetched_at": "2025-07-15T23:10:49.980947+00:00", "symbol": "ETH-USD"}, {"trade_id": 667649361, "side": "buy", "size": "0.00100000", "price": "3137.04000000", "time": "2025-07-15T23:10:19.882610Z", "fetched_at": "2025-07-15T23:10:49.980947+00:00", "symbol": "ETH-USD"}, {"trade_id": 667649360, "side": "sell", "size": "0.01462663", "price": "3137.33000000", "time": "2025-07-15T23:10:19.395825Z", "fetched_at": "2025-07-15T23:10:49.980947+00:00", "symbol": "ETH-USD"}