[{"trade_id": 667683566, "side": "sell", "size": "0.00010000", "price": "3131.22000000", "time": "2025-07-16T00:20:17.722297Z", "fetched_at": "2025-07-16T00:20:19.342300+00:00", "symbol": "ETH-USD"}, {"trade_id": 667683565, "side": "sell", "size": "0.00756424", "price": "3131.22000000", "time": "2025-07-16T00:20:17.570375Z", "fetched_at": "2025-07-16T00:20:19.342300+00:00", "symbol": "ETH-USD"}, {"trade_id": 667683564, "side": "sell", "size": "0.00699727", "price": "3131.22000000", "time": "2025-07-16T00:20:17.474700Z", "fetched_at": "2025-07-16T00:20:19.342300+00:00", "symbol": "ETH-USD"}, {"trade_id": 667683563, "side": "sell", "size": "0.00915389", "price": "3131.52000000", "time": "2025-07-16T00:20:17.053262Z", "fetched_at": "2025-07-16T00:20:19.342300+00:00", "symbol": "ETH-USD"}, {"trade_id": 667683562, "side": "sell", "size": "0.00092474", "price": "3131.32000000", "time": "2025-07-16T00:20:17.053262Z", "fetched_at": "2025-07-16T00:20:19.342300+00:00", "symbol": "ETH-USD"}, {"trade_id": 667683561, "side": "sell", "size": "0.24357063", "price": "3131.50000000", "time": "2025-07-16T00:20:17.016191Z", "fetched_at": "2025-07-16T00:20:19.342300+00:00", "symbol": "ETH-USD"}, {"trade_id": 667683560, "side": "sell", "size": "0.00775059", "price": "3131.58000000", "time": "2025-07-16T00:20:16.713449Z", "fetched_at": "2025-07-16T00:20:19.342300+00:00", "symbol": "ETH-USD"}, {"trade_id": 667683559, "side": "buy", "size": "0.03962495", "price": "3131.19000000", "time": "2025-07-16T00:20:15.913385Z", "fetched_at": "2025-07-16T00:20:19.342300+00:00", "symbol": "ETH-USD"}, {"trade_id": 667683558, "side": "buy", "size": "0.02974008", "price": "3131.20000000", "time": "2025-07-16T00:20:15.913385Z", "fetched_at": "2025-07-16T00:20:19.342300+00:00", "symbol": "ETH-USD"}, {"trade_id": 667683557, "side": "buy", "size": "0.10000000", "price": "3131.22000000", "time": "2025-07-16T00:20:15.913385Z", "fetched_at": "2025-07-16T00:20:19.342300+00:00", "symbol": "ETH-USD"}, {"trade_id": 667683556, "side": "buy", "size": "0.00319364", "price": "3131.23000000", "time": "2025-07-16T00:20:15.913385Z", "fetched_at": "2025-07-16T00:20:19.342300+00:00", "symbol": "ETH-USD"}, {"trade_id": 667683555, "side": "buy", "size": "0.18731685", "price": "3131.66000000", "time": "2025-07-16T00:20:15.913385Z", "fetched_at": "2025-07-16T00:20:19.342300+00:00", "symbol": "ETH-USD"}, {"trade_id": 667683554, "side": "sell", "size": "0.00052749", "price": "3131.67000000", "time": "2025-07-16T00:20:15.849767Z", "fetched_at": "2025-07-16T00:20:19.342300+00:00", "symbol": "ETH-USD"}, {"trade_id": 667683553, "side": "sell", "size": "0.00097331", "price": "3131.67000000", "time": "2025-07-16T00:20:15.849767Z", "fetched_at": "2025-07-16T00:20:19.342300+00:00", "symbol": "ETH-USD"}, {"trade_id": 667683552, "side": "buy", "size": "0.00050265", "price": "3131.66000000", "time": "2025-07-16T00:20:15.615271Z", "fetched_at": "2025-07-16T00:20:19.342300+00:00", "symbol": "ETH-USD"}, {"trade_id": 667683551, "side": "buy", "size": "0.01623000", "price": "3131.66000000", "time": "2025-07-16T00:20:15.477651Z", "fetched_at": "2025-07-16T00:20:19.342300+00:00", "symbol": "ETH-USD"}, {"trade_id": 667683550, "side": "sell", "size": "0.01551528", "price": "3132.23000000", "time": "2025-07-16T00:20:14.348528Z", "fetched_at": "2025-07-16T00:20:19.342300+00:00", "symbol": "ETH-USD"}, {"trade_id": 667683549, "side": "sell", "size": "0.06218187", "price": "3132.23000000", "time": "2025-07-16T00:20:14.342140Z", "fetched_at": "2025-07-16T00:20:19.342300+00:00", "symbol": "ETH-USD"}, {"trade_id": 667683548, "side": "sell", "size": "0.07020668", "price": "3132.21000000", "time": "2025-07-16T00:20:14.342140Z", "fetched_at": "2025-07-16T00:20:19.342300+00:00", "symbol": "ETH-USD"}, {"trade_id": 667683547, "side": "sell", "size": "0.01457204", "price": "3132.26000000", "time": "2025-07-16T00:20:14.169157Z", "fetched_at": "2025-07-16T00:20:19.342300+00:00", "symbol": "ETH-USD"}, {"trade_id": 667683546, "side": "sell", "size": "0.00010575", "price": "3131.78000000", "time": "2025-07-16T00:20:14.169157Z", "fetched_at": "2025-07-16T00:20:19.342300+00:00", "symbol": "ETH-USD"}, {"trade_id": 667683545, "side": "sell", "size": "0.00045388", "price": "3131.78000000", "time": "2025-07-16T00:20:14.169157Z", "fetched_at": "2025-07-16T00:20:19.342300+00:00", "symbol": "ETH-USD"}, {"trade_id": 667683544, "side": "sell", "size": "0.01972944", "price": "3131.74000000", "time": "2025-07-16T00:20:13.601068Z", "fetched_at": "2025-07-16T00:20:19.342300+00:00", "symbol": "ETH-USD"}, {"trade_id": 667683543, "side": "sell", "size": "0.00284907", "price": "3131.73000000", "time": "2025-07-16T00:20:13.601068Z", "fetched_at": "2025-07-16T00:20:19.342300+00:00", "symbol": "ETH-USD"}, {"trade_id": 667683542, "side": "sell", "size": "0.00302686", "price": "3131.74000000", "time": "2025-07-16T00:20:13.551907Z", "fetched_at": "2025-07-16T00:20:19.342300+00:00", "symbol": "ETH-USD"}, {"trade_id": 667683541, "side": "sell", "size": "0.01550661", "price": "3131.74000000", "time": "2025-07-16T00:20:13.448881Z", "fetched_at": "2025-07-16T00:20:19.342300+00:00", "symbol": "ETH-USD"}, {"trade_id": 667683540, "side": "sell", "size": "0.01268128", "price": "3131.75000000", "time": "2025-07-16T00:20:13.327127Z", "fetched_at": "2025-07-16T00:20:19.342300+00:00", "symbol": "ETH-USD"}, {"trade_id": 667683539, "side": "sell", "size": "0.00282316", "price": "3131.74000000", "time": "2025-07-16T00:20:13.327127Z", "fetched_at": "2025-07-16T00:20:19.342300+00:00", "symbol": "ETH-USD"}, {"trade_id": 667683538, "side": "sell", "size": "0.00275678", "price": "3131.75000000", "time": "2025-07-16T00:20:12.956368Z", "fetched_at": "2025-07-16T00:20:19.342300+00:00", "symbol": "ETH-USD"}, {"trade_id": 667683537, "side": "buy", "size": "0.03311102", "price": "3131.46000000", "time": "2025-07-16T00:20:12.612387Z", "fetched_at": "2025-07-16T00:20:19.342300+00:00", "symbol": "ETH-USD"}, {"trade_id": 667683536, "side": "buy", "size": "0.06661569", "price": "3131.48000000", "time": "2025-07-16T00:20:12.612387Z", "fetched_at": "2025-07-16T00:20:19.342300+00:00", "symbol": "ETH-USD"}, {"trade_id": 667683535, "side": "buy", "size": "0.00319337", "price": "3131.49000000", "time": "2025-07-16T00:20:12.612387Z", "fetched_at": "2025-07-16T00:20:19.342300+00:00", "symbol": "ETH-USD"}, {"trade_id": 667683534, "side": "buy", "size": "0.00032251", "price": "3131.47000000", "time": "2025-07-16T00:20:12.465271Z", "fetched_at": "2025-07-16T00:20:19.342300+00:00", "symbol": "ETH-USD"}, {"trade_id": 667683533, "side": "sell", "size": "0.00000005", "price": "3131.64000000", "time": "2025-07-16T00:20:11.566029Z", "fetched_at": "2025-07-16T00:20:19.342300+00:00", "symbol": "ETH-USD"}, {"trade_id": 667683532, "side": "sell", "size": "0.00301650", "price": "3131.63000000", "time": "2025-07-16T00:20:11.566029Z", "fetched_at": "2025-07-16T00:20:19.342300+00:00", "symbol": "ETH-USD"}, {"trade_id": 667683531, "side": "sell", "size": "0.00006347", "price": "3131.63000000", "time": "2025-07-16T00:20:11.566029Z", "fetched_at": "2025-07-16T00:20:19.342300+00:00", "symbol": "ETH-USD"}, {"trade_id": 667683530, "side": "sell", "size": "0.00060754", "price": "3131.63000000", "time": "2025-07-16T00:20:11.468277Z", "fetched_at": "2025-07-16T00:20:19.342300+00:00", "symbol": "ETH-USD"}, {"trade_id": 667683529, "side": "sell", "size": "0.00010334", "price": "3131.49000000", "time": "2025-07-16T00:20:11.468277Z", "fetched_at": "2025-07-16T00:20:19.342300+00:00", "symbol": "ETH-USD"}, {"trade_id": 667683528, "side": "sell", "size": "0.10646945", "price": "3131.47000000", "time": "2025-07-16T00:20:11.395892Z", "fetched_at": "2025-07-16T00:20:19.342300+00:00", "symbol": "ETH-USD"}, {"trade_id": 667683527, "side": "sell", "size": "0.00239169", "price": "3131.39000000", "time": "2025-07-16T00:20:11.395892Z", "fetched_at": "2025-07-16T00:20:19.342300+00:00", "symbol": "ETH-USD"}, {"trade_id": 667683526, "side": "buy", "size": "0.08684000", "price": "3131.36000000", "time": "2025-07-16T00:20:11.335818Z", "fetched_at": "2025-07-16T00:20:19.342300+00:00", "symbol": "ETH-USD"}, {"trade_id": 667683525, "side": "buy", "size": "1.90129000", "price": "3131.40000000", "time": "2025-07-16T00:20:11.335818Z", "fetched_at": "2025-07-16T00:20:19.342300+00:00", "symbol": "ETH-USD"}, {"trade_id": 667683524, "side": "sell", "size": "0.90000000", "price": "3131.14000000", "time": "2025-07-16T00:20:11.327170Z", "fetched_at": "2025-07-16T00:20:19.342300+00:00", "symbol": "ETH-USD"}, {"trade_id": 667683523, "side": "sell", "size": "0.24269000", "price": "3131.13000000", "time": "2025-07-16T00:20:11.327170Z", "fetched_at": "2025-07-16T00:20:19.342300+00:00", "symbol": "ETH-USD"}, {"trade_id": 667683522, "side": "buy", "size": "0.00319364", "price": "3131.23000000", "time": "2025-07-16T00:20:11.100581Z", "fetched_at": "2025-07-16T00:20:19.342300+00:00", "symbol": "ETH-USD"}, {"trade_id": 667683521, "side": "buy", "size": "0.00306935", "price": "3131.25000000", "time": "2025-07-16T00:20:11.046468Z", "fetched_at": "2025-07-16T00:20:19.342300+00:00", "symbol": "ETH-USD"}, {"trade_id": 667683520, "side": "buy", "size": "0.00180638", "price": "3130.89000000", "time": "2025-07-16T00:20:10.619424Z", "fetched_at": "2025-07-16T00:20:19.342300+00:00", "symbol": "ETH-USD"}, {"trade_id": 667683519, "side": "buy", "size": "0.00319362", "price": "3131.25000000", "time": "2025-07-16T00:20:10.619424Z", "fetched_at": "2025-07-16T00:20:19.342300+00:00", "symbol": "ETH-USD"}, {"trade_id": 667683518, "side": "buy", "size": "0.02098870", "price": "3130.92000000", "time": "2025-07-16T00:20:10.062398Z", "fetched_at": "2025-07-16T00:20:19.342300+00:00", "symbol": "ETH-USD"}, {"trade_id": 667683517, "side": "buy", "size": "0.00319395", "price": "3130.92000000", "time": "2025-07-16T00:20:10.062398Z", "fetched_at": "2025-07-16T00:20:19.342300+00:00", "symbol": "ETH-USD"}, {"trade_id": 667683516, "side": "sell", "size": "0.00150074", "price": "3131.26000000", "time": "2025-07-16T00:20:09.987661Z", "fetched_at": "2025-07-16T00:20:19.342300+00:00", "symbol": "ETH-USD"}, {"trade_id": 667683515, "side": "buy", "size": "0.00184930", "price": "3131.00000000", "time": "2025-07-16T00:20:09.926137Z", "fetched_at": "2025-07-16T00:20:19.342300+00:00", "symbol": "ETH-USD"}, {"trade_id": 667683514, "side": "buy", "size": "0.00100000", "price": "3131.04000000", "time": "2025-07-16T00:20:09.926137Z", "fetched_at": "2025-07-16T00:20:19.342300+00:00", "symbol": "ETH-USD"}, {"trade_id": 667683513, "side": "buy", "size": "0.00100000", "price": "3131.28000000", "time": "2025-07-16T00:20:09.926137Z", "fetched_at": "2025-07-16T00:20:19.342300+00:00", "symbol": "ETH-USD"}, {"trade_id": 667683512, "side": "sell", "size": "0.00006268", "price": "3131.71000000", "time": "2025-07-16T00:20:08.944279Z", "fetched_at": "2025-07-16T00:20:19.342300+00:00", "symbol": "ETH-USD"}, {"trade_id": 667683511, "side": "sell", "size": "0.00301755", "price": "3131.47000000", "time": "2025-07-16T00:20:08.944279Z", "fetched_at": "2025-07-16T00:20:19.342300+00:00", "symbol": "ETH-USD"}, {"trade_id": 667683510, "side": "sell", "size": "0.01245556", "price": "3131.75000000", "time": "2025-07-16T00:20:08.828828Z", "fetched_at": "2025-07-16T00:20:19.342300+00:00", "symbol": "ETH-USD"}, {"trade_id": 667683509, "side": "sell", "size": "0.00010334", "price": "3131.40000000", "time": "2025-07-16T00:20:08.828828Z", "fetched_at": "2025-07-16T00:20:19.342300+00:00", "symbol": "ETH-USD"}, {"trade_id": 667683508, "side": "sell", "size": "0.00294544", "price": "3131.40000000", "time": "2025-07-16T00:20:08.828828Z", "fetched_at": "2025-07-16T00:20:19.342300+00:00", "symbol": "ETH-USD"}, {"trade_id": 667683507, "side": "buy", "size": "0.07590393", "price": "3131.77000000", "time": "2025-07-16T00:20:08.071936Z", "fetched_at": "2025-07-16T00:20:19.342300+00:00", "symbol": "ETH-USD"}, {"trade_id": 667683506, "side": "buy", "size": "0.32102257", "price": "3131.77000000", "time": "2025-07-16T00:20:08.062095Z", "fetched_at": "2025-07-16T00:20:19.342300+00:00", "symbol": "ETH-USD"}, {"trade_id": 667683505, "side": "sell", "size": "0.30000000", "price": "3131.70000000", "time": "2025-07-16T00:20:07.822646Z", "fetched_at": "2025-07-16T00:20:19.342300+00:00", "symbol": "ETH-USD"}, {"trade_id": 667683504, "side": "sell", "size": "0.30000000", "price": "3131.60000000", "time": "2025-07-16T00:20:07.822646Z", "fetched_at": "2025-07-16T00:20:19.342300+00:00", "symbol": "ETH-USD"}, {"trade_id": 667683503, "side": "sell", "size": "0.00307350", "price": "3131.56000000", "time": "2025-07-16T00:20:07.822646Z", "fetched_at": "2025-07-16T00:20:19.342300+00:00", "symbol": "ETH-USD"}, {"trade_id": 667683502, "side": "sell", "size": "0.00375423", "price": "3131.64000000", "time": "2025-07-16T00:20:07.650548Z", "fetched_at": "2025-07-16T00:20:19.342300+00:00", "symbol": "ETH-USD"}, {"trade_id": 667683501, "side": "sell", "size": "0.00244691", "price": "3131.63000000", "time": "2025-07-16T00:20:07.650548Z", "fetched_at": "2025-07-16T00:20:19.342300+00:00", "symbol": "ETH-USD"}, {"trade_id": 667683500, "side": "buy", "size": "0.08520785", "price": "3131.46000000", "time": "2025-07-16T00:20:07.595676Z", "fetched_at": "2025-07-16T00:20:19.342300+00:00", "symbol": "ETH-USD"}, {"trade_id": 667683499, "side": "buy", "size": "0.00319330", "price": "3131.56000000", "time": "2025-07-16T00:20:07.584033Z", "fetched_at": "2025-07-16T00:20:19.342300+00:00", "symbol": "ETH-USD"}, {"trade_id": 667683498, "side": "buy", "size": "0.94500000", "price": "3131.49000000", "time": "2025-07-16T00:20:07.573099Z", "fetched_at": "2025-07-16T00:20:19.342300+00:00", "symbol": "ETH-USD"}, {"trade_id": 667683497, "side": "buy", "size": "0.10000000", "price": "3131.53000000", "time": "2025-07-16T00:20:07.570593Z", "fetched_at": "2025-07-16T00:20:19.342300+00:00", "symbol": "ETH-USD"}, {"trade_id": 667683496, "side": "buy", "size": "0.07692412", "price": "3131.54000000", "time": "2025-07-16T00:20:07.570593Z", "fetched_at": "2025-07-16T00:20:19.342300+00:00", "symbol": "ETH-USD"}, {"trade_id": 667683495, "side": "buy", "size": "0.00319331", "price": "3131.55000000", "time": "2025-07-16T00:20:07.570593Z", "fetched_at": "2025-07-16T00:20:19.342300+00:00", "symbol": "ETH-USD"}, {"trade_id": 667683494, "side": "buy", "size": "0.00100000", "price": "3131.76000000", "time": "2025-07-16T00:20:07.570593Z", "fetched_at": "2025-07-16T00:20:19.342300+00:00", "symbol": "ETH-USD"}, {"trade_id": 667683493, "side": "buy", "size": "0.00139469", "price": "3131.91000000", "time": "2025-07-16T00:20:07.570593Z", "fetched_at": "2025-07-16T00:20:19.342300+00:00", "symbol": "ETH-USD"}, {"trade_id": 667683492, "side": "buy", "size": "0.01623000", "price": "3131.91000000", "time": "2025-07-16T00:20:07.570316Z", "fetched_at": "2025-07-16T00:20:19.342300+00:00", "symbol": "ETH-USD"}, {"trade_id": 667683491, "side": "buy", "size": "0.01574344", "price": "3131.98000000", "time": "2025-07-16T00:20:07.570111Z", "fetched_at": "2025-07-16T00:20:19.342300+00:00", "symbol": "ETH-USD"}, {"trade_id": 667683490, "side": "sell", "size": "0.07461232", "price": "3132.32000000", "time": "2025-07-16T00:20:07.479801Z", "fetched_at": "2025-07-16T00:20:19.342300+00:00", "symbol": "ETH-USD"}, {"trade_id": 667683489, "side": "sell", "size": "0.10000000", "price": "3132.16000000", "time": "2025-07-16T00:20:07.479801Z", "fetched_at": "2025-07-16T00:20:19.342300+00:00", "symbol": "ETH-USD"}, {"trade_id": 667683488, "side": "sell", "size": "0.10000000", "price": "3132.15000000", "time": "2025-07-16T00:20:07.479801Z", "fetched_at": "2025-07-16T00:20:19.342300+00:00", "symbol": "ETH-USD"}, {"trade_id": 667683487, "side": "sell", "size": "0.04538768", "price": "3132.14000000", "time": "2025-07-16T00:20:07.479801Z", "fetched_at": "2025-07-16T00:20:19.342300+00:00", "symbol": "ETH-USD"}, {"trade_id": 667683486, "side": "buy", "size": "0.00319272", "price": "3132.13000000", "time": "2025-07-16T00:20:07.478685Z", "fetched_at": "2025-07-16T00:20:19.342300+00:00", "symbol": "ETH-USD"}, {"trade_id": 667683485, "side": "buy", "size": "0.01623000", "price": "3131.98000000", "time": "2025-07-16T00:20:07.435184Z", "fetched_at": "2025-07-16T00:20:19.342300+00:00", "symbol": "ETH-USD"}, {"trade_id": 667683484, "side": "buy", "size": "0.00100000", "price": "3132.00000000", "time": "2025-07-16T00:20:07.434659Z", "fetched_at": "2025-07-16T00:20:19.342300+00:00", "symbol": "ETH-USD"}, {"trade_id": 667683483, "side": "buy", "size": "0.00319261", "price": "3132.24000000", "time": "2025-07-16T00:20:07.434483Z", "fetched_at": "2025-07-16T00:20:19.342300+00:00", "symbol": "ETH-USD"}, {"trade_id": 667683482, "side": "buy", "size": "0.00100000", "price": "3132.24000000", "time": "2025-07-16T00:20:07.434483Z", "fetched_at": "2025-07-16T00:20:19.342300+00:00", "symbol": "ETH-USD"}, {"trade_id": 667683481, "side": "sell", "size": "0.00775222", "price": "3132.25000000", "time": "2025-07-16T00:20:06.796781Z", "fetched_at": "2025-07-16T00:20:19.342300+00:00", "symbol": "ETH-USD"}, {"trade_id": 667683480, "side": "sell", "size": "0.00465072", "price": "3132.25000000", "time": "2025-07-16T00:20:06.622596Z", "fetched_at": "2025-07-16T00:20:19.342300+00:00", "symbol": "ETH-USD"}, {"trade_id": 667683479, "side": "sell", "size": "0.00445047", "price": "3132.25000000", "time": "2025-07-16T00:20:06.207238Z", "fetched_at": "2025-07-16T00:20:19.342300+00:00", "symbol": "ETH-USD"}, {"trade_id": 667683478, "side": "buy", "size": "0.00319251", "price": "3132.34000000", "time": "2025-07-16T00:20:05.434634Z", "fetched_at": "2025-07-16T00:20:19.342300+00:00", "symbol": "ETH-USD"}, {"trade_id": 667683477, "side": "buy", "size": "0.00063000", "price": "3132.39000000", "time": "2025-07-16T00:20:05.413619Z", "fetched_at": "2025-07-16T00:20:19.342300+00:00", "symbol": "ETH-USD"}, {"trade_id": 667683476, "side": "buy", "size": "0.00319246", "price": "3132.39000000", "time": "2025-07-16T00:20:05.413619Z", "fetched_at": "2025-07-16T00:20:19.342300+00:00", "symbol": "ETH-USD"}, {"trade_id": 667683475, "side": "buy", "size": "0.00067772", "price": "3132.72000000", "time": "2025-07-16T00:20:05.033300Z", "fetched_at": "2025-07-16T00:20:19.342300+00:00", "symbol": "ETH-USD"}, {"trade_id": 667683474, "side": "sell", "size": "0.00000632", "price": "3132.73000000", "time": "2025-07-16T00:20:04.653631Z", "fetched_at": "2025-07-16T00:20:19.342300+00:00", "symbol": "ETH-USD"}, {"trade_id": 667683473, "side": "buy", "size": "0.00032228", "price": "3132.72000000", "time": "2025-07-16T00:20:04.353210Z", "fetched_at": "2025-07-16T00:20:19.342300+00:00", "symbol": "ETH-USD"}, {"trade_id": 667683472, "side": "sell", "size": "0.33604579", "price": "3133.24000000", "time": "2025-07-16T00:20:03.917993Z", "fetched_at": "2025-07-16T00:20:19.342300+00:00", "symbol": "ETH-USD"}, {"trade_id": 667683471, "side": "sell", "size": "0.44247008", "price": "3133.23000000", "time": "2025-07-16T00:20:03.917993Z", "fetched_at": "2025-07-16T00:20:19.342300+00:00", "symbol": "ETH-USD"}, {"trade_id": 667683470, "side": "sell", "size": "0.79790712", "price": "3133.20000000", "time": "2025-07-16T00:20:03.916525Z", "fetched_at": "2025-07-16T00:20:19.342300+00:00", "symbol": "ETH-USD"}, {"trade_id": 667683469, "side": "sell", "size": "0.10000000", "price": "3133.20000000", "time": "2025-07-16T00:20:03.916525Z", "fetched_at": "2025-07-16T00:20:19.342300+00:00", "symbol": "ETH-USD"}, {"trade_id": 667683468, "side": "sell", "size": "0.50879650", "price": "3133.16000000", "time": "2025-07-16T00:20:03.916525Z", "fetched_at": "2025-07-16T00:20:19.342300+00:00", "symbol": "ETH-USD"}, {"trade_id": 667683467, "side": "sell", "size": "0.10000000", "price": "3133.16000000", "time": "2025-07-16T00:20:03.916525Z", "fetched_at": "2025-07-16T00:20:19.342300+00:00", "symbol": "ETH-USD"}, {"trade_id": 667683466, "side": "sell", "size": "0.00215575", "price": "3132.86000000", "time": "2025-07-16T00:20:03.916525Z", "fetched_at": "2025-07-16T00:20:19.342300+00:00", "symbol": "ETH-USD"}, {"trade_id": 667683465, "side": "sell", "size": "2.43367000", "price": "3132.88000000", "time": "2025-07-16T00:20:03.916158Z", "fetched_at": "2025-07-16T00:20:19.342300+00:00", "symbol": "ETH-USD"}, {"trade_id": 667683464, "side": "sell", "size": "0.10000000", "price": "3132.87000000", "time": "2025-07-16T00:20:03.916158Z", "fetched_at": "2025-07-16T00:20:19.342300+00:00", "symbol": "ETH-USD"}, {"trade_id": 667683463, "side": "buy", "size": "0.00100000", "price": "3132.96000000", "time": "2025-07-16T00:20:03.883230Z", "fetched_at": "2025-07-16T00:20:19.342300+00:00", "symbol": "ETH-USD"}, {"trade_id": 667683462, "side": "buy", "size": "0.01273000", "price": "3133.06000000", "time": "2025-07-16T00:20:03.853446Z", "fetched_at": "2025-07-16T00:20:19.342300+00:00", "symbol": "ETH-USD"}, {"trade_id": 667683461, "side": "buy", "size": "0.06367576", "price": "3133.06000000", "time": "2025-07-16T00:20:03.853446Z", "fetched_at": "2025-07-16T00:20:19.342300+00:00", "symbol": "ETH-USD"}, {"trade_id": 667683460, "side": "buy", "size": "0.00157669", "price": "3133.14000000", "time": "2025-07-16T00:20:03.777864Z", "fetched_at": "2025-07-16T00:20:19.342300+00:00", "symbol": "ETH-USD"}, {"trade_id": 667683459, "side": "buy", "size": "0.00100000", "price": "3133.20000000", "time": "2025-07-16T00:20:03.764992Z", "fetched_at": "2025-07-16T00:20:19.342300+00:00", "symbol": "ETH-USD"}, {"trade_id": 667683458, "side": "sell", "size": "0.01151283", "price": "3133.30000000", "time": "2025-07-16T00:20:03.554282Z", "fetched_at": "2025-07-16T00:20:19.342300+00:00", "symbol": "ETH-USD"}, {"trade_id": 667683457, "side": "buy", "size": "0.00159121", "price": "3133.29000000", "time": "2025-07-16T00:20:03.324277Z", "fetched_at": "2025-07-16T00:20:19.342300+00:00", "symbol": "ETH-USD"}, {"trade_id": 667683456, "side": "buy", "size": "0.00319152", "price": "3133.31000000", "time": "2025-07-16T00:20:02.992547Z", "fetched_at": "2025-07-16T00:20:19.342300+00:00", "symbol": "ETH-USD"}, {"trade_id": 667683455, "side": "buy", "size": "0.12880441", "price": "3133.31000000", "time": "2025-07-16T00:20:02.992547Z", "fetched_at": "2025-07-16T00:20:19.342300+00:00", "symbol": "ETH-USD"}, {"trade_id": 667683454, "side": "buy", "size": "0.87119559", "price": "3133.31000000", "time": "2025-07-16T00:20:02.988282Z", "fetched_at": "2025-07-16T00:20:19.342300+00:00", "symbol": "ETH-USD"}, {"trade_id": 667683453, "side": "sell", "size": "0.00055271", "price": "3133.32000000", "time": "2025-07-16T00:20:02.971759Z", "fetched_at": "2025-07-16T00:20:19.342300+00:00", "symbol": "ETH-USD"}, {"trade_id": 667683452, "side": "sell", "size": "0.00010000", "price": "3133.32000000", "time": "2025-07-16T00:20:02.461864Z", "fetched_at": "2025-07-16T00:20:19.342300+00:00", "symbol": "ETH-USD"}, {"trade_id": 667683451, "side": "buy", "size": "0.00319120", "price": "3133.62000000", "time": "2025-07-16T00:20:02.109087Z", "fetched_at": "2025-07-16T00:20:19.342300+00:00", "symbol": "ETH-USD"}, {"trade_id": 667683450, "side": "buy", "size": "1.10497847", "price": "3133.37000000", "time": "2025-07-16T00:20:02.080284Z", "fetched_at": "2025-07-16T00:20:19.342300+00:00", "symbol": "ETH-USD"}, {"trade_id": 667683449, "side": "buy", "size": "0.53369535", "price": "3133.37000000", "time": "2025-07-16T00:20:02.080284Z", "fetched_at": "2025-07-16T00:20:19.342300+00:00", "symbol": "ETH-USD"}, {"trade_id": 667683448, "side": "buy", "size": "0.31001464", "price": "3133.38000000", "time": "2025-07-16T00:20:02.080284Z", "fetched_at": "2025-07-16T00:20:19.342300+00:00", "symbol": "ETH-USD"}, {"trade_id": 667683447, "side": "buy", "size": "0.06123363", "price": "3133.39000000", "time": "2025-07-16T00:20:02.080284Z", "fetched_at": "2025-07-16T00:20:19.342300+00:00", "symbol": "ETH-USD"}, {"trade_id": 667683446, "side": "buy", "size": "0.00249181", "price": "3133.44000000", "time": "2025-07-16T00:20:02.080284Z", "fetched_at": "2025-07-16T00:20:19.342300+00:00", "symbol": "ETH-USD"}, {"trade_id": 667683445, "side": "buy", "size": "0.00100000", "price": "3133.44000000", "time": "2025-07-16T00:20:02.080284Z", "fetched_at": "2025-07-16T00:20:19.342300+00:00", "symbol": "ETH-USD"}, {"trade_id": 667683444, "side": "buy", "size": "0.41312348", "price": "3133.49000000", "time": "2025-07-16T00:20:02.080284Z", "fetched_at": "2025-07-16T00:20:19.342300+00:00", "symbol": "ETH-USD"}, {"trade_id": 667683443, "side": "buy", "size": "0.79779529", "price": "3133.63000000", "time": "2025-07-16T00:20:02.080284Z", "fetched_at": "2025-07-16T00:20:19.342300+00:00", "symbol": "ETH-USD"}, {"trade_id": 667683442, "side": "buy", "size": "0.14667912", "price": "3133.70000000", "time": "2025-07-16T00:20:02.080284Z", "fetched_at": "2025-07-16T00:20:19.342300+00:00", "symbol": "ETH-USD"}, {"trade_id": 667683441, "side": "buy", "size": "0.01287667", "price": "3133.70000000", "time": "2025-07-16T00:20:02.080098Z", "fetched_at": "2025-07-16T00:20:19.342300+00:00", "symbol": "ETH-USD"}, {"trade_id": 667683440, "side": "buy", "size": "0.73236925", "price": "3133.71000000", "time": "2025-07-16T00:20:02.080098Z", "fetched_at": "2025-07-16T00:20:19.342300+00:00", "symbol": "ETH-USD"}, {"trade_id": 667683439, "side": "buy", "size": "0.10000000", "price": "3133.72000000", "time": "2025-07-16T00:20:02.080098Z", "fetched_at": "2025-07-16T00:20:19.342300+00:00", "symbol": "ETH-USD"}, {"trade_id": 667683438, "side": "buy", "size": "0.00319109", "price": "3133.73000000", "time": "2025-07-16T00:20:02.080098Z", "fetched_at": "2025-07-16T00:20:19.342300+00:00", "symbol": "ETH-USD"}, {"trade_id": 667683437, "side": "sell", "size": "0.00376708", "price": "3133.91000000", "time": "2025-07-16T00:20:01.922611Z", "fetched_at": "2025-07-16T00:20:19.342300+00:00", "symbol": "ETH-USD"}, {"trade_id": 667683436, "side": "sell", "size": "0.00098800", "price": "3133.91000000", "time": "2025-07-16T00:20:01.922611Z", "fetched_at": "2025-07-16T00:20:19.342300+00:00", "symbol": "ETH-USD"}, {"trade_id": 667683435, "side": "sell", "size": "0.90000000", "price": "3133.47000000", "time": "2025-07-16T00:20:01.862631Z", "fetched_at": "2025-07-16T00:20:19.342300+00:00", "symbol": "ETH-USD"}, {"trade_id": 667683434, "side": "sell", "size": "0.00010000", "price": "3133.45000000", "time": "2025-07-16T00:20:01.119868Z", "fetched_at": "2025-07-16T00:20:19.342300+00:00", "symbol": "ETH-USD"}, {"trade_id": 667683433, "side": "sell", "size": "0.34929271", "price": "3133.93000000", "time": "2025-07-16T00:20:01.034051Z", "fetched_at": "2025-07-16T00:20:19.342300+00:00", "symbol": "ETH-USD"}, {"trade_id": 667683432, "side": "sell", "size": "0.00010335", "price": "3133.93000000", "time": "2025-07-16T00:20:01.034051Z", "fetched_at": "2025-07-16T00:20:19.342300+00:00", "symbol": "ETH-USD"}, {"trade_id": 667683431, "side": "sell", "size": "0.06364182", "price": "3133.92000000", "time": "2025-07-16T00:20:01.034051Z", "fetched_at": "2025-07-16T00:20:19.342300+00:00", "symbol": "ETH-USD"}, {"trade_id": 667683430, "side": "sell", "size": "0.79775095", "price": "3133.82000000", "time": "2025-07-16T00:20:01.034051Z", "fetched_at": "2025-07-16T00:20:19.342300+00:00", "symbol": "ETH-USD"}, {"trade_id": 667683429, "side": "sell", "size": "0.00096789", "price": "3133.76000000", "time": "2025-07-16T00:20:01.034051Z", "fetched_at": "2025-07-16T00:20:19.342300+00:00", "symbol": "ETH-USD"}, {"trade_id": 667683428, "side": "sell", "size": "0.04060973", "price": "3133.71000000", "time": "2025-07-16T00:20:01.034051Z", "fetched_at": "2025-07-16T00:20:19.342300+00:00", "symbol": "ETH-USD"}, {"trade_id": 667683427, "side": "sell", "size": "0.51154529", "price": "3133.71000000", "time": "2025-07-16T00:20:01.032655Z", "fetched_at": "2025-07-16T00:20:19.342300+00:00", "symbol": "ETH-USD"}, {"trade_id": 667683426, "side": "sell", "size": "0.10000000", "price": "3133.68000000", "time": "2025-07-16T00:20:01.032655Z", "fetched_at": "2025-07-16T00:20:19.342300+00:00", "symbol": "ETH-USD"}, {"trade_id": 667683425, "side": "sell", "size": "0.10000000", "price": "3133.67000000", "time": "2025-07-16T00:20:01.032655Z", "fetched_at": "2025-07-16T00:20:19.342300+00:00", "symbol": "ETH-USD"}, {"trade_id": 667683424, "side": "sell", "size": "0.04853299", "price": "3133.66000000", "time": "2025-07-16T00:20:01.032655Z", "fetched_at": "2025-07-16T00:20:19.342300+00:00", "symbol": "ETH-USD"}, {"trade_id": 667683423, "side": "sell", "size": "0.02166308", "price": "3133.66000000", "time": "2025-07-16T00:20:01.032655Z", "fetched_at": "2025-07-16T00:20:19.342300+00:00", "symbol": "ETH-USD"}, {"trade_id": 667683422, "side": "sell", "size": "0.07833692", "price": "3133.66000000", "time": "2025-07-16T00:20:01.032091Z", "fetched_at": "2025-07-16T00:20:19.342300+00:00", "symbol": "ETH-USD"}, {"trade_id": 667683421, "side": "sell", "size": "0.07554695", "price": "3133.61000000", "time": "2025-07-16T00:20:01.032091Z", "fetched_at": "2025-07-16T00:20:19.342300+00:00", "symbol": "ETH-USD"}, {"trade_id": 667683420, "side": "sell", "size": "0.10000000", "price": "3133.60000000", "time": "2025-07-16T00:20:01.032091Z", "fetched_at": "2025-07-16T00:20:19.342300+00:00", "symbol": "ETH-USD"}, {"trade_id": 667683419, "side": "sell", "size": "0.00006191", "price": "3133.56000000", "time": "2025-07-16T00:20:01.032091Z", "fetched_at": "2025-07-16T00:20:19.342300+00:00", "symbol": "ETH-USD"}, {"trade_id": 667683418, "side": "sell", "size": "0.00026620", "price": "3133.56000000", "time": "2025-07-16T00:20:01.032091Z", "fetched_at": "2025-07-16T00:20:19.342300+00:00", "symbol": "ETH-USD"}, {"trade_id": 667683417, "side": "sell", "size": "0.53665719", "price": "3133.45000000", "time": "2025-07-16T00:20:01.032091Z", "fetched_at": "2025-07-16T00:20:19.342300+00:00", "symbol": "ETH-USD"}, {"trade_id": 667683416, "side": "sell", "size": "2.22974613", "price": "3133.45000000", "time": "2025-07-16T00:20:01.032091Z", "fetched_at": "2025-07-16T00:20:19.342300+00:00", "symbol": "ETH-USD"}, {"trade_id": 667683415, "side": "sell", "size": "0.15388387", "price": "3133.45000000", "time": "2025-07-16T00:20:01.029917Z", "fetched_at": "2025-07-16T00:20:19.342300+00:00", "symbol": "ETH-USD"}, {"trade_id": 667683414, "side": "sell", "size": "0.00230210", "price": "3133.57000000", "time": "2025-07-16T00:20:00.920245Z", "fetched_at": "2025-07-16T00:20:19.342300+00:00", "symbol": "ETH-USD"}, {"trade_id": 667683413, "side": "buy", "size": "0.37838789", "price": "3133.52000000", "time": "2025-07-16T00:20:00.904007Z", "fetched_at": "2025-07-16T00:20:19.342300+00:00", "symbol": "ETH-USD"}, {"trade_id": 667683412, "side": "buy", "size": "0.19811879", "price": "3133.66000000", "time": "2025-07-16T00:20:00.903494Z", "fetched_at": "2025-07-16T00:20:19.342300+00:00", "symbol": "ETH-USD"}, {"trade_id": 667683411, "side": "buy", "size": "0.00319114", "price": "3133.68000000", "time": "2025-07-16T00:20:00.898599Z", "fetched_at": "2025-07-16T00:20:19.342300+00:00", "symbol": "ETH-USD"}, {"trade_id": 667683410, "side": "buy", "size": "0.00024785", "price": "3133.68000000", "time": "2025-07-16T00:20:00.898599Z", "fetched_at": "2025-07-16T00:20:19.342300+00:00", "symbol": "ETH-USD"}, {"trade_id": 667683409, "side": "sell", "size": "0.02480251", "price": "3133.78000000", "time": "2025-07-16T00:20:00.620952Z", "fetched_at": "2025-07-16T00:20:19.342300+00:00", "symbol": "ETH-USD"}, {"trade_id": 667683408, "side": "sell", "size": "0.00000318", "price": "3133.93000000", "time": "2025-07-16T00:20:00.367112Z", "fetched_at": "2025-07-16T00:20:19.342300+00:00", "symbol": "ETH-USD"}, {"trade_id": 667683407, "side": "sell", "size": "0.00006379", "price": "3133.93000000", "time": "2025-07-16T00:20:00.342200Z", "fetched_at": "2025-07-16T00:20:19.342300+00:00", "symbol": "ETH-USD"}, {"trade_id": 667683406, "side": "sell", "size": "0.15635129", "price": "3133.93000000", "time": "2025-07-16T00:20:00.317383Z", "fetched_at": "2025-07-16T00:20:19.342300+00:00", "symbol": "ETH-USD"}, {"trade_id": 667683405, "side": "sell", "size": "0.00010000", "price": "3133.92000000", "time": "2025-07-16T00:19:59.937859Z", "fetched_at": "2025-07-16T00:20:19.342300+00:00", "symbol": "ETH-USD"}, {"trade_id": 667683404, "side": "sell", "size": "0.00496161", "price": "3133.89000000", "time": "2025-07-16T00:19:59.411834Z", "fetched_at": "2025-07-16T00:20:19.342300+00:00", "symbol": "ETH-USD"}, {"trade_id": 667683403, "side": "sell", "size": "0.00774972", "price": "3133.93000000", "time": "2025-07-16T00:19:58.779213Z", "fetched_at": "2025-07-16T00:20:19.342300+00:00", "symbol": "ETH-USD"}, {"trade_id": 667683402, "side": "sell", "size": "0.06316434", "price": "3133.83000000", "time": "2025-07-16T00:19:57.357485Z", "fetched_at": "2025-07-16T00:20:19.342300+00:00", "symbol": "ETH-USD"}, {"trade_id": 667683401, "side": "sell", "size": "0.00000318", "price": "3134.12000000", "time": "2025-07-16T00:19:57.207666Z", "fetched_at": "2025-07-16T00:20:19.342300+00:00", "symbol": "ETH-USD"}, {"trade_id": 667683400, "side": "sell", "size": "0.00027428", "price": "3134.12000000", "time": "2025-07-16T00:19:57.192309Z", "fetched_at": "2025-07-16T00:20:19.342300+00:00", "symbol": "ETH-USD"}, {"trade_id": 667683399, "side": "sell", "size": "0.67856725", "price": "3133.69000000", "time": "2025-07-16T00:19:57.174Z", "fetched_at": "2025-07-16T00:20:19.342300+00:00", "symbol": "ETH-USD"}, {"trade_id": 667683398, "side": "buy", "size": "0.00075215", "price": "3133.68000000", "time": "2025-07-16T00:19:57.114060Z", "fetched_at": "2025-07-16T00:20:19.342300+00:00", "symbol": "ETH-USD"}, {"trade_id": 667683397, "side": "sell", "size": "0.03128432", "price": "3134.05000000", "time": "2025-07-16T00:19:57.017321Z", "fetched_at": "2025-07-16T00:20:19.342300+00:00", "symbol": "ETH-USD"}, {"trade_id": 667683396, "side": "sell", "size": "0.00093083", "price": "3134.04000000", "time": "2025-07-16T00:19:57.017321Z", "fetched_at": "2025-07-16T00:20:19.342300+00:00", "symbol": "ETH-USD"}, {"trade_id": 667683395, "side": "buy", "size": "0.12763017", "price": "3133.86000000", "time": "2025-07-16T00:19:56.362992Z", "fetched_at": "2025-07-16T00:20:19.342300+00:00", "symbol": "ETH-USD"}, {"trade_id": 667683394, "side": "buy", "size": "0.86874942", "price": "3133.92000000", "time": "2025-07-16T00:19:56.362992Z", "fetched_at": "2025-07-16T00:20:19.342300+00:00", "symbol": "ETH-USD"}, {"trade_id": 667683393, "side": "buy", "size": "0.00100000", "price": "3133.92000000", "time": "2025-07-16T00:19:56.362992Z", "fetched_at": "2025-07-16T00:20:19.342300+00:00", "symbol": "ETH-USD"}, {"trade_id": 667683392, "side": "buy", "size": "0.10000000", "price": "3133.93000000", "time": "2025-07-16T00:19:56.362992Z", "fetched_at": "2025-07-16T00:20:19.342300+00:00", "symbol": "ETH-USD"}, {"trade_id": 667683391, "side": "buy", "size": "0.91273670", "price": "3133.94000000", "time": "2025-07-16T00:19:56.362992Z", "fetched_at": "2025-07-16T00:20:19.342300+00:00", "symbol": "ETH-USD"}, {"trade_id": 667683390, "side": "buy", "size": "0.35483490", "price": "3134.00000000", "time": "2025-07-16T00:19:56.362992Z", "fetched_at": "2025-07-16T00:20:19.342300+00:00", "symbol": "ETH-USD"}, {"trade_id": 667683389, "side": "buy", "size": "0.00319081", "price": "3134.01000000", "time": "2025-07-16T00:19:56.362992Z", "fetched_at": "2025-07-16T00:20:19.342300+00:00", "symbol": "ETH-USD"}, {"trade_id": 667683388, "side": "buy", "size": "0.10000000", "price": "3134.14000000", "time": "2025-07-16T00:19:56.362961Z", "fetched_at": "2025-07-16T00:20:19.342300+00:00", "symbol": "ETH-USD"}, {"trade_id": 667683387, "side": "buy", "size": "0.00100000", "price": "3134.16000000", "time": "2025-07-16T00:19:56.362961Z", "fetched_at": "2025-07-16T00:20:19.342300+00:00", "symbol": "ETH-USD"}, {"trade_id": 667683386, "side": "sell", "size": "0.03157643", "price": "3134.27000000", "time": "2025-07-16T00:19:56.304447Z", "fetched_at": "2025-07-16T00:20:19.342300+00:00", "symbol": "ETH-USD"}, {"trade_id": 667683385, "side": "buy", "size": "1.00000000", "price": "3134.36000000", "time": "2025-07-16T00:19:56.250312Z", "fetched_at": "2025-07-16T00:20:19.342300+00:00", "symbol": "ETH-USD"}, {"trade_id": 667683384, "side": "buy", "size": "0.00319044", "price": "3134.37000000", "time": "2025-07-16T00:19:56.250312Z", "fetched_at": "2025-07-16T00:20:19.342300+00:00", "symbol": "ETH-USD"}, {"trade_id": 667683383, "side": "buy", "size": "0.00100000", "price": "3134.40000000", "time": "2025-07-16T00:19:56.250312Z", "fetched_at": "2025-07-16T00:20:19.342300+00:00", "symbol": "ETH-USD"}, {"trade_id": 667683382, "side": "buy", "size": "0.00400902", "price": "3134.54000000", "time": "2025-07-16T00:19:56.250312Z", "fetched_at": "2025-07-16T00:20:19.342300+00:00", "symbol": "ETH-USD"}, {"trade_id": 667683381, "side": "buy", "size": "0.00208565", "price": "3134.54000000", "time": "2025-07-16T00:19:55.460018Z", "fetched_at": "2025-07-16T00:20:19.342300+00:00", "symbol": "ETH-USD"}, {"trade_id": 667683380, "side": "sell", "size": "0.00215059", "price": "3134.55000000", "time": "2025-07-16T00:19:54.893113Z", "fetched_at": "2025-07-16T00:20:19.342300+00:00", "symbol": "ETH-USD"}, {"trade_id": 667683379, "side": "sell", "size": "0.00011178", "price": "3134.55000000", "time": "2025-07-16T00:19:54.893113Z", "fetched_at": "2025-07-16T00:20:19.342300+00:00", "symbol": "ETH-USD"}, {"trade_id": 667683378, "side": "sell", "size": "0.00048006", "price": "3134.55000000", "time": "2025-07-16T00:19:54.893113Z", "fetched_at": "2025-07-16T00:20:19.342300+00:00", "symbol": "ETH-USD"}, {"trade_id": 667683377, "side": "sell", "size": "0.00010334", "price": "3134.55000000", "time": "2025-07-16T00:19:54.893113Z", "fetched_at": "2025-07-16T00:20:19.342300+00:00", "symbol": "ETH-USD"}, {"trade_id": 667683376, "side": "sell", "size": "0.00041667", "price": "3134.55000000", "time": "2025-07-16T00:19:54.893113Z", "fetched_at": "2025-07-16T00:20:19.342300+00:00", "symbol": "ETH-USD"}, {"trade_id": 667683375, "side": "buy", "size": "0.03374188", "price": "3134.54000000", "time": "2025-07-16T00:19:53.428530Z", "fetched_at": "2025-07-16T00:20:19.342300+00:00", "symbol": "ETH-USD"}, {"trade_id": 667683374, "side": "sell", "size": "0.00207666", "price": "3134.83000000", "time": "2025-07-16T00:19:53.064660Z", "fetched_at": "2025-07-16T00:20:19.342300+00:00", "symbol": "ETH-USD"}, {"trade_id": 667683373, "side": "sell", "size": "0.53980356", "price": "3135.02000000", "time": "2025-07-16T00:19:52.515716Z", "fetched_at": "2025-07-16T00:20:19.342300+00:00", "symbol": "ETH-USD"}, {"trade_id": 667683372, "side": "sell", "size": "0.15948942", "price": "3135.01000000", "time": "2025-07-16T00:19:52.515716Z", "fetched_at": "2025-07-16T00:20:19.342300+00:00", "symbol": "ETH-USD"}, {"trade_id": 667683371, "side": "sell", "size": "0.30000000", "price": "3134.80000000", "time": "2025-07-16T00:19:52.515716Z", "fetched_at": "2025-07-16T00:20:19.342300+00:00", "symbol": "ETH-USD"}, {"trade_id": 667683370, "side": "sell", "size": "0.00011178", "price": "3134.71000000", "time": "2025-07-16T00:19:52.515716Z", "fetched_at": "2025-07-16T00:20:19.342300+00:00", "symbol": "ETH-USD"}, {"trade_id": 667683369, "side": "sell", "size": "0.00048002", "price": "3134.71000000", "time": "2025-07-16T00:19:52.515716Z", "fetched_at": "2025-07-16T00:20:19.342300+00:00", "symbol": "ETH-USD"}, {"trade_id": 667683368, "side": "sell", "size": "0.30000000", "price": "3134.70000000", "time": "2025-07-16T00:19:52.515716Z", "fetched_at": "2025-07-16T00:20:19.342300+00:00", "symbol": "ETH-USD"}, {"trade_id": 667683367, "side": "sell", "size": "0.00010335", "price": "3134.69000000", "time": "2025-07-16T00:19:52.515716Z", "fetched_at": "2025-07-16T00:20:19.342300+00:00", "symbol": "ETH-USD"}, {"trade_id": 667683366, "side": "sell", "size": "0.70000000", "price": "3134.65000000", "time": "2025-07-16T00:19:52.515716Z", "fetched_at": "2025-07-16T00:20:19.342300+00:00", "symbol": "ETH-USD"}, {"trade_id": 667683365, "side": "sell", "size": "0.03157542", "price": "3134.68000000", "time": "2025-07-16T00:19:49.507520Z", "fetched_at": "2025-07-16T00:20:19.342300+00:00", "symbol": "ETH-USD"}, {"trade_id": 667683364, "side": "sell", "size": "0.00010000", "price": "3134.69000000", "time": "2025-07-16T00:19:49.234626Z", "fetched_at": "2025-07-16T00:20:19.342300+00:00", "symbol": "ETH-USD"}, {"trade_id": 667683363, "side": "buy", "size": "0.01020509", "price": "3134.51000000", "time": "2025-07-16T00:19:48.973254Z", "fetched_at": "2025-07-16T00:20:19.342300+00:00", "symbol": "ETH-USD"}, {"trade_id": 667683362, "side": "buy", "size": "0.03750740", "price": "3134.48000000", "time": "2025-07-16T00:19:48.697758Z", "fetched_at": "2025-07-16T00:20:19.342300+00:00", "symbol": "ETH-USD"}, {"trade_id": 667683361, "side": "buy", "size": "0.00010000", "price": "3134.68000000", "time": "2025-07-16T00:19:48.697758Z", "fetched_at": "2025-07-16T00:20:19.342300+00:00", "symbol": "ETH-USD"}, {"trade_id": 667683360, "side": "sell", "size": "0.00010000", "price": "3134.95000000", "time": "2025-07-16T00:19:47.389044Z", "fetched_at": "2025-07-16T00:20:19.342300+00:00", "symbol": "ETH-USD"}, {"trade_id": 667683359, "side": "buy", "size": "1.00000000", "price": "3135.06000000", "time": "2025-07-16T00:19:46.997259Z", "fetched_at": "2025-07-16T00:20:19.342300+00:00", "symbol": "ETH-USD"}, {"trade_id": 667683358, "side": "sell", "size": "0.37383531", "price": "3135.39000000", "time": "2025-07-16T00:19:45.044626Z", "fetched_at": "2025-07-16T00:20:19.342300+00:00", "symbol": "ETH-USD"}, {"trade_id": 667683357, "side": "sell", "size": "0.00100000", "price": "3135.36000000", "time": "2025-07-16T00:19:45.044626Z", "fetched_at": "2025-07-16T00:20:19.342300+00:00", "symbol": "ETH-USD"}, {"trade_id": 667683356, "side": "sell", "size": "0.00100000", "price": "3135.12000000", "time": "2025-07-16T00:19:45.044626Z", "fetched_at": "2025-07-16T00:20:19.342300+00:00", "symbol": "ETH-USD"}, {"trade_id": 667683355, "side": "sell", "size": "0.90000000", "price": "3135.10000000", "time": "2025-07-16T00:19:45.044626Z", "fetched_at": "2025-07-16T00:20:19.342300+00:00", "symbol": "ETH-USD"}, {"trade_id": 667683354, "side": "sell", "size": "0.30000000", "price": "3134.60000000", "time": "2025-07-16T00:19:44.540562Z", "fetched_at": "2025-07-16T00:20:19.342300+00:00", "symbol": "ETH-USD"}, {"trade_id": 667683353, "side": "sell", "size": "0.00010334", "price": "3134.41000000", "time": "2025-07-16T00:19:44.537936Z", "fetched_at": "2025-07-16T00:20:19.342300+00:00", "symbol": "ETH-USD"}, {"trade_id": 667683352, "side": "sell", "size": "0.01709743", "price": "3134.41000000", "time": "2025-07-16T00:19:44.537936Z", "fetched_at": "2025-07-16T00:20:19.342300+00:00", "symbol": "ETH-USD"}, {"trade_id": 667683351, "side": "sell", "size": "0.00307948", "price": "3134.41000000", "time": "2025-07-16T00:19:43.548900Z", "fetched_at": "2025-07-16T00:20:19.342300+00:00", "symbol": "ETH-USD"}, {"trade_id": 667683350, "side": "buy", "size": "0.00062279", "price": "3134.23000000", "time": "2025-07-16T00:19:43.042008Z", "fetched_at": "2025-07-16T00:20:19.342300+00:00", "symbol": "ETH-USD"}, {"trade_id": 667683349, "side": "buy", "size": "0.00100000", "price": "3134.40000000", "time": "2025-07-16T00:19:43.042008Z", "fetched_at": "2025-07-16T00:20:19.342300+00:00", "symbol": "ETH-USD"}, {"trade_id": 667683348, "side": "buy", "size": "0.53075924", "price": "3134.59000000", "time": "2025-07-16T00:19:42.205744Z", "fetched_at": "2025-07-16T00:20:19.342300+00:00", "symbol": "ETH-USD"}, {"trade_id": 667683347, "side": "buy", "size": "0.36812484", "price": "3134.59000000", "time": "2025-07-16T00:19:42.205744Z", "fetched_at": "2025-07-16T00:20:19.342300+00:00", "symbol": "ETH-USD"}, {"trade_id": 667683346, "side": "buy", "size": "0.10000000", "price": "3134.60000000", "time": "2025-07-16T00:19:42.205744Z", "fetched_at": "2025-07-16T00:20:19.342300+00:00", "symbol": "ETH-USD"}, {"trade_id": 667683345, "side": "buy", "size": "0.77769804", "price": "3135.15000000", "time": "2025-07-16T00:19:42.062654Z", "fetched_at": "2025-07-16T00:20:19.342300+00:00", "symbol": "ETH-USD"}, {"trade_id": 667683344, "side": "sell", "size": "0.06141698", "price": "3135.14000000", "time": "2025-07-16T00:19:42.011198Z", "fetched_at": "2025-07-16T00:20:19.342300+00:00", "symbol": "ETH-USD"}, {"trade_id": 667683343, "side": "sell", "size": "0.06026956", "price": "3135.12000000", "time": "2025-07-16T00:19:42.011198Z", "fetched_at": "2025-07-16T00:20:19.342300+00:00", "symbol": "ETH-USD"}, {"trade_id": 667683342, "side": "sell", "size": "0.10000000", "price": "3135.08000000", "time": "2025-07-16T00:19:42.011198Z", "fetched_at": "2025-07-16T00:20:19.342300+00:00", "symbol": "ETH-USD"}, {"trade_id": 667683341, "side": "sell", "size": "0.00061542", "price": "3134.58000000", "time": "2025-07-16T00:19:42.011198Z", "fetched_at": "2025-07-16T00:20:19.342300+00:00", "symbol": "ETH-USD"}, {"trade_id": 667683340, "side": "buy", "size": "0.00319017", "price": "3134.63000000", "time": "2025-07-16T00:19:41.723607Z", "fetched_at": "2025-07-16T00:20:19.342300+00:00", "symbol": "ETH-USD"}, {"trade_id": 667683339, "side": "buy", "size": "0.39588521", "price": "3134.63000000", "time": "2025-07-16T00:19:41.723607Z", "fetched_at": "2025-07-16T00:20:19.342300+00:00", "symbol": "ETH-USD"}, {"trade_id": 667683338, "side": "buy", "size": "0.79757662", "price": "3134.49000000", "time": "2025-07-16T00:19:41.707294Z", "fetched_at": "2025-07-16T00:20:19.342300+00:00", "symbol": "ETH-USD"}, {"trade_id": 667683337, "side": "buy", "size": "1.22311745", "price": "3134.51000000", "time": "2025-07-16T00:19:41.707294Z", "fetched_at": "2025-07-16T00:20:19.342300+00:00", "symbol": "ETH-USD"}, {"trade_id": 667683336, "side": "buy", "size": "0.23236138", "price": "3134.58000000", "time": "2025-07-16T00:19:41.707294Z", "fetched_at": "2025-07-16T00:20:19.342300+00:00", "symbol": "ETH-USD"}, {"trade_id": 667683335, "side": "buy", "size": "0.99075607", "price": "3134.58000000", "time": "2025-07-16T00:19:41.705765Z", "fetched_at": "2025-07-16T00:20:19.342300+00:00", "symbol": "ETH-USD"}, {"trade_id": 667683334, "side": "buy", "size": "0.62829148", "price": "3134.60000000", "time": "2025-07-16T00:19:41.705765Z", "fetched_at": "2025-07-16T00:20:19.342300+00:00", "symbol": "ETH-USD"}, {"trade_id": 667683333, "side": "buy", "size": "0.94500000", "price": "3134.61000000", "time": "2025-07-16T00:19:41.705765Z", "fetched_at": "2025-07-16T00:20:19.342300+00:00", "symbol": "ETH-USD"}, {"trade_id": 667683332, "side": "buy", "size": "0.08095907", "price": "3134.62000000", "time": "2025-07-16T00:19:41.705765Z", "fetched_at": "2025-07-16T00:20:19.342300+00:00", "symbol": "ETH-USD"}, {"trade_id": 667683331, "side": "buy", "size": "0.81914428", "price": "3134.62000000", "time": "2025-07-16T00:19:41.705654Z", "fetched_at": "2025-07-16T00:20:19.342300+00:00", "symbol": "ETH-USD"}, {"trade_id": 667683330, "side": "buy", "size": "0.30821952", "price": "3134.63000000", "time": "2025-07-16T00:19:41.705654Z", "fetched_at": "2025-07-16T00:20:19.342300+00:00", "symbol": "ETH-USD"}, {"trade_id": 667683329, "side": "buy", "size": "0.11461941", "price": "3134.64000000", "time": "2025-07-16T00:19:41.705654Z", "fetched_at": "2025-07-16T00:20:19.342300+00:00", "symbol": "ETH-USD"}, {"trade_id": 667683328, "side": "buy", "size": "0.00100000", "price": "3134.64000000", "time": "2025-07-16T00:19:41.705654Z", "fetched_at": "2025-07-16T00:20:19.342300+00:00", "symbol": "ETH-USD"}, {"trade_id": 667683327, "side": "buy", "size": "0.15950706", "price": "3134.65000000", "time": "2025-07-16T00:19:41.705654Z", "fetched_at": "2025-07-16T00:20:19.342300+00:00", "symbol": "ETH-USD"}, {"trade_id": 667683326, "side": "buy", "size": "1.10686152", "price": "3134.71000000", "time": "2025-07-16T00:19:41.705654Z", "fetched_at": "2025-07-16T00:20:19.342300+00:00", "symbol": "ETH-USD"}, {"trade_id": 667683325, "side": "buy", "size": "1.73741866", "price": "3134.71000000", "time": "2025-07-16T00:19:41.705606Z", "fetched_at": "2025-07-16T00:20:19.342300+00:00", "symbol": "ETH-USD"}, {"trade_id": 667683324, "side": "buy", "size": "0.00319008", "price": "3134.72000000", "time": "2025-07-16T00:19:41.705606Z", "fetched_at": "2025-07-16T00:20:19.342300+00:00", "symbol": "ETH-USD"}, {"trade_id": 667683323, "side": "buy", "size": "0.30828651", "price": "3134.78000000", "time": "2025-07-16T00:19:41.705606Z", "fetched_at": "2025-07-16T00:20:19.342300+00:00", "symbol": "ETH-USD"}, {"trade_id": 667683322, "side": "buy", "size": "0.38150814", "price": "3134.80000000", "time": "2025-07-16T00:19:41.705606Z", "fetched_at": "2025-07-16T00:20:19.342300+00:00", "symbol": "ETH-USD"}, {"trade_id": 667683321, "side": "buy", "size": "0.41387679", "price": "3134.81000000", "time": "2025-07-16T00:19:41.705606Z", "fetched_at": "2025-07-16T00:20:19.342300+00:00", "symbol": "ETH-USD"}, {"trade_id": 667683320, "side": "buy", "size": "1.00000000", "price": "3135.25000000", "time": "2025-07-16T00:19:41.704517Z", "fetched_at": "2025-07-16T00:20:19.342300+00:00", "symbol": "ETH-USD"}, {"trade_id": 667683319, "side": "buy", "size": "0.20038001", "price": "3135.09000000", "time": "2025-07-16T00:19:40.765371Z", "fetched_at": "2025-07-16T00:20:19.342300+00:00", "symbol": "ETH-USD"}, {"trade_id": 667683318, "side": "buy", "size": "1.34356385", "price": "3135.12000000", "time": "2025-07-16T00:19:40.765371Z", "fetched_at": "2025-07-16T00:20:19.342300+00:00", "symbol": "ETH-USD"}, {"trade_id": 667683317, "side": "buy", "size": "0.20000000", "price": "3135.13000000", "time": "2025-07-16T00:19:40.765371Z", "fetched_at": "2025-07-16T00:20:19.342300+00:00", "symbol": "ETH-USD"}, {"trade_id": 667683316, "side": "buy", "size": "0.02000682", "price": "3135.18000000", "time": "2025-07-16T00:19:40.765371Z", "fetched_at": "2025-07-16T00:20:19.342300+00:00", "symbol": "ETH-USD"}, {"trade_id": 667683315, "side": "sell", "size": "0.00155052", "price": "3135.81000000", "time": "2025-07-16T00:19:40.170647Z", "fetched_at": "2025-07-16T00:20:19.342300+00:00", "symbol": "ETH-USD"}, {"trade_id": 667683314, "side": "sell", "size": "0.78670030", "price": "3135.66000000", "time": "2025-07-16T00:19:39.840320Z", "fetched_at": "2025-07-16T00:20:19.342300+00:00", "symbol": "ETH-USD"}, {"trade_id": 667683313, "side": "sell", "size": "0.61864941", "price": "3135.65000000", "time": "2025-07-16T00:19:39.840320Z", "fetched_at": "2025-07-16T00:20:19.342300+00:00", "symbol": "ETH-USD"}, {"trade_id": 667683312, "side": "sell", "size": "0.00100000", "price": "3135.60000000", "time": "2025-07-16T00:19:39.840320Z", "fetched_at": "2025-07-16T00:20:19.342300+00:00", "symbol": "ETH-USD"}, {"trade_id": 667683311, "side": "sell", "size": "0.94500000", "price": "3135.57000000", "time": "2025-07-16T00:19:39.840320Z", "fetched_at": "2025-07-16T00:20:19.342300+00:00", "symbol": "ETH-USD"}, {"trade_id": 667683310, "side": "sell", "size": "0.00005589", "price": "3135.55000000", "time": "2025-07-16T00:19:39.840320Z", "fetched_at": "2025-07-16T00:20:19.342300+00:00", "symbol": "ETH-USD"}, {"trade_id": 667683309, "side": "sell", "size": "0.00024001", "price": "3135.55000000", "time": "2025-07-16T00:19:39.840320Z", "fetched_at": "2025-07-16T00:20:19.342300+00:00", "symbol": "ETH-USD"}, {"trade_id": 667683308, "side": "sell", "size": "0.15946453", "price": "3135.50000000", "time": "2025-07-16T00:19:39.840320Z", "fetched_at": "2025-07-16T00:20:19.342300+00:00", "symbol": "ETH-USD"}, {"trade_id": 667683307, "side": "sell", "size": "0.00100000", "price": "3135.36000000", "time": "2025-07-16T00:19:39.840320Z", "fetched_at": "2025-07-16T00:20:19.342300+00:00", "symbol": "ETH-USD"}, {"trade_id": 667683306, "side": "sell", "size": "0.51409852", "price": "3135.35000000", "time": "2025-07-16T00:19:39.840320Z", "fetched_at": "2025-07-16T00:20:19.342300+00:00", "symbol": "ETH-USD"}, {"trade_id": 667683305, "side": "sell", "size": "0.32619162", "price": "3135.29000000", "time": "2025-07-16T00:19:39.840320Z", "fetched_at": "2025-07-16T00:20:19.342300+00:00", "symbol": "ETH-USD"}, {"trade_id": 667683304, "side": "sell", "size": "0.00010335", "price": "3135.26000000", "time": "2025-07-16T00:19:39.840320Z", "fetched_at": "2025-07-16T00:20:19.342300+00:00", "symbol": "ETH-USD"}, {"trade_id": 667683303, "side": "sell", "size": "0.90000000", "price": "3135.26000000", "time": "2025-07-16T00:19:39.840320Z", "fetched_at": "2025-07-16T00:20:19.342300+00:00", "symbol": "ETH-USD"}, {"trade_id": 667683302, "side": "sell", "size": "0.55070920", "price": "3135.25000000", "time": "2025-07-16T00:19:39.840320Z", "fetched_at": "2025-07-16T00:20:19.342300+00:00", "symbol": "ETH-USD"}, {"trade_id": 667683301, "side": "sell", "size": "0.00307936", "price": "3135.25000000", "time": "2025-07-16T00:19:39.696083Z", "fetched_at": "2025-07-16T00:20:19.342300+00:00", "symbol": "ETH-USD"}, {"trade_id": 667683300, "side": "sell", "size": "0.29248363", "price": "3135.29000000", "time": "2025-07-16T00:19:38.088306Z", "fetched_at": "2025-07-16T00:20:19.342300+00:00", "symbol": "ETH-USD"}, {"trade_id": 667683299, "side": "sell", "size": "0.57530202", "price": "3135.28000000", "time": "2025-07-16T00:19:38.088306Z", "fetched_at": "2025-07-16T00:20:19.342300+00:00", "symbol": "ETH-USD"}, {"trade_id": 667683298, "side": "buy", "size": "0.18370819", "price": "3134.82000000", "time": "2025-07-16T00:19:37.456589Z", "fetched_at": "2025-07-16T00:20:19.342300+00:00", "symbol": "ETH-USD"}, {"trade_id": 667683297, "side": "sell", "size": "0.00010334", "price": "3134.89000000", "time": "2025-07-16T00:19:37.303171Z", "fetched_at": "2025-07-16T00:20:19.342300+00:00", "symbol": "ETH-USD"}, {"trade_id": 667683296, "side": "sell", "size": "0.00100000", "price": "3134.88000000", "time": "2025-07-16T00:19:37.303171Z", "fetched_at": "2025-07-16T00:20:19.342300+00:00", "symbol": "ETH-USD"}, {"trade_id": 667683295, "side": "sell", "size": "0.34160029", "price": "3134.79000000", "time": "2025-07-16T00:19:37.303171Z", "fetched_at": "2025-07-16T00:20:19.342300+00:00", "symbol": "ETH-USD"}, {"trade_id": 667683294, "side": "sell", "size": "0.79152591", "price": "3134.76000000", "time": "2025-07-16T00:19:37.303171Z", "fetched_at": "2025-07-16T00:20:19.342300+00:00", "symbol": "ETH-USD"}, {"trade_id": 667683293, "side": "sell", "size": "0.00847409", "price": "3134.76000000", "time": "2025-07-16T00:19:37.237531Z", "fetched_at": "2025-07-16T00:20:19.342300+00:00", "symbol": "ETH-USD"}, {"trade_id": 667683292, "side": "buy", "size": "0.14435567", "price": "3134.34000000", "time": "2025-07-16T00:19:36.190734Z", "fetched_at": "2025-07-16T00:20:19.342300+00:00", "symbol": "ETH-USD"}, {"trade_id": 667683291, "side": "sell", "size": "0.00605423", "price": "3134.65000000", "time": "2025-07-16T00:19:36.158948Z", "fetched_at": "2025-07-16T00:20:19.342300+00:00", "symbol": "ETH-USD"}, {"trade_id": 667683290, "side": "sell", "size": "0.00100000", "price": "3134.64000000", "time": "2025-07-16T00:19:36.158948Z", "fetched_at": "2025-07-16T00:20:19.342300+00:00", "symbol": "ETH-USD"}, {"trade_id": 667683289, "side": "sell", "size": "0.10000000", "price": "3134.64000000", "time": "2025-07-16T00:19:36.158948Z", "fetched_at": "2025-07-16T00:20:19.342300+00:00", "symbol": "ETH-USD"}, {"trade_id": 667683288, "side": "sell", "size": "0.10217778", "price": "3134.64000000", "time": "2025-07-16T00:19:36.158948Z", "fetched_at": "2025-07-16T00:20:19.342300+00:00", "symbol": "ETH-USD"}, {"trade_id": 667683287, "side": "sell", "size": "0.31089311", "price": "3134.59000000", "time": "2025-07-16T00:19:36.158948Z", "fetched_at": "2025-07-16T00:20:19.342300+00:00", "symbol": "ETH-USD"}, {"trade_id": 667683286, "side": "sell", "size": "0.61845045", "price": "3134.45000000", "time": "2025-07-16T00:19:36.158948Z", "fetched_at": "2025-07-16T00:20:19.342300+00:00", "symbol": "ETH-USD"}, {"trade_id": 667683285, "side": "sell", "size": "0.07923434", "price": "3134.40000000", "time": "2025-07-16T00:19:36.158948Z", "fetched_at": "2025-07-16T00:20:19.342300+00:00", "symbol": "ETH-USD"}, {"trade_id": 667683284, "side": "sell", "size": "0.08032355", "price": "3134.40000000", "time": "2025-07-16T00:19:36.158927Z", "fetched_at": "2025-07-16T00:20:19.342300+00:00", "symbol": "ETH-USD"}, {"trade_id": 667683283, "side": "sell", "size": "0.94500000", "price": "3134.40000000", "time": "2025-07-16T00:19:36.158927Z", "fetched_at": "2025-07-16T00:20:19.342300+00:00", "symbol": "ETH-USD"}, {"trade_id": 667683282, "side": "sell", "size": "0.69768479", "price": "3134.15000000", "time": "2025-07-16T00:19:36.158927Z", "fetched_at": "2025-07-16T00:20:19.342300+00:00", "symbol": "ETH-USD"}, {"trade_id": 667683281, "side": "sell", "size": "0.09997964", "price": "3134.15000000", "time": "2025-07-16T00:19:36.158118Z", "fetched_at": "2025-07-16T00:20:19.342300+00:00", "symbol": "ETH-USD"}, {"trade_id": 667683280, "side": "sell", "size": "0.79768479", "price": "3134.07000000", "time": "2025-07-16T00:19:36.158118Z", "fetched_at": "2025-07-16T00:20:19.342300+00:00", "symbol": "ETH-USD"}, {"trade_id": 667683279, "side": "sell", "size": "0.39263510", "price": "3133.93000000", "time": "2025-07-16T00:19:36.037456Z", "fetched_at": "2025-07-16T00:20:19.342300+00:00", "symbol": "ETH-USD"}, {"trade_id": 667683278, "side": "sell", "size": "0.15954408", "price": "3133.93000000", "time": "2025-07-16T00:19:36.037456Z", "fetched_at": "2025-07-16T00:20:19.342300+00:00", "symbol": "ETH-USD"}, {"trade_id": 667683277, "side": "buy", "size": "0.06360844", "price": "3134.15000000", "time": "2025-07-16T00:19:35.771488Z", "fetched_at": "2025-07-16T00:20:19.342300+00:00", "symbol": "ETH-USD"}, {"trade_id": 667683276, "side": "buy", "size": "0.00004518", "price": "3134.15000000", "time": "2025-07-16T00:19:35.674123Z", "fetched_at": "2025-07-16T00:20:19.342300+00:00", "symbol": "ETH-USD"}, {"trade_id": 667683275, "side": "buy", "size": "0.00100000", "price": "3134.16000000", "time": "2025-07-16T00:19:35.674123Z", "fetched_at": "2025-07-16T00:20:19.342300+00:00", "symbol": "ETH-USD"}, {"trade_id": 667683274, "side": "sell", "size": "0.44777081", "price": "3134.17000000", "time": "2025-07-16T00:19:35.245019Z", "fetched_at": "2025-07-16T00:20:19.342300+00:00", "symbol": "ETH-USD"}, {"trade_id": 667683273, "side": "buy", "size": "0.00036000", "price": "3134.40000000", "time": "2025-07-16T00:19:34.891343Z", "fetched_at": "2025-07-16T00:20:19.342300+00:00", "symbol": "ETH-USD"}, {"trade_id": 667683272, "side": "buy", "size": "0.00081024", "price": "3134.40000000", "time": "2025-07-16T00:19:34.891343Z", "fetched_at": "2025-07-16T00:20:19.342300+00:00", "symbol": "ETH-USD"}, {"trade_id": 667683271, "side": "buy", "size": "0.00100000", "price": "3134.40000000", "time": "2025-07-16T00:19:34.891343Z", "fetched_at": "2025-07-16T00:20:19.342300+00:00", "symbol": "ETH-USD"}, {"trade_id": 667683270, "side": "buy", "size": "0.00100000", "price": "3134.64000000", "time": "2025-07-16T00:19:34.161677Z", "fetched_at": "2025-07-16T00:20:19.342300+00:00", "symbol": "ETH-USD"}, {"trade_id": 667683269, "side": "buy", "size": "1.26444590", "price": "3134.84000000", "time": "2025-07-16T00:19:33.847881Z", "fetched_at": "2025-07-16T00:20:19.342300+00:00", "symbol": "ETH-USD"}, {"trade_id": 667683268, "side": "buy", "size": "0.00100000", "price": "3134.88000000", "time": "2025-07-16T00:19:33.847881Z", "fetched_at": "2025-07-16T00:20:19.342300+00:00", "symbol": "ETH-USD"}, {"trade_id": 667683267, "side": "sell", "size": "0.01175287", "price": "3134.89000000", "time": "2025-07-16T00:19:33.052337Z", "fetched_at": "2025-07-16T00:20:19.342300+00:00", "symbol": "ETH-USD"}, {"trade_id": 667683266, "side": "sell", "size": "0.00064625", "price": "3134.89000000", "time": "2025-07-16T00:19:33.052337Z", "fetched_at": "2025-07-16T00:20:19.342300+00:00", "symbol": "ETH-USD"}, {"trade_id": 667683265, "side": "sell", "size": "0.62538166", "price": "3135.63000000", "time": "2025-07-16T00:19:32.278743Z", "fetched_at": "2025-07-16T00:20:19.342300+00:00", "symbol": "ETH-USD"}, {"trade_id": 667683264, "side": "sell", "size": "0.00064625", "price": "3135.63000000", "time": "2025-07-16T00:19:32.278743Z", "fetched_at": "2025-07-16T00:20:19.342300+00:00", "symbol": "ETH-USD"}, {"trade_id": 667683263, "side": "sell", "size": "0.06466846", "price": "3135.63000000", "time": "2025-07-16T00:19:32.278743Z", "fetched_at": "2025-07-16T00:20:19.342300+00:00", "symbol": "ETH-USD"}, {"trade_id": 667683262, "side": "sell", "size": "0.03835981", "price": "3135.84000000", "time": "2025-07-16T00:19:31.924513Z", "fetched_at": "2025-07-16T00:20:19.342300+00:00", "symbol": "ETH-USD"}, {"trade_id": 667683261, "side": "sell", "size": "0.15944798", "price": "3135.82000000", "time": "2025-07-16T00:19:31.924513Z", "fetched_at": "2025-07-16T00:20:19.342300+00:00", "symbol": "ETH-USD"}, {"trade_id": 667683260, "side": "sell", "size": "0.36491997", "price": "3135.74000000", "time": "2025-07-16T00:19:31.924513Z", "fetched_at": "2025-07-16T00:20:19.342300+00:00", "symbol": "ETH-USD"}, {"trade_id": 667683259, "side": "sell", "size": "0.80000000", "price": "3135.70000000", "time": "2025-07-16T00:19:31.924513Z", "fetched_at": "2025-07-16T00:20:19.342300+00:00", "symbol": "ETH-USD"}, {"trade_id": 667683258, "side": "sell", "size": "0.10000000", "price": "3135.69000000", "time": "2025-07-16T00:19:31.924513Z", "fetched_at": "2025-07-16T00:20:19.342300+00:00", "symbol": "ETH-USD"}, {"trade_id": 667683257, "side": "sell", "size": "0.00064625", "price": "3135.68000000", "time": "2025-07-16T00:19:31.924513Z", "fetched_at": "2025-07-16T00:20:19.342300+00:00", "symbol": "ETH-USD"}, {"trade_id": 667683256, "side": "sell", "size": "0.00000318", "price": "3135.68000000", "time": "2025-07-16T00:19:31.289071Z", "fetched_at": "2025-07-16T00:20:19.342300+00:00", "symbol": "ETH-USD"}, {"trade_id": 667683255, "side": "sell", "size": "0.00063182", "price": "3134.97000000", "time": "2025-07-16T00:19:30.624679Z", "fetched_at": "2025-07-16T00:20:19.342300+00:00", "symbol": "ETH-USD"}, {"trade_id": 667683254, "side": "sell", "size": "0.05868762", "price": "3135.48000000", "time": "2025-07-16T00:19:30.104398Z", "fetched_at": "2025-07-16T00:20:19.342300+00:00", "symbol": "ETH-USD"}, {"trade_id": 667683253, "side": "sell", "size": "0.00319748", "price": "3135.28000000", "time": "2025-07-16T00:19:30.104398Z", "fetched_at": "2025-07-16T00:20:19.342300+00:00", "symbol": "ETH-USD"}, {"trade_id": 667683252, "side": "sell", "size": "0.00100000", "price": "3135.13000000", "time": "2025-07-16T00:19:30.104398Z", "fetched_at": "2025-07-16T00:20:19.342300+00:00", "symbol": "ETH-USD"}, {"trade_id": 667683251, "side": "sell", "size": "0.00064625", "price": "3135.01000000", "time": "2025-07-16T00:19:30.104398Z", "fetched_at": "2025-07-16T00:20:19.342300+00:00", "symbol": "ETH-USD"}, {"trade_id": 667683250, "side": "sell", "size": "0.00064625", "price": "3134.89000000", "time": "2025-07-16T00:19:29.081546Z", "fetched_at": "2025-07-16T00:20:19.342300+00:00", "symbol": "ETH-USD"}, {"trade_id": 667683249, "side": "sell", "size": "0.12544821", "price": "3134.89000000", "time": "2025-07-16T00:19:29.081546Z", "fetched_at": "2025-07-16T00:20:19.342300+00:00", "symbol": "ETH-USD"}, {"trade_id": 667683248, "side": "sell", "size": "0.00001046", "price": "3134.70000000", "time": "2025-07-16T00:19:28.587100Z", "fetched_at": "2025-07-16T00:20:19.342300+00:00", "symbol": "ETH-USD"}, {"trade_id": 667683247, "side": "sell", "size": "0.00063579", "price": "3134.70000000", "time": "2025-07-16T00:19:28.587018Z", "fetched_at": "2025-07-16T00:20:19.342300+00:00", "symbol": "ETH-USD"}, {"trade_id": 667683246, "side": "sell", "size": "1.03654421", "price": "3134.70000000", "time": "2025-07-16T00:19:28.587018Z", "fetched_at": "2025-07-16T00:20:19.342300+00:00", "symbol": "ETH-USD"}, {"trade_id": 667683245, "side": "sell", "size": "0.00024002", "price": "3134.65000000", "time": "2025-07-16T00:19:28.490099Z", "fetched_at": "2025-07-16T00:20:19.342300+00:00", "symbol": "ETH-USD"}, {"trade_id": 667683244, "side": "sell", "size": "0.00005588", "price": "3134.65000000", "time": "2025-07-16T00:19:28.490099Z", "fetched_at": "2025-07-16T00:20:19.342300+00:00", "symbol": "ETH-USD"}, {"trade_id": 667683243, "side": "sell", "size": "0.00010334", "price": "3134.51000000", "time": "2025-07-16T00:19:28.490099Z", "fetched_at": "2025-07-16T00:20:19.342300+00:00", "symbol": "ETH-USD"}, {"trade_id": 667683242, "side": "sell", "size": "0.00064625", "price": "3134.51000000", "time": "2025-07-16T00:19:28.490099Z", "fetched_at": "2025-07-16T00:20:19.342300+00:00", "symbol": "ETH-USD"}, {"trade_id": 667683241, "side": "buy", "size": "0.15951711", "price": "3134.47000000", "time": "2025-07-16T00:19:27.328428Z", "fetched_at": "2025-07-16T00:20:19.342300+00:00", "symbol": "ETH-USD"}, {"trade_id": 667683240, "side": "sell", "size": "0.03094459", "price": "3134.65000000", "time": "2025-07-16T00:19:25.774646Z", "fetched_at": "2025-07-16T00:20:19.342300+00:00", "symbol": "ETH-USD"}, {"trade_id": 667683239, "side": "sell", "size": "0.00064625", "price": "3134.16000000", "time": "2025-07-16T00:19:25.774646Z", "fetched_at": "2025-07-16T00:20:19.342300+00:00", "symbol": "ETH-USD"}, {"trade_id": 667683238, "side": "buy", "size": "0.00515135", "price": "3134.34000000", "time": "2025-07-16T00:19:25.333440Z", "fetched_at": "2025-07-16T00:20:19.342300+00:00", "symbol": "ETH-USD"}, {"trade_id": 667683237, "side": "buy", "size": "0.38375270", "price": "3134.34000000", "time": "2025-07-16T00:19:25.333440Z", "fetched_at": "2025-07-16T00:20:19.342300+00:00", "symbol": "ETH-USD"}, {"trade_id": 667683236, "side": "sell", "size": "0.00567127", "price": "3134.67000000", "time": "2025-07-16T00:19:25.056337Z", "fetched_at": "2025-07-16T00:20:19.342300+00:00", "symbol": "ETH-USD"}, {"trade_id": 667683235, "side": "sell", "size": "0.00064625", "price": "3134.35000000", "time": "2025-07-16T00:19:25.056337Z", "fetched_at": "2025-07-16T00:20:19.342300+00:00", "symbol": "ETH-USD"}, {"trade_id": 667683234, "side": "sell", "size": "0.01892517", "price": "3134.64000000", "time": "2025-07-16T00:19:24.917072Z", "fetched_at": "2025-07-16T00:20:19.342300+00:00", "symbol": "ETH-USD"}, {"trade_id": 667683233, "side": "sell", "size": "0.00010335", "price": "3134.46000000", "time": "2025-07-16T00:19:24.917072Z", "fetched_at": "2025-07-16T00:20:19.342300+00:00", "symbol": "ETH-USD"}, {"trade_id": 667683232, "side": "sell", "size": "0.00064625", "price": "3134.35000000", "time": "2025-07-16T00:19:24.917072Z", "fetched_at": "2025-07-16T00:20:19.342300+00:00", "symbol": "ETH-USD"}, {"trade_id": 667683231, "side": "buy", "size": "0.00958325", "price": "3134.34000000", "time": "2025-07-16T00:19:24.904384Z", "fetched_at": "2025-07-16T00:20:19.342300+00:00", "symbol": "ETH-USD"}, {"trade_id": 667683230, "side": "sell", "size": "0.01200561", "price": "3134.35000000", "time": "2025-07-16T00:19:24.081200Z", "fetched_at": "2025-07-16T00:20:19.342300+00:00", "symbol": "ETH-USD"}, {"trade_id": 667683229, "side": "sell", "size": "0.00010000", "price": "3134.35000000", "time": "2025-07-16T00:19:24.081200Z", "fetched_at": "2025-07-16T00:20:19.342300+00:00", "symbol": "ETH-USD"}, {"trade_id": 667683228, "side": "sell", "size": "0.00071406", "price": "3134.09000000", "time": "2025-07-16T00:19:23.798004Z", "fetched_at": "2025-07-16T00:20:19.342300+00:00", "symbol": "ETH-USD"}, {"trade_id": 667683227, "side": "buy", "size": "0.60636727", "price": "3134.45000000", "time": "2025-07-16T00:19:23.479449Z", "fetched_at": "2025-07-16T00:20:19.342300+00:00", "symbol": "ETH-USD"}, {"trade_id": 667683226, "side": "buy", "size": "0.38617113", "price": "3134.45000000", "time": "2025-07-16T00:19:23.479029Z", "fetched_at": "2025-07-16T00:20:19.342300+00:00", "symbol": "ETH-USD"}, {"trade_id": 667683225, "side": "buy", "size": "0.00010000", "price": "3134.45000000", "time": "2025-07-16T00:19:23.235851Z", "fetched_at": "2025-07-16T00:20:19.342300+00:00", "symbol": "ETH-USD"}, {"trade_id": 667683224, "side": "sell", "size": "0.00080072", "price": "3134.24000000", "time": "2025-07-16T00:19:22.706569Z", "fetched_at": "2025-07-16T00:20:19.342300+00:00", "symbol": "ETH-USD"}, {"trade_id": 667683223, "side": "sell", "size": "0.00005589", "price": "3134.24000000", "time": "2025-07-16T00:19:22.690874Z", "fetched_at": "2025-07-16T00:20:19.342300+00:00", "symbol": "ETH-USD"}, {"trade_id": 667683222, "side": "sell", "size": "0.00024001", "price": "3134.24000000", "time": "2025-07-16T00:19:22.690874Z", "fetched_at": "2025-07-16T00:20:19.342300+00:00", "symbol": "ETH-USD"}, {"trade_id": 667683221, "side": "sell", "size": "0.00080405", "price": "3134.24000000", "time": "2025-07-16T00:19:22.690874Z", "fetched_at": "2025-07-16T00:20:19.342300+00:00", "symbol": "ETH-USD"}, {"trade_id": 667683220, "side": "buy", "size": "0.00010000", "price": "3134.23000000", "time": "2025-07-16T00:19:22.612820Z", "fetched_at": "2025-07-16T00:20:19.342300+00:00", "symbol": "ETH-USD"}, {"trade_id": 667683219, "side": "sell", "size": "0.15097779", "price": "3134.56000000", "time": "2025-07-16T00:19:22.091792Z", "fetched_at": "2025-07-16T00:20:19.342300+00:00", "symbol": "ETH-USD"}, {"trade_id": 667683218, "side": "sell", "size": "0.00035496", "price": "3134.55000000", "time": "2025-07-16T00:19:22.091792Z", "fetched_at": "2025-07-16T00:20:19.342300+00:00", "symbol": "ETH-USD"}, {"trade_id": 667683217, "side": "sell", "size": "0.02790298", "price": "3134.64000000", "time": "2025-07-16T00:19:19.761111Z", "fetched_at": "2025-07-16T00:20:19.342300+00:00", "symbol": "ETH-USD"}, {"trade_id": 667683216, "side": "sell", "size": "0.00010334", "price": "3134.61000000", "time": "2025-07-16T00:19:18.671034Z", "fetched_at": "2025-07-16T00:20:19.342300+00:00", "symbol": "ETH-USD"}, {"trade_id": 667683215, "side": "sell", "size": "0.00034444", "price": "3134.53000000", "time": "2025-07-16T00:19:18.671034Z", "fetched_at": "2025-07-16T00:20:19.342300+00:00", "symbol": "ETH-USD"}, {"trade_id": 667683214, "side": "sell", "size": "0.16345167", "price": "3134.70000000", "time": "2025-07-16T00:19:18.315030Z", "fetched_at": "2025-07-16T00:20:19.342300+00:00", "symbol": "ETH-USD"}, {"trade_id": 667683213, "side": "sell", "size": "0.00169289", "price": "3134.63000000", "time": "2025-07-16T00:19:18.315030Z", "fetched_at": "2025-07-16T00:20:19.342300+00:00", "symbol": "ETH-USD"}, {"trade_id": 667683212, "side": "sell", "size": "0.00034503", "price": "3134.56000000", "time": "2025-07-16T00:19:18.315030Z", "fetched_at": "2025-07-16T00:20:19.342300+00:00", "symbol": "ETH-USD"}, {"trade_id": 667683211, "side": "sell", "size": "0.00792974", "price": "3134.56000000", "time": "2025-07-16T00:19:18.315030Z", "fetched_at": "2025-07-16T00:20:19.342300+00:00", "symbol": "ETH-USD"}, {"trade_id": 667683210, "side": "sell", "size": "0.00005589", "price": "3134.24000000", "time": "2025-07-16T00:19:17.743129Z", "fetched_at": "2025-07-16T00:20:19.342300+00:00", "symbol": "ETH-USD"}, {"trade_id": 667683209, "side": "sell", "size": "0.00024002", "price": "3134.24000000", "time": "2025-07-16T00:19:17.743129Z", "fetched_at": "2025-07-16T00:20:19.342300+00:00", "symbol": "ETH-USD"}, {"trade_id": 667683208, "side": "sell", "size": "0.00034656", "price": "3134.24000000", "time": "2025-07-16T00:19:17.743129Z", "fetched_at": "2025-07-16T00:20:19.342300+00:00", "symbol": "ETH-USD"}, {"trade_id": 667683207, "side": "sell", "size": "0.02589980", "price": "3134.00000000", "time": "2025-07-16T00:19:17.051048Z", "fetched_at": "2025-07-16T00:20:19.342300+00:00", "symbol": "ETH-USD"}, {"trade_id": 667683206, "side": "sell", "size": "0.15954531", "price": "3133.91000000", "time": "2025-07-16T00:19:15.955300Z", "fetched_at": "2025-07-16T00:20:19.342300+00:00", "symbol": "ETH-USD"}, {"trade_id": 667683205, "side": "sell", "size": "0.00035676", "price": "3133.82000000", "time": "2025-07-16T00:19:15.955300Z", "fetched_at": "2025-07-16T00:20:19.342300+00:00", "symbol": "ETH-USD"}, {"trade_id": 667683204, "side": "sell", "size": "0.80000000", "price": "3133.80000000", "time": "2025-07-16T00:19:15.955300Z", "fetched_at": "2025-07-16T00:20:19.342300+00:00", "symbol": "ETH-USD"}, {"trade_id": 667683203, "side": "buy", "size": "0.00529707", "price": "3133.63000000", "time": "2025-07-16T00:19:15.820941Z", "fetched_at": "2025-07-16T00:20:19.342300+00:00", "symbol": "ETH-USD"}, {"trade_id": 667683202, "side": "sell", "size": "0.01210324", "price": "3133.64000000", "time": "2025-07-16T00:19:15.778808Z", "fetched_at": "2025-07-16T00:20:19.342300+00:00", "symbol": "ETH-USD"}, {"trade_id": 667683201, "side": "sell", "size": "0.01550478", "price": "3133.64000000", "time": "2025-07-16T00:19:15.506524Z", "fetched_at": "2025-07-16T00:20:19.342300+00:00", "symbol": "ETH-USD"}, {"trade_id": 667683200, "side": "buy", "size": "0.59641671", "price": "3133.63000000", "time": "2025-07-16T00:19:14.674473Z", "fetched_at": "2025-07-16T00:20:19.342300+00:00", "symbol": "ETH-USD"}, {"trade_id": 667683199, "side": "sell", "size": "0.00024007", "price": "3133.61000000", "time": "2025-07-16T00:19:14.500239Z", "fetched_at": "2025-07-16T00:20:19.342300+00:00", "symbol": "ETH-USD"}, {"trade_id": 667683198, "side": "sell", "size": "0.00005590", "price": "3133.61000000", "time": "2025-07-16T00:19:14.500239Z", "fetched_at": "2025-07-16T00:20:19.342300+00:00", "symbol": "ETH-USD"}, {"trade_id": 667683197, "side": "sell", "size": "0.00010335", "price": "3133.59000000", "time": "2025-07-16T00:19:14.500239Z", "fetched_at": "2025-07-16T00:20:19.342300+00:00", "symbol": "ETH-USD"}, {"trade_id": 667683196, "side": "buy", "size": "0.06064214", "price": "3133.33000000", "time": "2025-07-16T00:19:13.836502Z", "fetched_at": "2025-07-16T00:20:19.342300+00:00", "symbol": "ETH-USD"}, {"trade_id": 667683195, "side": "buy", "size": "0.00319148", "price": "3133.34000000", "time": "2025-07-16T00:19:13.836502Z", "fetched_at": "2025-07-16T00:20:19.342300+00:00", "symbol": "ETH-USD"}, {"trade_id": 667683194, "side": "buy", "size": "0.00063000", "price": "3133.58000000", "time": "2025-07-16T00:19:13.836502Z", "fetched_at": "2025-07-16T00:20:19.342300+00:00", "symbol": "ETH-USD"}, {"trade_id": 667683193, "side": "sell", "size": "0.10000000", "price": "3133.59000000", "time": "2025-07-16T00:19:13.382937Z", "fetched_at": "2025-07-16T00:20:19.342300+00:00", "symbol": "ETH-USD"}, {"trade_id": 667683192, "side": "sell", "size": "0.90000000", "price": "3133.59000000", "time": "2025-07-16T00:19:13.382937Z", "fetched_at": "2025-07-16T00:20:19.342300+00:00", "symbol": "ETH-USD"}, {"trade_id": 667683191, "side": "sell", "size": "0.00800000", "price": "3133.54000000", "time": "2025-07-16T00:19:13.089082Z", "fetched_at": "2025-07-16T00:20:19.342300+00:00", "symbol": "ETH-USD"}, {"trade_id": 667683190, "side": "sell", "size": "0.01240256", "price": "3133.62000000", "time": "2025-07-16T00:19:12.395706Z", "fetched_at": "2025-07-16T00:20:19.342300+00:00", "symbol": "ETH-USD"}, {"trade_id": 667683189, "side": "sell", "size": "0.03876196", "price": "3133.72000000", "time": "2025-07-16T00:19:12.212641Z", "fetched_at": "2025-07-16T00:20:19.342300+00:00", "symbol": "ETH-USD"}, {"trade_id": 667683188, "side": "sell", "size": "0.03026660", "price": "3133.80000000", "time": "2025-07-16T00:19:12.187938Z", "fetched_at": "2025-07-16T00:20:19.342300+00:00", "symbol": "ETH-USD"}, {"trade_id": 667683187, "side": "sell", "size": "0.03158761", "price": "3133.63000000", "time": "2025-07-16T00:19:12.049994Z", "fetched_at": "2025-07-16T00:20:19.342300+00:00", "symbol": "ETH-USD"}, {"trade_id": 667683186, "side": "buy", "size": "0.00010000", "price": "3133.73000000", "time": "2025-07-16T00:19:11.831256Z", "fetched_at": "2025-07-16T00:20:19.342300+00:00", "symbol": "ETH-USD"}, {"trade_id": 667683185, "side": "buy", "size": "0.00063000", "price": "3133.81000000", "time": "2025-07-16T00:19:11.831256Z", "fetched_at": "2025-07-16T00:20:19.342300+00:00", "symbol": "ETH-USD"}, {"trade_id": 667683184, "side": "sell", "size": "0.00605280", "price": "3133.82000000", "time": "2025-07-16T00:19:11.492042Z", "fetched_at": "2025-07-16T00:20:19.342300+00:00", "symbol": "ETH-USD"}, {"trade_id": 667683183, "side": "sell", "size": "0.00030947", "price": "3133.82000000", "time": "2025-07-16T00:19:10.963483Z", "fetched_at": "2025-07-16T00:20:19.342300+00:00", "symbol": "ETH-USD"}, {"trade_id": 667683182, "side": "sell", "size": "0.00862645", "price": "3134.46000000", "time": "2025-07-16T00:19:10.696740Z", "fetched_at": "2025-07-16T00:20:19.342300+00:00", "symbol": "ETH-USD"}, {"trade_id": 667683181, "side": "sell", "size": "0.56130932", "price": "3134.45000000", "time": "2025-07-16T00:19:10.696740Z", "fetched_at": "2025-07-16T00:20:19.342300+00:00", "symbol": "ETH-USD"}, {"trade_id": 667683180, "side": "sell", "size": "0.15239666", "price": "3134.44000000", "time": "2025-07-16T00:19:10.696740Z", "fetched_at": "2025-07-16T00:20:19.342300+00:00", "symbol": "ETH-USD"}, {"trade_id": 667683179, "side": "sell", "size": "0.79764153", "price": "3134.24000000", "time": "2025-07-16T00:19:10.696740Z", "fetched_at": "2025-07-16T00:20:19.342300+00:00", "symbol": "ETH-USD"}, {"trade_id": 667683178, "side": "sell", "size": "0.56513942", "price": "3134.20000000", "time": "2025-07-16T00:19:10.696740Z", "fetched_at": "2025-07-16T00:20:19.342300+00:00", "symbol": "ETH-USD"}, {"trade_id": 667683177, "side": "sell", "size": "0.79767412", "price": "3134.12000000", "time": "2025-07-16T00:19:10.696740Z", "fetched_at": "2025-07-16T00:20:19.342300+00:00", "symbol": "ETH-USD"}, {"trade_id": 667683176, "side": "sell", "size": "0.15953647", "price": "3134.08000000", "time": "2025-07-16T00:19:10.696740Z", "fetched_at": "2025-07-16T00:20:19.342300+00:00", "symbol": "ETH-USD"}, {"trade_id": 667683175, "side": "sell", "size": "0.00005588", "price": "3134.00000000", "time": "2025-07-16T00:19:10.696740Z", "fetched_at": "2025-07-16T00:20:19.342300+00:00", "symbol": "ETH-USD"}, {"trade_id": 667683174, "side": "sell", "size": "0.00024001", "price": "3134.00000000", "time": "2025-07-16T00:19:10.696740Z", "fetched_at": "2025-07-16T00:20:19.342300+00:00", "symbol": "ETH-USD"}, {"trade_id": 667683173, "side": "sell", "size": "0.95989000", "price": "3133.82000000", "time": "2025-07-16T00:19:10.696740Z", "fetched_at": "2025-07-16T00:20:19.342300+00:00", "symbol": "ETH-USD"}, {"trade_id": 667683172, "side": "sell", "size": "0.69379872", "price": "3133.82000000", "time": "2025-07-16T00:19:10.696740Z", "fetched_at": "2025-07-16T00:20:19.342300+00:00", "symbol": "ETH-USD"}, {"trade_id": 667683171, "side": "buy", "size": "0.00227087", "price": "3133.54000000", "time": "2025-07-16T00:19:09.686330Z", "fetched_at": "2025-07-16T00:20:19.342300+00:00", "symbol": "ETH-USD"}, {"trade_id": 667683170, "side": "buy", "size": "0.00063000", "price": "3133.54000000", "time": "2025-07-16T00:19:09.686330Z", "fetched_at": "2025-07-16T00:20:19.342300+00:00", "symbol": "ETH-USD"}, {"trade_id": 667683169, "side": "sell", "size": "0.00010000", "price": "3133.79000000", "time": "2025-07-16T00:19:09.540823Z", "fetched_at": "2025-07-16T00:20:19.342300+00:00", "symbol": "ETH-USD"}, {"trade_id": 667683168, "side": "sell", "size": "0.03321405", "price": "3133.81000000", "time": "2025-07-16T00:19:09.278655Z", "fetched_at": "2025-07-16T00:20:19.342300+00:00", "symbol": "ETH-USD"}, {"trade_id": 667683167, "side": "sell", "size": "0.01059221", "price": "3133.81000000", "time": "2025-07-16T00:19:09.121202Z", "fetched_at": "2025-07-16T00:20:19.342300+00:00", "symbol": "ETH-USD"}, {"trade_id": 667683166, "side": "sell", "size": "0.00620128", "price": "3133.82000000", "time": "2025-07-16T00:19:09.047608Z", "fetched_at": "2025-07-16T00:20:19.342300+00:00", "symbol": "ETH-USD"}, {"trade_id": 667683165, "side": "sell", "size": "0.00367418", "price": "3133.96000000", "time": "2025-07-16T00:19:08.652645Z", "fetched_at": "2025-07-16T00:20:19.342300+00:00", "symbol": "ETH-USD"}, {"trade_id": 667683164, "side": "sell", "size": "0.09815652", "price": "3133.95000000", "time": "2025-07-16T00:19:08.652645Z", "fetched_at": "2025-07-16T00:20:19.342300+00:00", "symbol": "ETH-USD"}, {"trade_id": 667683163, "side": "sell", "size": "0.00010336", "price": "3133.95000000", "time": "2025-07-16T00:19:08.652645Z", "fetched_at": "2025-07-16T00:20:19.342300+00:00", "symbol": "ETH-USD"}, {"trade_id": 667683162, "side": "sell", "size": "0.53806594", "price": "3133.94000000", "time": "2025-07-16T00:19:08.652645Z", "fetched_at": "2025-07-16T00:20:19.342300+00:00", "symbol": "ETH-USD"}, {"trade_id": 667683161, "side": "sell", "size": "0.00348761", "price": "3133.95000000", "time": "2025-07-16T00:19:08.405358Z", "fetched_at": "2025-07-16T00:20:19.342300+00:00", "symbol": "ETH-USD"}, {"trade_id": 667683160, "side": "sell", "size": "0.00010000", "price": "3133.95000000", "time": "2025-07-16T00:19:08.362082Z", "fetched_at": "2025-07-16T00:20:19.342300+00:00", "symbol": "ETH-USD"}, {"trade_id": 667683159, "side": "sell", "size": "0.00775222", "price": "3133.96000000", "time": "2025-07-16T00:19:08.236682Z", "fetched_at": "2025-07-16T00:20:19.342300+00:00", "symbol": "ETH-USD"}, {"trade_id": 667683158, "side": "sell", "size": "0.00332652", "price": "3133.96000000", "time": "2025-07-16T00:19:08.129851Z", "fetched_at": "2025-07-16T00:20:19.342300+00:00", "symbol": "ETH-USD"}, {"trade_id": 667683157, "side": "buy", "size": "0.45249225", "price": "3133.97000000", "time": "2025-07-16T00:19:08.039163Z", "fetched_at": "2025-07-16T00:20:19.342300+00:00", "symbol": "ETH-USD"}, {"trade_id": 667683156, "side": "buy", "size": "0.00063000", "price": "3133.99000000", "time": "2025-07-16T00:19:07.972472Z", "fetched_at": "2025-07-16T00:20:19.342300+00:00", "symbol": "ETH-USD"}, {"trade_id": 667683155, "side": "sell", "size": "0.03100640", "price": "3134.00000000", "time": "2025-07-16T00:19:07.623614Z", "fetched_at": "2025-07-16T00:20:19.342300+00:00", "symbol": "ETH-USD"}, {"trade_id": 667683154, "side": "sell", "size": "0.03952917", "price": "3134.00000000", "time": "2025-07-16T00:19:07.443543Z", "fetched_at": "2025-07-16T00:20:19.342300+00:00", "symbol": "ETH-USD"}, {"trade_id": 667683153, "side": "sell", "size": "0.14861644", "price": "3134.00000000", "time": "2025-07-16T00:19:07.264158Z", "fetched_at": "2025-07-16T00:20:19.342300+00:00", "symbol": "ETH-USD"}, {"trade_id": 667683152, "side": "sell", "size": "0.00315908", "price": "3134.00000000", "time": "2025-07-16T00:19:06.836662Z", "fetched_at": "2025-07-16T00:20:19.342300+00:00", "symbol": "ETH-USD"}, {"trade_id": 667683151, "side": "sell", "size": "0.00756601", "price": "3134.00000000", "time": "2025-07-16T00:19:06.763685Z", "fetched_at": "2025-07-16T00:20:19.342300+00:00", "symbol": "ETH-USD"}, {"trade_id": 667683150, "side": "sell", "size": "0.00063182", "price": "3134.00000000", "time": "2025-07-16T00:19:06.755246Z", "fetched_at": "2025-07-16T00:20:19.342300+00:00", "symbol": "ETH-USD"}, {"trade_id": 667683149, "side": "sell", "size": "0.00313045", "price": "3134.00000000", "time": "2025-07-16T00:19:06.454955Z", "fetched_at": "2025-07-16T00:20:19.342300+00:00", "symbol": "ETH-USD"}, {"trade_id": 667683148, "side": "sell", "size": "0.01550478", "price": "3134.00000000", "time": "2025-07-16T00:19:05.950356Z", "fetched_at": "2025-07-16T00:20:19.342300+00:00", "symbol": "ETH-USD"}, {"trade_id": 667683147, "side": "sell", "size": "0.42705373", "price": "3134.26000000", "time": "2025-07-16T00:19:05.475943Z", "fetched_at": "2025-07-16T00:20:19.342300+00:00", "symbol": "ETH-USD"}, {"trade_id": 667683146, "side": "sell", "size": "0.10000000", "price": "3134.25000000", "time": "2025-07-16T00:19:05.475943Z", "fetched_at": "2025-07-16T00:20:19.342300+00:00", "symbol": "ETH-USD"}, {"trade_id": 667683145, "side": "buy", "size": "0.54743664", "price": "3134.23000000", "time": "2025-07-16T00:19:05.219525Z", "fetched_at": "2025-07-16T00:20:19.342300+00:00", "symbol": "ETH-USD"}, {"trade_id": 667683144, "side": "sell", "size": "0.00541483", "price": "3134.36000000", "time": "2025-07-16T00:19:04.593171Z", "fetched_at": "2025-07-16T00:20:19.342300+00:00", "symbol": "ETH-USD"}, {"trade_id": 667683143, "side": "sell", "size": "0.00010334", "price": "3134.08000000", "time": "2025-07-16T00:19:04.593171Z", "fetched_at": "2025-07-16T00:20:19.342300+00:00", "symbol": "ETH-USD"}, {"trade_id": 667683142, "side": "sell", "size": "0.00068311", "price": "3134.08000000", "time": "2025-07-16T00:19:04.593171Z", "fetched_at": "2025-07-16T00:20:19.342300+00:00", "symbol": "ETH-USD"}, {"trade_id": 667683141, "side": "sell", "size": "0.57203411", "price": "3133.90000000", "time": "2025-07-16T00:19:03.796482Z", "fetched_at": "2025-07-16T00:20:19.342300+00:00", "symbol": "ETH-USD"}, {"trade_id": 667683140, "side": "sell", "size": "0.11848791", "price": "3133.90000000", "time": "2025-07-16T00:19:03.743799Z", "fetched_at": "2025-07-16T00:20:19.342300+00:00", "symbol": "ETH-USD"}, {"trade_id": 667683139, "side": "sell", "size": "0.00947798", "price": "3133.90000000", "time": "2025-07-16T00:19:03.667460Z", "fetched_at": "2025-07-16T00:20:19.342300+00:00", "symbol": "ETH-USD"}, {"trade_id": 667683138, "side": "sell", "size": "0.00184348", "price": "3133.93000000", "time": "2025-07-16T00:19:03.331201Z", "fetched_at": "2025-07-16T00:20:19.342300+00:00", "symbol": "ETH-USD"}, {"trade_id": 667683137, "side": "sell", "size": "0.00037100", "price": "3133.83000000", "time": "2025-07-16T00:19:03.331201Z", "fetched_at": "2025-07-16T00:20:19.342300+00:00", "symbol": "ETH-USD"}, {"trade_id": 667683136, "side": "sell", "size": "0.00866536", "price": "3133.83000000", "time": "2025-07-16T00:19:03.239234Z", "fetched_at": "2025-07-16T00:20:19.342300+00:00", "symbol": "ETH-USD"}, {"trade_id": 667683135, "side": "sell", "size": "0.00065409", "price": "3133.71000000", "time": "2025-07-16T00:19:03.239234Z", "fetched_at": "2025-07-16T00:20:19.342300+00:00", "symbol": "ETH-USD"}, {"trade_id": 667683134, "side": "buy", "size": "0.33717913", "price": "3133.50000000", "time": "2025-07-16T00:19:03.157415Z", "fetched_at": "2025-07-16T00:20:19.342300+00:00", "symbol": "ETH-USD"}, {"trade_id": 667683133, "side": "buy", "size": "0.00004729", "price": "3133.31000000", "time": "2025-07-16T00:19:03.119069Z", "fetched_at": "2025-07-16T00:20:19.342300+00:00", "symbol": "ETH-USD"}, {"trade_id": 667683132, "side": "buy", "size": "0.94500000", "price": "3133.36000000", "time": "2025-07-16T00:19:03.119069Z", "fetched_at": "2025-07-16T00:20:19.342300+00:00", "symbol": "ETH-USD"}, {"trade_id": 667683131, "side": "buy", "size": "0.23614714", "price": "3133.36000000", "time": "2025-07-16T00:19:03.119069Z", "fetched_at": "2025-07-16T00:20:19.342300+00:00", "symbol": "ETH-USD"}, {"trade_id": 667683130, "side": "buy", "size": "1.54320787", "price": "3133.37000000", "time": "2025-07-16T00:19:03.119069Z", "fetched_at": "2025-07-16T00:20:19.342300+00:00", "symbol": "ETH-USD"}, {"trade_id": 667683129, "side": "buy", "size": "0.30000000", "price": "3133.40000000", "time": "2025-07-16T00:19:03.119069Z", "fetched_at": "2025-07-16T00:20:19.342300+00:00", "symbol": "ETH-USD"}, {"trade_id": 667683128, "side": "buy", "size": "0.79501832", "price": "3133.40000000", "time": "2025-07-16T00:19:03.119069Z", "fetched_at": "2025-07-16T00:20:19.342300+00:00", "symbol": "ETH-USD"}, {"trade_id": 667683127, "side": "buy", "size": "2.66170907", "price": "3133.41000000", "time": "2025-07-16T00:19:03.118938Z", "fetched_at": "2025-07-16T00:20:19.342300+00:00", "symbol": "ETH-USD"}, {"trade_id": 667683126, "side": "buy", "size": "0.15956575", "price": "3133.50000000", "time": "2025-07-16T00:19:03.118938Z", "fetched_at": "2025-07-16T00:20:19.342300+00:00", "symbol": "ETH-USD"}, {"trade_id": 667683125, "side": "buy", "size": "0.30000000", "price": "3133.50000000", "time": "2025-07-16T00:19:03.118938Z", "fetched_at": "2025-07-16T00:20:19.342300+00:00", "symbol": "ETH-USD"}, {"trade_id": 667683124, "side": "buy", "size": "0.79782863", "price": "3133.50000000", "time": "2025-07-16T00:19:03.118938Z", "fetched_at": "2025-07-16T00:20:19.342300+00:00", "symbol": "ETH-USD"}, {"trade_id": 667683123, "side": "buy", "size": "0.00035594", "price": "3133.51000000", "time": "2025-07-16T00:19:03.118938Z", "fetched_at": "2025-07-16T00:20:19.342300+00:00", "symbol": "ETH-USD"}, {"trade_id": 667683122, "side": "buy", "size": "0.35524157", "price": "3133.53000000", "time": "2025-07-16T00:19:03.118938Z", "fetched_at": "2025-07-16T00:20:19.342300+00:00", "symbol": "ETH-USD"}, {"trade_id": 667683121, "side": "buy", "size": "0.19417826", "price": "3133.54000000", "time": "2025-07-16T00:19:03.118938Z", "fetched_at": "2025-07-16T00:20:19.342300+00:00", "symbol": "ETH-USD"}, {"trade_id": 667683120, "side": "buy", "size": "1.19932138", "price": "3133.56000000", "time": "2025-07-16T00:19:03.118872Z", "fetched_at": "2025-07-16T00:20:19.342300+00:00", "symbol": "ETH-USD"}, {"trade_id": 667683119, "side": "buy", "size": "0.16190970", "price": "3133.56000000", "time": "2025-07-16T00:19:03.118872Z", "fetched_at": "2025-07-16T00:20:19.342300+00:00", "symbol": "ETH-USD"}, {"trade_id": 667683118, "side": "buy", "size": "0.19169881", "price": "3133.57000000", "time": "2025-07-16T00:19:03.118872Z", "fetched_at": "2025-07-16T00:20:19.342300+00:00", "symbol": "ETH-USD"}, {"trade_id": 667683117, "side": "buy", "size": "0.07442434", "price": "3133.57000000", "time": "2025-07-16T00:19:03.118872Z", "fetched_at": "2025-07-16T00:20:19.342300+00:00", "symbol": "ETH-USD"}, {"trade_id": 667683116, "side": "buy", "size": "0.12557432", "price": "3133.57000000", "time": "2025-07-16T00:19:03.118872Z", "fetched_at": "2025-07-16T00:20:19.342300+00:00", "symbol": "ETH-USD"}, {"trade_id": 667683115, "side": "buy", "size": "0.06335129", "price": "3133.59000000", "time": "2025-07-16T00:19:03.118872Z", "fetched_at": "2025-07-16T00:20:19.342300+00:00", "symbol": "ETH-USD"}, {"trade_id": 667683114, "side": "buy", "size": "0.00319122", "price": "3133.60000000", "time": "2025-07-16T00:19:03.118872Z", "fetched_at": "2025-07-16T00:20:19.342300+00:00", "symbol": "ETH-USD"}, {"trade_id": 667683113, "side": "buy", "size": "0.37098569", "price": "3133.99000000", "time": "2025-07-16T00:19:02.919361Z", "fetched_at": "2025-07-16T00:20:19.342300+00:00", "symbol": "ETH-USD"}, {"trade_id": 667683112, "side": "sell", "size": "0.00065587", "price": "3133.82000000", "time": "2025-07-16T00:19:02.864334Z", "fetched_at": "2025-07-16T00:20:19.342300+00:00", "symbol": "ETH-USD"}, {"trade_id": 667683111, "side": "sell", "size": "0.00679983", "price": "3134.27000000", "time": "2025-07-16T00:19:02.785692Z", "fetched_at": "2025-07-16T00:20:19.342300+00:00", "symbol": "ETH-USD"}, {"trade_id": 667683110, "side": "sell", "size": "0.00005589", "price": "3134.16000000", "time": "2025-07-16T00:19:02.785692Z", "fetched_at": "2025-07-16T00:20:19.342300+00:00", "symbol": "ETH-USD"}, {"trade_id": 667683109, "side": "sell", "size": "0.00024001", "price": "3134.16000000", "time": "2025-07-16T00:19:02.785692Z", "fetched_at": "2025-07-16T00:20:19.342300+00:00", "symbol": "ETH-USD"}, {"trade_id": 667683108, "side": "sell", "size": "0.00065587", "price": "3133.82000000", "time": "2025-07-16T00:19:02.785692Z", "fetched_at": "2025-07-16T00:20:19.342300+00:00", "symbol": "ETH-USD"}, {"trade_id": 667683107, "side": "sell", "size": "0.27182890", "price": "3134.08000000", "time": "2025-07-16T00:19:02.566890Z", "fetched_at": "2025-07-16T00:20:19.342300+00:00", "symbol": "ETH-USD"}, {"trade_id": 667683106, "side": "sell", "size": "0.10000000", "price": "3134.07000000", "time": "2025-07-16T00:19:02.566890Z", "fetched_at": "2025-07-16T00:20:19.342300+00:00", "symbol": "ETH-USD"}, {"trade_id": 667683105, "side": "sell", "size": "0.00056119", "price": "3133.94000000", "time": "2025-07-16T00:19:02.566890Z", "fetched_at": "2025-07-16T00:20:19.342300+00:00", "symbol": "ETH-USD"}, {"trade_id": 667683104, "side": "buy", "size": "0.63176954", "price": "3134.17000000", "time": "2025-07-16T00:19:02.411321Z", "fetched_at": "2025-07-16T00:20:19.342300+00:00", "symbol": "ETH-USD"}, {"trade_id": 667683103, "side": "buy", "size": "0.32748174", "price": "3134.22000000", "time": "2025-07-16T00:19:02.402006Z", "fetched_at": "2025-07-16T00:20:19.342300+00:00", "symbol": "ETH-USD"}, {"trade_id": 667683102, "side": "buy", "size": "0.31002048", "price": "3134.22000000", "time": "2025-07-16T00:19:02.402006Z", "fetched_at": "2025-07-16T00:20:19.342300+00:00", "symbol": "ETH-USD"}, {"trade_id": 667683101, "side": "buy", "size": "0.79764407", "price": "3134.23000000", "time": "2025-07-16T00:19:02.402006Z", "fetched_at": "2025-07-16T00:20:19.342300+00:00", "symbol": "ETH-USD"}, {"trade_id": 667683100, "side": "buy", "size": "0.83471780", "price": "3134.24000000", "time": "2025-07-16T00:19:02.402006Z", "fetched_at": "2025-07-16T00:20:19.342300+00:00", "symbol": "ETH-USD"}, {"trade_id": 667683099, "side": "buy", "size": "1.74775264", "price": "3134.24000000", "time": "2025-07-16T00:19:02.402006Z", "fetched_at": "2025-07-16T00:20:19.342300+00:00", "symbol": "ETH-USD"}, {"trade_id": 667683098, "side": "buy", "size": "0.00319056", "price": "3134.25000000", "time": "2025-07-16T00:19:02.402006Z", "fetched_at": "2025-07-16T00:20:19.342300+00:00", "symbol": "ETH-USD"}, {"trade_id": 667683097, "side": "buy", "size": "0.50274502", "price": "3134.35000000", "time": "2025-07-16T00:19:02.401832Z", "fetched_at": "2025-07-16T00:20:19.342300+00:00", "symbol": "ETH-USD"}, {"trade_id": 667683096, "side": "buy", "size": "0.35586220", "price": "3134.48000000", "time": "2025-07-16T00:19:02.396164Z", "fetched_at": "2025-07-16T00:20:19.342300+00:00", "symbol": "ETH-USD"}, {"trade_id": 667683095, "side": "sell", "size": "0.03134111", "price": "3134.61000000", "time": "2025-07-16T00:19:01.580700Z", "fetched_at": "2025-07-16T00:20:19.342300+00:00", "symbol": "ETH-USD"}, {"trade_id": 667683094, "side": "sell", "size": "0.00048104", "price": "3134.49000000", "time": "2025-07-16T00:19:01.580700Z", "fetched_at": "2025-07-16T00:20:19.342300+00:00", "symbol": "ETH-USD"}, {"trade_id": 667683093, "side": "sell", "size": "0.00048124", "price": "3134.44000000", "time": "2025-07-16T00:19:01.370788Z", "fetched_at": "2025-07-16T00:20:19.342300+00:00", "symbol": "ETH-USD"}, {"trade_id": 667683092, "side": "sell", "size": "0.00369602", "price": "3134.44000000", "time": "2025-07-16T00:19:01.370788Z", "fetched_at": "2025-07-16T00:20:19.342300+00:00", "symbol": "ETH-USD"}, {"trade_id": 667683091, "side": "sell", "size": "0.65552001", "price": "3134.24000000", "time": "2025-07-16T00:19:01.095333Z", "fetched_at": "2025-07-16T00:20:19.342300+00:00", "symbol": "ETH-USD"}, {"trade_id": 667683090, "side": "sell", "size": "0.04307971", "price": "3134.24000000", "time": "2025-07-16T00:19:01.095333Z", "fetched_at": "2025-07-16T00:20:19.342300+00:00", "symbol": "ETH-USD"}, {"trade_id": 667683089, "side": "sell", "size": "0.00010000", "price": "3134.23000000", "time": "2025-07-16T00:19:01.095333Z", "fetched_at": "2025-07-16T00:20:19.342300+00:00", "symbol": "ETH-USD"}, {"trade_id": 667683088, "side": "sell", "size": "0.00221425", "price": "3134.24000000", "time": "2025-07-16T00:19:00.461926Z", "fetched_at": "2025-07-16T00:20:19.342300+00:00", "symbol": "ETH-USD"}, {"trade_id": 667683087, "side": "sell", "size": "0.01131625", "price": "3134.24000000", "time": "2025-07-16T00:19:00.405346Z", "fetched_at": "2025-07-16T00:20:19.342300+00:00", "symbol": "ETH-USD"}, {"trade_id": 667683086, "side": "sell", "size": "0.00041671", "price": "3133.89000000", "time": "2025-07-16T00:19:00.363125Z", "fetched_at": "2025-07-16T00:20:19.342300+00:00", "symbol": "ETH-USD"}, {"trade_id": 667683085, "side": "sell", "size": "0.55623119", "price": "3133.86000000", "time": "2025-07-16T00:19:00.363125Z", "fetched_at": "2025-07-16T00:20:19.342300+00:00", "symbol": "ETH-USD"}, {"trade_id": 667683084, "side": "sell", "size": "0.15504882", "price": "3133.86000000", "time": "2025-07-16T00:19:00.051545Z", "fetched_at": "2025-07-16T00:20:19.342300+00:00", "symbol": "ETH-USD"}, {"trade_id": 667683083, "side": "buy", "size": "0.00830119", "price": "3133.76000000", "time": "2025-07-16T00:18:59.746878Z", "fetched_at": "2025-07-16T00:20:19.342300+00:00", "symbol": "ETH-USD"}, {"trade_id": 667683082, "side": "buy", "size": "0.07182830", "price": "3133.77000000", "time": "2025-07-16T00:18:59.746878Z", "fetched_at": "2025-07-16T00:20:19.342300+00:00", "symbol": "ETH-USD"}, {"trade_id": 667683081, "side": "buy", "size": "0.00044927", "price": "3133.87000000", "time": "2025-07-16T00:18:59.746878Z", "fetched_at": "2025-07-16T00:20:19.342300+00:00", "symbol": "ETH-USD"}, {"trade_id": 667683080, "side": "buy", "size": "0.48497514", "price": "3134.23000000", "time": "2025-07-16T00:18:58.752174Z", "fetched_at": "2025-07-16T00:20:19.342300+00:00", "symbol": "ETH-USD"}, {"trade_id": 667683079, "side": "sell", "size": "0.00010334", "price": "3134.08000000", "time": "2025-07-16T00:18:58.671236Z", "fetched_at": "2025-07-16T00:20:19.342300+00:00", "symbol": "ETH-USD"}, {"trade_id": 667683078, "side": "sell", "size": "0.51492152", "price": "3134.01000000", "time": "2025-07-16T00:18:58.671236Z", "fetched_at": "2025-07-16T00:20:19.342300+00:00", "symbol": "ETH-USD"}, {"trade_id": 667683077, "side": "sell", "size": "0.60928001", "price": "3133.89000000", "time": "2025-07-16T00:18:57.780281Z", "fetched_at": "2025-07-16T00:20:19.342300+00:00", "symbol": "ETH-USD"}, {"trade_id": 667683076, "side": "sell", "size": "0.63816209", "price": "3134.00000000", "time": "2025-07-16T00:18:57.773656Z", "fetched_at": "2025-07-16T00:20:19.342300+00:00", "symbol": "ETH-USD"}, {"trade_id": 667683075, "side": "sell", "size": "0.90000000", "price": "3133.98000000", "time": "2025-07-16T00:18:57.773656Z", "fetched_at": "2025-07-16T00:20:19.342300+00:00", "symbol": "ETH-USD"}, {"trade_id": 667683074, "side": "sell", "size": "0.69768001", "price": "3133.91000000", "time": "2025-07-16T00:18:57.771789Z", "fetched_at": "2025-07-16T00:20:19.342300+00:00", "symbol": "ETH-USD"}, {"trade_id": 667683073, "side": "sell", "size": "0.00045903", "price": "3133.90000000", "time": "2025-07-16T00:18:57.771789Z", "fetched_at": "2025-07-16T00:20:19.342300+00:00", "symbol": "ETH-USD"}, {"trade_id": 667683072, "side": "sell", "size": "0.00005589", "price": "3133.82000000", "time": "2025-07-16T00:18:57.675498Z", "fetched_at": "2025-07-16T00:20:19.342300+00:00", "symbol": "ETH-USD"}, {"trade_id": 667683071, "side": "sell", "size": "0.00024003", "price": "3133.82000000", "time": "2025-07-16T00:18:57.675498Z", "fetched_at": "2025-07-16T00:20:19.342300+00:00", "symbol": "ETH-USD"}, {"trade_id": 667683070, "side": "sell", "size": "0.62944027", "price": "3133.82000000", "time": "2025-07-16T00:18:57.675498Z", "fetched_at": "2025-07-16T00:20:19.342300+00:00", "symbol": "ETH-USD"}, {"trade_id": 667683069, "side": "sell", "size": "0.16683974", "price": "3133.82000000", "time": "2025-07-16T00:18:57.672596Z", "fetched_at": "2025-07-16T00:20:19.342300+00:00", "symbol": "ETH-USD"}, {"trade_id": 667683068, "side": "sell", "size": "0.76511303", "price": "3133.82000000", "time": "2025-07-16T00:18:57.672596Z", "fetched_at": "2025-07-16T00:20:19.342300+00:00", "symbol": "ETH-USD"}, {"trade_id": 667683067, "side": "sell", "size": "0.44562056", "price": "3133.82000000", "time": "2025-07-16T00:18:57.668895Z", "fetched_at": "2025-07-16T00:20:19.342300+00:00", "symbol": "ETH-USD"}, {"trade_id": 667683066, "side": "buy", "size": "0.36454169", "price": "3133.81000000", "time": "2025-07-16T00:18:57.639128Z", "fetched_at": "2025-07-16T00:20:19.342300+00:00", "symbol": "ETH-USD"}, {"trade_id": 667683065, "side": "buy", "size": "0.19831999", "price": "3133.81000000", "time": "2025-07-16T00:18:57.639128Z", "fetched_at": "2025-07-16T00:20:19.342300+00:00", "symbol": "ETH-USD"}, {"trade_id": 667683064, "side": "sell", "size": "0.71468001", "price": "3133.77000000", "time": "2025-07-16T00:18:55.521956Z", "fetched_at": "2025-07-16T00:20:19.342300+00:00", "symbol": "ETH-USD"}