[{"trade_id": 667708428, "side": "buy", "size": "0.01623000", "price": "3147.34000000", "time": "2025-07-16T01:20:19.349353Z", "fetched_at": "2025-07-16T01:20:19.939617+00:00", "symbol": "ETH-USD"}, {"trade_id": 667708427, "side": "buy", "size": "0.01623000", "price": "3147.34000000", "time": "2025-07-16T01:20:19.349273Z", "fetched_at": "2025-07-16T01:20:19.939617+00:00", "symbol": "ETH-USD"}, {"trade_id": 667708426, "side": "buy", "size": "0.01389072", "price": "3147.34000000", "time": "2025-07-16T01:20:19.349162Z", "fetched_at": "2025-07-16T01:20:19.939617+00:00", "symbol": "ETH-USD"}, {"trade_id": 667708423, "side": "buy", "size": "1.00000000", "price": "3147.40000000", "time": "2025-07-16T01:20:19.319861Z", "fetched_at": "2025-07-16T01:20:19.939617+00:00", "symbol": "ETH-USD"}, {"trade_id": 667708422, "side": "buy", "size": "3.90666700", "price": "3147.50000000", "time": "2025-07-16T01:20:19.305564Z", "fetched_at": "2025-07-16T01:20:19.939617+00:00", "symbol": "ETH-USD"}, {"trade_id": 667708421, "side": "buy", "size": "0.10000000", "price": "3147.51000000", "time": "2025-07-16T01:20:19.305564Z", "fetched_at": "2025-07-16T01:20:19.939617+00:00", "symbol": "ETH-USD"}, {"trade_id": 667708420, "side": "buy", "size": "0.00133918", "price": "3147.60000000", "time": "2025-07-16T01:20:19.305564Z", "fetched_at": "2025-07-16T01:20:19.939617+00:00", "symbol": "ETH-USD"}, {"trade_id": 667708419, "side": "buy", "size": "0.00100000", "price": "3147.60000000", "time": "2025-07-16T01:20:19.305564Z", "fetched_at": "2025-07-16T01:20:19.939617+00:00", "symbol": "ETH-USD"}, {"trade_id": 667708418, "side": "sell", "size": "0.00155456", "price": "3147.62000000", "time": "2025-07-16T01:20:18.786986Z", "fetched_at": "2025-07-16T01:20:19.939617+00:00", "symbol": "ETH-USD"}, {"trade_id": 667708417, "side": "sell", "size": "0.00524623", "price": "3147.67000000", "time": "2025-07-16T01:20:18.256627Z", "fetched_at": "2025-07-16T01:20:19.939617+00:00", "symbol": "ETH-USD"}, {"trade_id": 667708416, "side": "buy", "size": "0.00100000", "price": "3147.84000000", "time": "2025-07-16T01:20:18.224074Z", "fetched_at": "2025-07-16T01:20:19.939617+00:00", "symbol": "ETH-USD"}, {"trade_id": 667708415, "side": "sell", "size": "0.04162864", "price": "3148.09000000", "time": "2025-07-16T01:20:18.190358Z", "fetched_at": "2025-07-16T01:20:19.939617+00:00", "symbol": "ETH-USD"}, {"trade_id": 667708414, "side": "sell", "size": "0.10000000", "price": "3148.09000000", "time": "2025-07-16T01:20:18.190358Z", "fetched_at": "2025-07-16T01:20:19.939617+00:00", "symbol": "ETH-USD"}, {"trade_id": 667708413, "side": "sell", "size": "0.16683000", "price": "3148.09000000", "time": "2025-07-16T01:20:18.190358Z", "fetched_at": "2025-07-16T01:20:19.939617+00:00", "symbol": "ETH-USD"}, {"trade_id": 667708412, "side": "buy", "size": "0.12244923", "price": "3148.08000000", "time": "2025-07-16T01:20:18.187823Z", "fetched_at": "2025-07-16T01:20:19.939617+00:00", "symbol": "ETH-USD"}, {"trade_id": 667708411, "side": "buy", "size": "0.00289610", "price": "3148.08000000", "time": "2025-07-16T01:20:18.187823Z", "fetched_at": "2025-07-16T01:20:19.939617+00:00", "symbol": "ETH-USD"}, {"trade_id": 667708410, "side": "buy", "size": "0.00474574", "price": "3148.08000000", "time": "2025-07-16T01:20:18.187823Z", "fetched_at": "2025-07-16T01:20:19.939617+00:00", "symbol": "ETH-USD"}, {"trade_id": 667708409, "side": "buy", "size": "0.00100000", "price": "3148.08000000", "time": "2025-07-16T01:20:18.187823Z", "fetched_at": "2025-07-16T01:20:19.939617+00:00", "symbol": "ETH-USD"}, {"trade_id": 667708408, "side": "buy", "size": "0.00317637", "price": "3148.25000000", "time": "2025-07-16T01:20:17.282359Z", "fetched_at": "2025-07-16T01:20:19.939617+00:00", "symbol": "ETH-USD"}, {"trade_id": 667708407, "side": "buy", "size": "0.00317630", "price": "3148.32000000", "time": "2025-07-16T01:20:16.928274Z", "fetched_at": "2025-07-16T01:20:19.939617+00:00", "symbol": "ETH-USD"}, {"trade_id": 667708406, "side": "buy", "size": "0.00100000", "price": "3148.32000000", "time": "2025-07-16T01:20:16.916645Z", "fetched_at": "2025-07-16T01:20:19.939617+00:00", "symbol": "ETH-USD"}, {"trade_id": 667708405, "side": "buy", "size": "0.00317617", "price": "3148.45000000", "time": "2025-07-16T01:20:16.899610Z", "fetched_at": "2025-07-16T01:20:19.939617+00:00", "symbol": "ETH-USD"}, {"trade_id": 667708404, "side": "buy", "size": "0.06418713", "price": "3148.45000000", "time": "2025-07-16T01:20:16.899610Z", "fetched_at": "2025-07-16T01:20:19.939617+00:00", "symbol": "ETH-USD"}, {"trade_id": 667708403, "side": "buy", "size": "0.00317598", "price": "3148.64000000", "time": "2025-07-16T01:20:16.866225Z", "fetched_at": "2025-07-16T01:20:19.939617+00:00", "symbol": "ETH-USD"}, {"trade_id": 667708402, "side": "sell", "size": "0.02364330", "price": "3148.46000000", "time": "2025-07-16T01:20:15.540638Z", "fetched_at": "2025-07-16T01:20:19.939617+00:00", "symbol": "ETH-USD"}, {"trade_id": 667708401, "side": "sell", "size": "0.00246226", "price": "3148.46000000", "time": "2025-07-16T01:20:15.377432Z", "fetched_at": "2025-07-16T01:20:19.939617+00:00", "symbol": "ETH-USD"}, {"trade_id": 667708400, "side": "buy", "size": "0.99991327", "price": "3148.45000000", "time": "2025-07-16T01:20:15.259814Z", "fetched_at": "2025-07-16T01:20:19.939617+00:00", "symbol": "ETH-USD"}, {"trade_id": 667708399, "side": "buy", "size": "0.02918063", "price": "3148.50000000", "time": "2025-07-16T01:20:15.244937Z", "fetched_at": "2025-07-16T01:20:19.939617+00:00", "symbol": "ETH-USD"}, {"trade_id": 667708398, "side": "buy", "size": "0.00317612", "price": "3148.50000000", "time": "2025-07-16T01:20:15.244937Z", "fetched_at": "2025-07-16T01:20:19.939617+00:00", "symbol": "ETH-USD"}, {"trade_id": 667708397, "side": "sell", "size": "0.00157199", "price": "3148.51000000", "time": "2025-07-16T01:20:15.229054Z", "fetched_at": "2025-07-16T01:20:19.939617+00:00", "symbol": "ETH-USD"}, {"trade_id": 667708396, "side": "buy", "size": "0.30000000", "price": "3148.50000000", "time": "2025-07-16T01:20:14.805543Z", "fetched_at": "2025-07-16T01:20:19.939617+00:00", "symbol": "ETH-USD"}, {"trade_id": 667708395, "side": "buy", "size": "0.00100000", "price": "3148.56000000", "time": "2025-07-16T01:20:14.805543Z", "fetched_at": "2025-07-16T01:20:19.939617+00:00", "symbol": "ETH-USD"}, {"trade_id": 667708394, "side": "buy", "size": "0.30000000", "price": "3148.60000000", "time": "2025-07-16T01:20:14.805543Z", "fetched_at": "2025-07-16T01:20:19.939617+00:00", "symbol": "ETH-USD"}, {"trade_id": 667708393, "side": "buy", "size": "0.05099077", "price": "3148.60000000", "time": "2025-07-16T01:20:14.805543Z", "fetched_at": "2025-07-16T01:20:19.939617+00:00", "symbol": "ETH-USD"}, {"trade_id": 667708392, "side": "buy", "size": "0.03081648", "price": "3148.60000000", "time": "2025-07-16T01:20:14.805543Z", "fetched_at": "2025-07-16T01:20:19.939617+00:00", "symbol": "ETH-USD"}, {"trade_id": 667708391, "side": "buy", "size": "0.11805666", "price": "3148.60000000", "time": "2025-07-16T01:20:14.805543Z", "fetched_at": "2025-07-16T01:20:19.939617+00:00", "symbol": "ETH-USD"}, {"trade_id": 667708390, "side": "buy", "size": "1.33788736", "price": "3148.63000000", "time": "2025-07-16T01:20:14.798370Z", "fetched_at": "2025-07-16T01:20:19.939617+00:00", "symbol": "ETH-USD"}, {"trade_id": 667708389, "side": "buy", "size": "0.06213178", "price": "3148.63000000", "time": "2025-07-16T01:20:14.798370Z", "fetched_at": "2025-07-16T01:20:19.939617+00:00", "symbol": "ETH-USD"}, {"trade_id": 667708388, "side": "buy", "size": "1.81553470", "price": "3148.71000000", "time": "2025-07-16T01:20:14.793438Z", "fetched_at": "2025-07-16T01:20:19.939617+00:00", "symbol": "ETH-USD"}, {"trade_id": 667708387, "side": "buy", "size": "1.08932082", "price": "3148.72000000", "time": "2025-07-16T01:20:14.793438Z", "fetched_at": "2025-07-16T01:20:19.939617+00:00", "symbol": "ETH-USD"}, {"trade_id": 667708386, "side": "buy", "size": "0.00047622", "price": "3148.73000000", "time": "2025-07-16T01:20:14.793438Z", "fetched_at": "2025-07-16T01:20:19.939617+00:00", "symbol": "ETH-USD"}, {"trade_id": 667708385, "side": "buy", "size": "0.00100000", "price": "3148.80000000", "time": "2025-07-16T01:20:14.793438Z", "fetched_at": "2025-07-16T01:20:19.939617+00:00", "symbol": "ETH-USD"}, {"trade_id": 667708384, "side": "buy", "size": "0.00317576", "price": "3148.86000000", "time": "2025-07-16T01:20:14.793170Z", "fetched_at": "2025-07-16T01:20:19.939617+00:00", "symbol": "ETH-USD"}, {"trade_id": 667708383, "side": "buy", "size": "0.00000635", "price": "3148.86000000", "time": "2025-07-16T01:20:14.793170Z", "fetched_at": "2025-07-16T01:20:19.939617+00:00", "symbol": "ETH-USD"}, {"trade_id": 667708382, "side": "buy", "size": "0.00317562", "price": "3149.00000000", "time": "2025-07-16T01:20:14.357554Z", "fetched_at": "2025-07-16T01:20:19.939617+00:00", "symbol": "ETH-USD"}, {"trade_id": 667708381, "side": "sell", "size": "0.03615501", "price": "3149.01000000", "time": "2025-07-16T01:20:13.932982Z", "fetched_at": "2025-07-16T01:20:19.939617+00:00", "symbol": "ETH-USD"}, {"trade_id": 667708380, "side": "buy", "size": "0.00317532", "price": "3149.29000000", "time": "2025-07-16T01:20:13.693021Z", "fetched_at": "2025-07-16T01:20:19.939617+00:00", "symbol": "ETH-USD"}, {"trade_id": 667708379, "side": "buy", "size": "0.10937851", "price": "3149.29000000", "time": "2025-07-16T01:20:13.693021Z", "fetched_at": "2025-07-16T01:20:19.939617+00:00", "symbol": "ETH-USD"}, {"trade_id": 667708378, "side": "buy", "size": "0.06516819", "price": "3149.29000000", "time": "2025-07-16T01:20:13.693021Z", "fetched_at": "2025-07-16T01:20:19.939617+00:00", "symbol": "ETH-USD"}, {"trade_id": 667708377, "side": "buy", "size": "0.07200194", "price": "3149.29000000", "time": "2025-07-16T01:20:13.693021Z", "fetched_at": "2025-07-16T01:20:19.939617+00:00", "symbol": "ETH-USD"}, {"trade_id": 667708376, "side": "buy", "size": "0.00033822", "price": "3149.29000000", "time": "2025-07-16T01:20:13.693021Z", "fetched_at": "2025-07-16T01:20:19.939617+00:00", "symbol": "ETH-USD"}, {"trade_id": 667708375, "side": "buy", "size": "0.02250256", "price": "3149.29000000", "time": "2025-07-16T01:20:13.693021Z", "fetched_at": "2025-07-16T01:20:19.939617+00:00", "symbol": "ETH-USD"}, {"trade_id": 667708374, "side": "buy", "size": "0.12992860", "price": "3149.29000000", "time": "2025-07-16T01:20:13.610539Z", "fetched_at": "2025-07-16T01:20:19.939617+00:00", "symbol": "ETH-USD"}, {"trade_id": 667708373, "side": "buy", "size": "0.04639124", "price": "3149.29000000", "time": "2025-07-16T01:20:13.610539Z", "fetched_at": "2025-07-16T01:20:19.939617+00:00", "symbol": "ETH-USD"}, {"trade_id": 667708372, "side": "buy", "size": "0.00317531", "price": "3149.30000000", "time": "2025-07-16T01:20:13.610539Z", "fetched_at": "2025-07-16T01:20:19.939617+00:00", "symbol": "ETH-USD"}, {"trade_id": 667708371, "side": "buy", "size": "0.02050485", "price": "3149.30000000", "time": "2025-07-16T01:20:13.610539Z", "fetched_at": "2025-07-16T01:20:19.939617+00:00", "symbol": "ETH-USD"}, {"trade_id": 667708370, "side": "sell", "size": "0.00404826", "price": "3149.57000000", "time": "2025-07-16T01:20:13.098159Z", "fetched_at": "2025-07-16T01:20:19.939617+00:00", "symbol": "ETH-USD"}, {"trade_id": 667708369, "side": "sell", "size": "0.01604769", "price": "3149.60000000", "time": "2025-07-16T01:20:12.837686Z", "fetched_at": "2025-07-16T01:20:19.939617+00:00", "symbol": "ETH-USD"}, {"trade_id": 667708368, "side": "sell", "size": "0.00031909", "price": "3149.59000000", "time": "2025-07-16T01:20:12.837686Z", "fetched_at": "2025-07-16T01:20:19.939617+00:00", "symbol": "ETH-USD"}, {"trade_id": 667708367, "side": "buy", "size": "0.12851261", "price": "3149.30000000", "time": "2025-07-16T01:20:12.265625Z", "fetched_at": "2025-07-16T01:20:19.939617+00:00", "symbol": "ETH-USD"}, {"trade_id": 667708366, "side": "buy", "size": "0.35683603", "price": "3149.31000000", "time": "2025-07-16T01:20:12.265625Z", "fetched_at": "2025-07-16T01:20:19.939617+00:00", "symbol": "ETH-USD"}, {"trade_id": 667708365, "side": "buy", "size": "0.04858207", "price": "3149.31000000", "time": "2025-07-16T01:20:12.265625Z", "fetched_at": "2025-07-16T01:20:19.939617+00:00", "symbol": "ETH-USD"}, {"trade_id": 667708364, "side": "buy", "size": "0.00317529", "price": "3149.32000000", "time": "2025-07-16T01:20:12.265625Z", "fetched_at": "2025-07-16T01:20:19.939617+00:00", "symbol": "ETH-USD"}, {"trade_id": 667708363, "side": "sell", "size": "0.00150760", "price": "3149.57000000", "time": "2025-07-16T01:20:12.247630Z", "fetched_at": "2025-07-16T01:20:19.939617+00:00", "symbol": "ETH-USD"}, {"trade_id": 667708362, "side": "sell", "size": "0.00000318", "price": "3149.59000000", "time": "2025-07-16T01:20:12.212133Z", "fetched_at": "2025-07-16T01:20:19.939617+00:00", "symbol": "ETH-USD"}, {"trade_id": 667708361, "side": "sell", "size": "0.03748757", "price": "3149.58000000", "time": "2025-07-16T01:20:12.002728Z", "fetched_at": "2025-07-16T01:20:19.939617+00:00", "symbol": "ETH-USD"}, {"trade_id": 667708360, "side": "buy", "size": "0.57038318", "price": "3149.54000000", "time": "2025-07-16T01:20:11.203147Z", "fetched_at": "2025-07-16T01:20:19.939617+00:00", "symbol": "ETH-USD"}, {"trade_id": 667708359, "side": "buy", "size": "0.34222991", "price": "3149.58000000", "time": "2025-07-16T01:20:11.199519Z", "fetched_at": "2025-07-16T01:20:19.939617+00:00", "symbol": "ETH-USD"}, {"trade_id": 667708358, "side": "buy", "size": "0.00317502", "price": "3149.59000000", "time": "2025-07-16T01:20:11.199519Z", "fetched_at": "2025-07-16T01:20:19.939617+00:00", "symbol": "ETH-USD"}, {"trade_id": 667708357, "side": "sell", "size": "0.00771786", "price": "3149.83000000", "time": "2025-07-16T01:20:10.728722Z", "fetched_at": "2025-07-16T01:20:19.939617+00:00", "symbol": "ETH-USD"}, {"trade_id": 667708356, "side": "sell", "size": "0.03197748", "price": "3149.84000000", "time": "2025-07-16T01:20:10.688138Z", "fetched_at": "2025-07-16T01:20:19.939617+00:00", "symbol": "ETH-USD"}, {"trade_id": 667708355, "side": "sell", "size": "0.00284598", "price": "3149.83000000", "time": "2025-07-16T01:20:10.688138Z", "fetched_at": "2025-07-16T01:20:19.939617+00:00", "symbol": "ETH-USD"}, {"trade_id": 667708354, "side": "sell", "size": "0.00100000", "price": "3149.76000000", "time": "2025-07-16T01:20:10.688138Z", "fetched_at": "2025-07-16T01:20:19.939617+00:00", "symbol": "ETH-USD"}, {"trade_id": 667708353, "side": "sell", "size": "0.00919874", "price": "3149.62000000", "time": "2025-07-16T01:20:10.688138Z", "fetched_at": "2025-07-16T01:20:19.939617+00:00", "symbol": "ETH-USD"}, {"trade_id": 667708352, "side": "sell", "size": "0.00010335", "price": "3149.52000000", "time": "2025-07-16T01:20:10.688138Z", "fetched_at": "2025-07-16T01:20:19.939617+00:00", "symbol": "ETH-USD"}, {"trade_id": 667708351, "side": "sell", "size": "0.00100000", "price": "3149.52000000", "time": "2025-07-16T01:20:10.688138Z", "fetched_at": "2025-07-16T01:20:19.939617+00:00", "symbol": "ETH-USD"}, {"trade_id": 667708350, "side": "sell", "size": "0.00024001", "price": "3149.13000000", "time": "2025-07-16T01:20:10.551654Z", "fetched_at": "2025-07-16T01:20:19.939617+00:00", "symbol": "ETH-USD"}, {"trade_id": 667708349, "side": "sell", "size": "0.00005589", "price": "3149.13000000", "time": "2025-07-16T01:20:10.551654Z", "fetched_at": "2025-07-16T01:20:19.939617+00:00", "symbol": "ETH-USD"}, {"trade_id": 667708348, "side": "sell", "size": "0.00000033", "price": "3148.87000000", "time": "2025-07-16T01:20:10.551654Z", "fetched_at": "2025-07-16T01:20:19.939617+00:00", "symbol": "ETH-USD"}, {"trade_id": 667708347, "side": "sell", "size": "0.01461000", "price": "3148.87000000", "time": "2025-07-16T01:20:10.431753Z", "fetched_at": "2025-07-16T01:20:19.939617+00:00", "symbol": "ETH-USD"}, {"trade_id": 667708346, "side": "buy", "size": "0.00030000", "price": "3148.86000000", "time": "2025-07-16T01:20:09.769522Z", "fetched_at": "2025-07-16T01:20:19.939617+00:00", "symbol": "ETH-USD"}, {"trade_id": 667708345, "side": "sell", "size": "0.03411405", "price": "3148.87000000", "time": "2025-07-16T01:20:09.625434Z", "fetched_at": "2025-07-16T01:20:19.939617+00:00", "symbol": "ETH-USD"}, {"trade_id": 667708344, "side": "sell", "size": "0.00010334", "price": "3148.86000000", "time": "2025-07-16T01:20:09.625434Z", "fetched_at": "2025-07-16T01:20:19.939617+00:00", "symbol": "ETH-USD"}, {"trade_id": 667708343, "side": "sell", "size": "0.00317590", "price": "3148.70000000", "time": "2025-07-16T01:20:09.625434Z", "fetched_at": "2025-07-16T01:20:19.939617+00:00", "symbol": "ETH-USD"}, {"trade_id": 667708342, "side": "sell", "size": "0.79617054", "price": "3148.84000000", "time": "2025-07-16T01:20:09.011622Z", "fetched_at": "2025-07-16T01:20:19.939617+00:00", "symbol": "ETH-USD"}, {"trade_id": 667708341, "side": "sell", "size": "0.20000000", "price": "3148.83000000", "time": "2025-07-16T01:20:09.011622Z", "fetched_at": "2025-07-16T01:20:19.939617+00:00", "symbol": "ETH-USD"}, {"trade_id": 667708340, "side": "sell", "size": "0.00317590", "price": "3148.82000000", "time": "2025-07-16T01:20:09.011622Z", "fetched_at": "2025-07-16T01:20:19.939617+00:00", "symbol": "ETH-USD"}, {"trade_id": 667708339, "side": "buy", "size": "0.00067576", "price": "3148.62000000", "time": "2025-07-16T01:20:08.516450Z", "fetched_at": "2025-07-16T01:20:19.939617+00:00", "symbol": "ETH-USD"}, {"trade_id": 667708338, "side": "buy", "size": "0.00317594", "price": "3148.68000000", "time": "2025-07-16T01:20:08.516450Z", "fetched_at": "2025-07-16T01:20:19.939617+00:00", "symbol": "ETH-USD"}, {"trade_id": 667708337, "side": "buy", "size": "0.29388282", "price": "3148.84000000", "time": "2025-07-16T01:20:08.331350Z", "fetched_at": "2025-07-16T01:20:19.939617+00:00", "symbol": "ETH-USD"}, {"trade_id": 667708336, "side": "buy", "size": "0.02430728", "price": "3148.85000000", "time": "2025-07-16T01:20:08.331350Z", "fetched_at": "2025-07-16T01:20:19.939617+00:00", "symbol": "ETH-USD"}, {"trade_id": 667708335, "side": "buy", "size": "0.00317577", "price": "3148.85000000", "time": "2025-07-16T01:20:08.331350Z", "fetched_at": "2025-07-16T01:20:19.939617+00:00", "symbol": "ETH-USD"}, {"trade_id": 667708334, "side": "buy", "size": "0.04402370", "price": "3148.85000000", "time": "2025-07-16T01:20:08.331350Z", "fetched_at": "2025-07-16T01:20:19.939617+00:00", "symbol": "ETH-USD"}, {"trade_id": 667708333, "side": "buy", "size": "0.00093052", "price": "3148.85000000", "time": "2025-07-16T01:20:07.409924Z", "fetched_at": "2025-07-16T01:20:19.939617+00:00", "symbol": "ETH-USD"}, {"trade_id": 667708332, "side": "buy", "size": "0.06354007", "price": "3148.84000000", "time": "2025-07-16T01:20:05.836298Z", "fetched_at": "2025-07-16T01:20:19.939617+00:00", "symbol": "ETH-USD"}, {"trade_id": 667708331, "side": "sell", "size": "0.00113650", "price": "3148.85000000", "time": "2025-07-16T01:20:05.777739Z", "fetched_at": "2025-07-16T01:20:19.939617+00:00", "symbol": "ETH-USD"}, {"trade_id": 667708330, "side": "sell", "size": "0.00035851", "price": "3148.85000000", "time": "2025-07-16T01:20:05.777739Z", "fetched_at": "2025-07-16T01:20:19.939617+00:00", "symbol": "ETH-USD"}, {"trade_id": 667708329, "side": "buy", "size": "0.11812150", "price": "3148.35000000", "time": "2025-07-16T01:20:05.417634Z", "fetched_at": "2025-07-16T01:20:19.939617+00:00", "symbol": "ETH-USD"}, {"trade_id": 667708328, "side": "buy", "size": "0.00317626", "price": "3148.36000000", "time": "2025-07-16T01:20:05.417634Z", "fetched_at": "2025-07-16T01:20:19.939617+00:00", "symbol": "ETH-USD"}, {"trade_id": 667708327, "side": "buy", "size": "0.02803598", "price": "3148.81000000", "time": "2025-07-16T01:20:05.417634Z", "fetched_at": "2025-07-16T01:20:19.939617+00:00", "symbol": "ETH-USD"}, {"trade_id": 667708326, "side": "buy", "size": "0.02724804", "price": "3148.85000000", "time": "2025-07-16T01:20:05.417634Z", "fetched_at": "2025-07-16T01:20:19.939617+00:00", "symbol": "ETH-USD"}, {"trade_id": 667708325, "side": "buy", "size": "0.01116683", "price": "3148.85000000", "time": "2025-07-16T01:20:04.936396Z", "fetched_at": "2025-07-16T01:20:19.939617+00:00", "symbol": "ETH-USD"}, {"trade_id": 667708324, "side": "buy", "size": "0.01623000", "price": "3148.54000000", "time": "2025-07-16T01:20:03.672109Z", "fetched_at": "2025-07-16T01:20:19.939617+00:00", "symbol": "ETH-USD"}, {"trade_id": 667708323, "side": "buy", "size": "0.07427367", "price": "3148.11000000", "time": "2025-07-16T01:20:03.666846Z", "fetched_at": "2025-07-16T01:20:19.939617+00:00", "symbol": "ETH-USD"}, {"trade_id": 667708322, "side": "buy", "size": "0.10000000", "price": "3148.12000000", "time": "2025-07-16T01:20:03.666846Z", "fetched_at": "2025-07-16T01:20:19.939617+00:00", "symbol": "ETH-USD"}, {"trade_id": 667708321, "side": "buy", "size": "0.00317649", "price": "3148.13000000", "time": "2025-07-16T01:20:03.666846Z", "fetched_at": "2025-07-16T01:20:19.939617+00:00", "symbol": "ETH-USD"}, {"trade_id": 667708320, "side": "buy", "size": "0.15500000", "price": "3148.53000000", "time": "2025-07-16T01:20:03.666846Z", "fetched_at": "2025-07-16T01:20:19.939617+00:00", "symbol": "ETH-USD"}, {"trade_id": 667708319, "side": "buy", "size": "0.18416132", "price": "3148.13000000", "time": "2025-07-16T01:20:02.904565Z", "fetched_at": "2025-07-16T01:20:19.939617+00:00", "symbol": "ETH-USD"}, {"trade_id": 667708318, "side": "buy", "size": "0.00317637", "price": "3148.24000000", "time": "2025-07-16T01:20:02.904565Z", "fetched_at": "2025-07-16T01:20:19.939617+00:00", "symbol": "ETH-USD"}, {"trade_id": 667708317, "side": "buy", "size": "0.94232488", "price": "3148.24000000", "time": "2025-07-16T01:20:02.850488Z", "fetched_at": "2025-07-16T01:20:19.939617+00:00", "symbol": "ETH-USD"}, {"trade_id": 667708316, "side": "buy", "size": "0.00317637", "price": "3148.25000000", "time": "2025-07-16T01:20:02.850488Z", "fetched_at": "2025-07-16T01:20:19.939617+00:00", "symbol": "ETH-USD"}, {"trade_id": 667708315, "side": "buy", "size": "0.00100000", "price": "3148.32000000", "time": "2025-07-16T01:20:02.850488Z", "fetched_at": "2025-07-16T01:20:19.939617+00:00", "symbol": "ETH-USD"}, {"trade_id": 667708314, "side": "buy", "size": "0.11872806", "price": "3148.66000000", "time": "2025-07-16T01:20:02.848719Z", "fetched_at": "2025-07-16T01:20:19.939617+00:00", "symbol": "ETH-USD"}, {"trade_id": 667708313, "side": "buy", "size": "0.12241041", "price": "3148.67000000", "time": "2025-07-16T01:20:02.848719Z", "fetched_at": "2025-07-16T01:20:19.939617+00:00", "symbol": "ETH-USD"}, {"trade_id": 667708312, "side": "buy", "size": "0.57894540", "price": "3148.67000000", "time": "2025-07-16T01:20:02.848719Z", "fetched_at": "2025-07-16T01:20:19.939617+00:00", "symbol": "ETH-USD"}, {"trade_id": 667708311, "side": "buy", "size": "0.60000000", "price": "3148.81000000", "time": "2025-07-16T01:20:02.784694Z", "fetched_at": "2025-07-16T01:20:19.939617+00:00", "symbol": "ETH-USD"}, {"trade_id": 667708310, "side": "buy", "size": "0.10000000", "price": "3148.82000000", "time": "2025-07-16T01:20:02.784694Z", "fetched_at": "2025-07-16T01:20:19.939617+00:00", "symbol": "ETH-USD"}, {"trade_id": 667708309, "side": "buy", "size": "0.36000000", "price": "3148.85000000", "time": "2025-07-16T01:20:02.784683Z", "fetched_at": "2025-07-16T01:20:19.939617+00:00", "symbol": "ETH-USD"}, {"trade_id": 667708308, "side": "buy", "size": "0.16052492", "price": "3148.86000000", "time": "2025-07-16T01:20:02.784683Z", "fetched_at": "2025-07-16T01:20:19.939617+00:00", "symbol": "ETH-USD"}, {"trade_id": 667708307, "side": "buy", "size": "0.10000000", "price": "3149.34000000", "time": "2025-07-16T01:20:02.467706Z", "fetched_at": "2025-07-16T01:20:19.939617+00:00", "symbol": "ETH-USD"}, {"trade_id": 667708306, "side": "sell", "size": "0.08499047", "price": "3150.39000000", "time": "2025-07-16T01:20:02.353375Z", "fetched_at": "2025-07-16T01:20:19.939617+00:00", "symbol": "ETH-USD"}, {"trade_id": 667708305, "side": "sell", "size": "0.25417500", "price": "3150.36000000", "time": "2025-07-16T01:20:02.353375Z", "fetched_at": "2025-07-16T01:20:19.939617+00:00", "symbol": "ETH-USD"}, {"trade_id": 667708304, "side": "sell", "size": "3.80000339", "price": "3150.24000000", "time": "2025-07-16T01:20:02.353375Z", "fetched_at": "2025-07-16T01:20:19.939617+00:00", "symbol": "ETH-USD"}, {"trade_id": 667708303, "side": "sell", "size": "0.00100000", "price": "3150.24000000", "time": "2025-07-16T01:20:02.353375Z", "fetched_at": "2025-07-16T01:20:19.939617+00:00", "symbol": "ETH-USD"}, {"trade_id": 667708302, "side": "sell", "size": "0.22085399", "price": "3150.21000000", "time": "2025-07-16T01:20:02.353375Z", "fetched_at": "2025-07-16T01:20:19.939617+00:00", "symbol": "ETH-USD"}, {"trade_id": 667708301, "side": "sell", "size": "0.19993333", "price": "3150.20000000", "time": "2025-07-16T01:20:02.353375Z", "fetched_at": "2025-07-16T01:20:19.939617+00:00", "symbol": "ETH-USD"}, {"trade_id": 667708300, "side": "sell", "size": "0.19996074", "price": "3150.04000000", "time": "2025-07-16T01:20:02.353375Z", "fetched_at": "2025-07-16T01:20:19.939617+00:00", "symbol": "ETH-USD"}, {"trade_id": 667708299, "side": "sell", "size": "0.00100000", "price": "3150.00000000", "time": "2025-07-16T01:20:02.353375Z", "fetched_at": "2025-07-16T01:20:19.939617+00:00", "symbol": "ETH-USD"}, {"trade_id": 667708298, "side": "sell", "size": "0.37701344", "price": "3150.00000000", "time": "2025-07-16T01:20:02.353375Z", "fetched_at": "2025-07-16T01:20:19.939617+00:00", "symbol": "ETH-USD"}, {"trade_id": 667708297, "side": "sell", "size": "0.80435823", "price": "3150.00000000", "time": "2025-07-16T01:20:02.353375Z", "fetched_at": "2025-07-16T01:20:19.939617+00:00", "symbol": "ETH-USD"}, {"trade_id": 667708296, "side": "sell", "size": "0.85189177", "price": "3150.00000000", "time": "2025-07-16T01:20:02.352863Z", "fetched_at": "2025-07-16T01:20:19.939617+00:00", "symbol": "ETH-USD"}, {"trade_id": 667708295, "side": "sell", "size": "1.13066002", "price": "3150.00000000", "time": "2025-07-16T01:20:02.352863Z", "fetched_at": "2025-07-16T01:20:19.939617+00:00", "symbol": "ETH-USD"}, {"trade_id": 667708294, "side": "sell", "size": "0.00100000", "price": "3150.00000000", "time": "2025-07-16T01:20:02.352863Z", "fetched_at": "2025-07-16T01:20:19.939617+00:00", "symbol": "ETH-USD"}, {"trade_id": 667708293, "side": "sell", "size": "0.56218243", "price": "3150.00000000", "time": "2025-07-16T01:20:02.352863Z", "fetched_at": "2025-07-16T01:20:19.939617+00:00", "symbol": "ETH-USD"}, {"trade_id": 667708292, "side": "sell", "size": "0.43781757", "price": "3150.00000000", "time": "2025-07-16T01:20:02.352203Z", "fetched_at": "2025-07-16T01:20:19.939617+00:00", "symbol": "ETH-USD"}, {"trade_id": 667708291, "side": "sell", "size": "1.00000000", "price": "3150.00000000", "time": "2025-07-16T01:20:02.352203Z", "fetched_at": "2025-07-16T01:20:19.939617+00:00", "symbol": "ETH-USD"}, {"trade_id": 667708290, "side": "sell", "size": "0.00073333", "price": "3150.00000000", "time": "2025-07-16T01:20:02.352203Z", "fetched_at": "2025-07-16T01:20:19.939617+00:00", "symbol": "ETH-USD"}, {"trade_id": 667708289, "side": "sell", "size": "0.26541874", "price": "3150.00000000", "time": "2025-07-16T01:20:02.352203Z", "fetched_at": "2025-07-16T01:20:19.939617+00:00", "symbol": "ETH-USD"}, {"trade_id": 667708288, "side": "sell", "size": "0.19993701", "price": "3149.96000000", "time": "2025-07-16T01:20:02.352203Z", "fetched_at": "2025-07-16T01:20:19.939617+00:00", "symbol": "ETH-USD"}, {"trade_id": 667708287, "side": "sell", "size": "0.94500000", "price": "3149.85000000", "time": "2025-07-16T01:20:02.352203Z", "fetched_at": "2025-07-16T01:20:19.939617+00:00", "symbol": "ETH-USD"}, {"trade_id": 667708286, "side": "sell", "size": "0.23541595", "price": "3149.80000000", "time": "2025-07-16T01:20:02.352203Z", "fetched_at": "2025-07-16T01:20:19.939617+00:00", "symbol": "ETH-USD"}, {"trade_id": 667708285, "side": "sell", "size": "0.00100000", "price": "3149.76000000", "time": "2025-07-16T01:20:02.352203Z", "fetched_at": "2025-07-16T01:20:19.939617+00:00", "symbol": "ETH-USD"}, {"trade_id": 667708284, "side": "sell", "size": "0.00100000", "price": "3149.52000000", "time": "2025-07-16T01:20:02.352203Z", "fetched_at": "2025-07-16T01:20:19.939617+00:00", "symbol": "ETH-USD"}, {"trade_id": 667708283, "side": "sell", "size": "0.63533294", "price": "3149.45000000", "time": "2025-07-16T01:20:02.352203Z", "fetched_at": "2025-07-16T01:20:19.939617+00:00", "symbol": "ETH-USD"}, {"trade_id": 667708282, "side": "sell", "size": "0.00047721", "price": "3149.45000000", "time": "2025-07-16T01:20:02.352203Z", "fetched_at": "2025-07-16T01:20:19.939617+00:00", "symbol": "ETH-USD"}, {"trade_id": 667708281, "side": "sell", "size": "0.00318312", "price": "3149.42000000", "time": "2025-07-16T01:20:02.352203Z", "fetched_at": "2025-07-16T01:20:19.939617+00:00", "symbol": "ETH-USD"}, {"trade_id": 667708280, "side": "sell", "size": "0.00318312", "price": "3149.42000000", "time": "2025-07-16T01:20:02.352203Z", "fetched_at": "2025-07-16T01:20:19.939617+00:00", "symbol": "ETH-USD"}, {"trade_id": 667708279, "side": "sell", "size": "0.09471623", "price": "3149.38000000", "time": "2025-07-16T01:20:02.344963Z", "fetched_at": "2025-07-16T01:20:19.939617+00:00", "symbol": "ETH-USD"}, {"trade_id": 667708278, "side": "sell", "size": "0.55822105", "price": "3149.29000000", "time": "2025-07-16T01:20:02.344963Z", "fetched_at": "2025-07-16T01:20:19.939617+00:00", "symbol": "ETH-USD"}, {"trade_id": 667708277, "side": "sell", "size": "0.00100000", "price": "3149.28000000", "time": "2025-07-16T01:20:02.344963Z", "fetched_at": "2025-07-16T01:20:19.939617+00:00", "symbol": "ETH-USD"}, {"trade_id": 667708276, "side": "sell", "size": "0.00271847", "price": "3149.21000000", "time": "2025-07-16T01:20:02.344963Z", "fetched_at": "2025-07-16T01:20:19.939617+00:00", "symbol": "ETH-USD"}, {"trade_id": 667708275, "side": "sell", "size": "0.79385566", "price": "3149.19000000", "time": "2025-07-16T01:20:02.344963Z", "fetched_at": "2025-07-16T01:20:19.939617+00:00", "symbol": "ETH-USD"}, {"trade_id": 667708274, "side": "buy", "size": "0.00028419", "price": "3149.12000000", "time": "2025-07-16T01:20:02.336377Z", "fetched_at": "2025-07-16T01:20:19.939617+00:00", "symbol": "ETH-USD"}, {"trade_id": 667708273, "side": "buy", "size": "0.15500000", "price": "3149.14000000", "time": "2025-07-16T01:20:02.336377Z", "fetched_at": "2025-07-16T01:20:19.939617+00:00", "symbol": "ETH-USD"}, {"trade_id": 667708272, "side": "buy", "size": "0.07721581", "price": "3149.18000000", "time": "2025-07-16T01:20:02.336377Z", "fetched_at": "2025-07-16T01:20:19.939617+00:00", "symbol": "ETH-USD"}, {"trade_id": 667708271, "side": "buy", "size": "0.01623000", "price": "3149.17000000", "time": "2025-07-16T01:20:02.332823Z", "fetched_at": "2025-07-16T01:20:19.939617+00:00", "symbol": "ETH-USD"}, {"trade_id": 667708270, "side": "sell", "size": "0.94500000", "price": "3149.11000000", "time": "2025-07-16T01:20:02.325650Z", "fetched_at": "2025-07-16T01:20:19.939617+00:00", "symbol": "ETH-USD"}, {"trade_id": 667708269, "side": "sell", "size": "0.49133298", "price": "3149.10000000", "time": "2025-07-16T01:20:02.325650Z", "fetched_at": "2025-07-16T01:20:19.939617+00:00", "symbol": "ETH-USD"}, {"trade_id": 667708268, "side": "sell", "size": "0.15193845", "price": "3149.08000000", "time": "2025-07-16T01:20:02.325650Z", "fetched_at": "2025-07-16T01:20:19.939617+00:00", "symbol": "ETH-USD"}, {"trade_id": 667708267, "side": "sell", "size": "0.19986904", "price": "3149.07000000", "time": "2025-07-16T01:20:02.325650Z", "fetched_at": "2025-07-16T01:20:19.939617+00:00", "symbol": "ETH-USD"}, {"trade_id": 667708266, "side": "sell", "size": "0.00100000", "price": "3149.04000000", "time": "2025-07-16T01:20:02.325650Z", "fetched_at": "2025-07-16T01:20:19.939617+00:00", "symbol": "ETH-USD"}, {"trade_id": 667708265, "side": "sell", "size": "9.76400000", "price": "3149.00000000", "time": "2025-07-16T01:20:02.325650Z", "fetched_at": "2025-07-16T01:20:19.939617+00:00", "symbol": "ETH-USD"}, {"trade_id": 667708264, "side": "sell", "size": "0.39776573", "price": "3148.97000000", "time": "2025-07-16T01:20:02.325650Z", "fetched_at": "2025-07-16T01:20:19.939617+00:00", "symbol": "ETH-USD"}, {"trade_id": 667708263, "side": "sell", "size": "0.84815758", "price": "3148.97000000", "time": "2025-07-16T01:20:02.325240Z", "fetched_at": "2025-07-16T01:20:19.939617+00:00", "symbol": "ETH-USD"}, {"trade_id": 667708262, "side": "sell", "size": "0.10858117", "price": "3148.95000000", "time": "2025-07-16T01:20:02.325240Z", "fetched_at": "2025-07-16T01:20:19.939617+00:00", "symbol": "ETH-USD"}, {"trade_id": 667708261, "side": "sell", "size": "0.38846127", "price": "3148.95000000", "time": "2025-07-16T01:20:02.325128Z", "fetched_at": "2025-07-16T01:20:19.939617+00:00", "symbol": "ETH-USD"}, {"trade_id": 667708260, "side": "sell", "size": "0.10794586", "price": "3148.94000000", "time": "2025-07-16T01:20:02.325128Z", "fetched_at": "2025-07-16T01:20:19.939617+00:00", "symbol": "ETH-USD"}, {"trade_id": 667708259, "side": "sell", "size": "0.34967770", "price": "3148.94000000", "time": "2025-07-16T01:20:02.325073Z", "fetched_at": "2025-07-16T01:20:19.939617+00:00", "symbol": "ETH-USD"}, {"trade_id": 667708258, "side": "sell", "size": "0.36373120", "price": "3148.93000000", "time": "2025-07-16T01:20:02.325073Z", "fetched_at": "2025-07-16T01:20:19.939617+00:00", "symbol": "ETH-USD"}, {"trade_id": 667708257, "side": "sell", "size": "0.39776573", "price": "3148.92000000", "time": "2025-07-16T01:20:02.325073Z", "fetched_at": "2025-07-16T01:20:19.939617+00:00", "symbol": "ETH-USD"}, {"trade_id": 667708256, "side": "sell", "size": "0.15008803", "price": "3148.92000000", "time": "2025-07-16T01:20:02.324869Z", "fetched_at": "2025-07-16T01:20:19.939617+00:00", "symbol": "ETH-USD"}, {"trade_id": 667708255, "side": "sell", "size": "0.20000000", "price": "3148.80000000", "time": "2025-07-16T01:20:02.324869Z", "fetched_at": "2025-07-16T01:20:19.939617+00:00", "symbol": "ETH-USD"}, {"trade_id": 667708254, "side": "sell", "size": "0.40000000", "price": "3148.80000000", "time": "2025-07-16T01:20:02.324869Z", "fetched_at": "2025-07-16T01:20:19.939617+00:00", "symbol": "ETH-USD"}, {"trade_id": 667708253, "side": "sell", "size": "0.00100000", "price": "3148.80000000", "time": "2025-07-16T01:20:02.324869Z", "fetched_at": "2025-07-16T01:20:19.939617+00:00", "symbol": "ETH-USD"}, {"trade_id": 667708252, "side": "sell", "size": "1.08557100", "price": "3148.79000000", "time": "2025-07-16T01:20:02.324869Z", "fetched_at": "2025-07-16T01:20:19.939617+00:00", "symbol": "ETH-USD"}, {"trade_id": 667708251, "side": "sell", "size": "0.14568371", "price": "3148.79000000", "time": "2025-07-16T01:20:02.324869Z", "fetched_at": "2025-07-16T01:20:19.939617+00:00", "symbol": "ETH-USD"}, {"trade_id": 667708250, "side": "sell", "size": "0.79931629", "price": "3148.79000000", "time": "2025-07-16T01:20:02.324245Z", "fetched_at": "2025-07-16T01:20:19.939617+00:00", "symbol": "ETH-USD"}, {"trade_id": 667708249, "side": "sell", "size": "0.02540661", "price": "3148.75000000", "time": "2025-07-16T01:20:02.324245Z", "fetched_at": "2025-07-16T01:20:19.939617+00:00", "symbol": "ETH-USD"}, {"trade_id": 667708248, "side": "sell", "size": "0.01270349", "price": "3148.74000000", "time": "2025-07-16T01:20:02.324245Z", "fetched_at": "2025-07-16T01:20:19.939617+00:00", "symbol": "ETH-USD"}, {"trade_id": 667708247, "side": "sell", "size": "1.38888689", "price": "3148.67000000", "time": "2025-07-16T01:20:02.324245Z", "fetched_at": "2025-07-16T01:20:19.939617+00:00", "symbol": "ETH-USD"}, {"trade_id": 667708246, "side": "sell", "size": "0.11111311", "price": "3148.67000000", "time": "2025-07-16T01:20:02.323784Z", "fetched_at": "2025-07-16T01:20:19.939617+00:00", "symbol": "ETH-USD"}, {"trade_id": 667708245, "side": "sell", "size": "0.64607544", "price": "3148.65000000", "time": "2025-07-16T01:20:02.323784Z", "fetched_at": "2025-07-16T01:20:19.939617+00:00", "symbol": "ETH-USD"}, {"trade_id": 667708244, "side": "sell", "size": "0.09762927", "price": "3148.62000000", "time": "2025-07-16T01:20:02.323784Z", "fetched_at": "2025-07-16T01:20:19.939617+00:00", "symbol": "ETH-USD"}, {"trade_id": 667708243, "side": "sell", "size": "0.10227383", "price": "3148.62000000", "time": "2025-07-16T01:20:02.323375Z", "fetched_at": "2025-07-16T01:20:19.939617+00:00", "symbol": "ETH-USD"}, {"trade_id": 667708242, "side": "sell", "size": "0.79400933", "price": "3148.58000000", "time": "2025-07-16T01:20:02.323205Z", "fetched_at": "2025-07-16T01:20:19.939617+00:00", "symbol": "ETH-USD"}, {"trade_id": 667708241, "side": "sell", "size": "0.00100000", "price": "3148.56000000", "time": "2025-07-16T01:20:02.323205Z", "fetched_at": "2025-07-16T01:20:19.939617+00:00", "symbol": "ETH-USD"}, {"trade_id": 667708240, "side": "sell", "size": "0.47983430", "price": "3148.55000000", "time": "2025-07-16T01:20:02.323205Z", "fetched_at": "2025-07-16T01:20:19.939617+00:00", "symbol": "ETH-USD"}, {"trade_id": 667708239, "side": "sell", "size": "0.77991115", "price": "3148.55000000", "time": "2025-07-16T01:20:02.323188Z", "fetched_at": "2025-07-16T01:20:19.939617+00:00", "symbol": "ETH-USD"}, {"trade_id": 667708238, "side": "sell", "size": "0.15175332", "price": "3148.51000000", "time": "2025-07-16T01:20:02.323160Z", "fetched_at": "2025-07-16T01:20:19.939617+00:00", "symbol": "ETH-USD"}, {"trade_id": 667708237, "side": "sell", "size": "0.19993811", "price": "3148.51000000", "time": "2025-07-16T01:20:02.323160Z", "fetched_at": "2025-07-16T01:20:19.939617+00:00", "symbol": "ETH-USD"}, {"trade_id": 667708236, "side": "sell", "size": "0.19084389", "price": "3148.51000000", "time": "2025-07-16T01:20:02.323160Z", "fetched_at": "2025-07-16T01:20:19.939617+00:00", "symbol": "ETH-USD"}, {"trade_id": 667708235, "side": "sell", "size": "0.37982545", "price": "3148.48000000", "time": "2025-07-16T01:20:02.323160Z", "fetched_at": "2025-07-16T01:20:19.939617+00:00", "symbol": "ETH-USD"}, {"trade_id": 667708234, "side": "sell", "size": "0.50000000", "price": "3148.47000000", "time": "2025-07-16T01:20:02.323160Z", "fetched_at": "2025-07-16T01:20:19.939617+00:00", "symbol": "ETH-USD"}, {"trade_id": 667708233, "side": "sell", "size": "1.09317550", "price": "3148.47000000", "time": "2025-07-16T01:20:02.323160Z", "fetched_at": "2025-07-16T01:20:19.939617+00:00", "symbol": "ETH-USD"}, {"trade_id": 667708232, "side": "sell", "size": "0.79427486", "price": "3148.47000000", "time": "2025-07-16T01:20:02.323160Z", "fetched_at": "2025-07-16T01:20:19.939617+00:00", "symbol": "ETH-USD"}, {"trade_id": 667708231, "side": "sell", "size": "0.15882141", "price": "3148.35000000", "time": "2025-07-16T01:20:02.322548Z", "fetched_at": "2025-07-16T01:20:19.939617+00:00", "symbol": "ETH-USD"}, {"trade_id": 667708230, "side": "sell", "size": "0.04117759", "price": "3148.35000000", "time": "2025-07-16T01:20:02.322307Z", "fetched_at": "2025-07-16T01:20:19.939617+00:00", "symbol": "ETH-USD"}, {"trade_id": 667708229, "side": "sell", "size": "0.79378413", "price": "3148.34000000", "time": "2025-07-16T01:20:02.322307Z", "fetched_at": "2025-07-16T01:20:19.939617+00:00", "symbol": "ETH-USD"}, {"trade_id": 667708228, "side": "sell", "size": "0.79407486", "price": "3148.32000000", "time": "2025-07-16T01:20:02.322307Z", "fetched_at": "2025-07-16T01:20:19.939617+00:00", "symbol": "ETH-USD"}, {"trade_id": 667708227, "side": "sell", "size": "0.00100000", "price": "3148.32000000", "time": "2025-07-16T01:20:02.322307Z", "fetched_at": "2025-07-16T01:20:19.939617+00:00", "symbol": "ETH-USD"}, {"trade_id": 667708226, "side": "sell", "size": "0.71940488", "price": "3148.30000000", "time": "2025-07-16T01:20:02.322307Z", "fetched_at": "2025-07-16T01:20:19.939617+00:00", "symbol": "ETH-USD"}, {"trade_id": 667708225, "side": "sell", "size": "0.02309986", "price": "3148.30000000", "time": "2025-07-16T01:20:02.322307Z", "fetched_at": "2025-07-16T01:20:19.939617+00:00", "symbol": "ETH-USD"}, {"trade_id": 667708224, "side": "sell", "size": "1.19169155", "price": "3148.29000000", "time": "2025-07-16T01:20:02.322307Z", "fetched_at": "2025-07-16T01:20:19.939617+00:00", "symbol": "ETH-USD"}, {"trade_id": 667708223, "side": "sell", "size": "0.24269000", "price": "3148.27000000", "time": "2025-07-16T01:20:02.322307Z", "fetched_at": "2025-07-16T01:20:19.939617+00:00", "symbol": "ETH-USD"}, {"trade_id": 667708222, "side": "sell", "size": "0.06992777", "price": "3148.25000000", "time": "2025-07-16T01:20:02.322307Z", "fetched_at": "2025-07-16T01:20:19.939617+00:00", "symbol": "ETH-USD"}, {"trade_id": 667708221, "side": "sell", "size": "0.15882141", "price": "3148.19000000", "time": "2025-07-16T01:20:02.322307Z", "fetched_at": "2025-07-16T01:20:19.939617+00:00", "symbol": "ETH-USD"}, {"trade_id": 667708220, "side": "sell", "size": "0.10000000", "price": "3148.19000000", "time": "2025-07-16T01:20:02.322127Z", "fetched_at": "2025-07-16T01:20:19.939617+00:00", "symbol": "ETH-USD"}, {"trade_id": 667708219, "side": "sell", "size": "1.19169000", "price": "3148.15000000", "time": "2025-07-16T01:20:02.322127Z", "fetched_at": "2025-07-16T01:20:19.939617+00:00", "symbol": "ETH-USD"}, {"trade_id": 667708218, "side": "sell", "size": "0.03147383", "price": "3148.07000000", "time": "2025-07-16T01:20:02.091332Z", "fetched_at": "2025-07-16T01:20:19.939617+00:00", "symbol": "ETH-USD"}, {"trade_id": 667708217, "side": "sell", "size": "0.00157286", "price": "3147.84000000", "time": "2025-07-16T01:20:02.049210Z", "fetched_at": "2025-07-16T01:20:19.939617+00:00", "symbol": "ETH-USD"}, {"trade_id": 667708216, "side": "buy", "size": "0.00317655", "price": "3148.07000000", "time": "2025-07-16T01:20:01.524261Z", "fetched_at": "2025-07-16T01:20:19.939617+00:00", "symbol": "ETH-USD"}, {"trade_id": 667708215, "side": "buy", "size": "0.07290816", "price": "3148.07000000", "time": "2025-07-16T01:20:01.524261Z", "fetched_at": "2025-07-16T01:20:19.939617+00:00", "symbol": "ETH-USD"}, {"trade_id": 667708214, "side": "sell", "size": "0.06090687", "price": "3148.29000000", "time": "2025-07-16T01:20:00.648503Z", "fetched_at": "2025-07-16T01:20:19.939617+00:00", "symbol": "ETH-USD"}, {"trade_id": 667708213, "side": "sell", "size": "0.00100000", "price": "3148.08000000", "time": "2025-07-16T01:20:00.648503Z", "fetched_at": "2025-07-16T01:20:19.939617+00:00", "symbol": "ETH-USD"}, {"trade_id": 667708212, "side": "sell", "size": "0.00100000", "price": "3147.84000000", "time": "2025-07-16T01:20:00.648503Z", "fetched_at": "2025-07-16T01:20:19.939617+00:00", "symbol": "ETH-USD"}, {"trade_id": 667708211, "side": "buy", "size": "0.00324759", "price": "3147.83000000", "time": "2025-07-16T01:19:59.448063Z", "fetched_at": "2025-07-16T01:20:19.939617+00:00", "symbol": "ETH-USD"}, {"trade_id": 667708210, "side": "sell", "size": "0.10225461", "price": "3147.62000000", "time": "2025-07-16T01:19:59.027753Z", "fetched_at": "2025-07-16T01:20:19.939617+00:00", "symbol": "ETH-USD"}, {"trade_id": 667708209, "side": "sell", "size": "0.19728588", "price": "3147.61000000", "time": "2025-07-16T01:19:59.027753Z", "fetched_at": "2025-07-16T01:20:19.939617+00:00", "symbol": "ETH-USD"}, {"trade_id": 667708208, "side": "sell", "size": "0.00016339", "price": "3147.60000000", "time": "2025-07-16T01:19:59.027753Z", "fetched_at": "2025-07-16T01:20:19.939617+00:00", "symbol": "ETH-USD"}, {"trade_id": 667708207, "side": "sell", "size": "0.00024009", "price": "3147.60000000", "time": "2025-07-16T01:19:59.027753Z", "fetched_at": "2025-07-16T01:20:19.939617+00:00", "symbol": "ETH-USD"}, {"trade_id": 667708206, "side": "sell", "size": "0.00005588", "price": "3147.60000000", "time": "2025-07-16T01:19:59.027753Z", "fetched_at": "2025-07-16T01:20:19.939617+00:00", "symbol": "ETH-USD"}, {"trade_id": 667708205, "side": "buy", "size": "0.00522811", "price": "3147.51000000", "time": "2025-07-16T01:19:58.607105Z", "fetched_at": "2025-07-16T01:20:19.939617+00:00", "symbol": "ETH-USD"}, {"trade_id": 667708204, "side": "buy", "size": "0.00317711", "price": "3147.52000000", "time": "2025-07-16T01:19:58.607105Z", "fetched_at": "2025-07-16T01:20:19.939617+00:00", "symbol": "ETH-USD"}, {"trade_id": 667708203, "side": "buy", "size": "0.00285808", "price": "3147.51000000", "time": "2025-07-16T01:19:58.048762Z", "fetched_at": "2025-07-16T01:20:19.939617+00:00", "symbol": "ETH-USD"}, {"trade_id": 667708202, "side": "buy", "size": "0.10000000", "price": "3147.52000000", "time": "2025-07-16T01:19:58.048762Z", "fetched_at": "2025-07-16T01:20:19.939617+00:00", "symbol": "ETH-USD"}, {"trade_id": 667708201, "side": "buy", "size": "0.06713227", "price": "3147.53000000", "time": "2025-07-16T01:19:58.048762Z", "fetched_at": "2025-07-16T01:20:19.939617+00:00", "symbol": "ETH-USD"}, {"trade_id": 667708200, "side": "buy", "size": "0.12245241", "price": "3147.59000000", "time": "2025-07-16T01:19:58.048762Z", "fetched_at": "2025-07-16T01:20:19.939617+00:00", "symbol": "ETH-USD"}, {"trade_id": 667708199, "side": "buy", "size": "0.00000953", "price": "3147.59000000", "time": "2025-07-16T01:19:58.048762Z", "fetched_at": "2025-07-16T01:20:19.939617+00:00", "symbol": "ETH-USD"}, {"trade_id": 667708198, "side": "buy", "size": "0.11620000", "price": "3147.59000000", "time": "2025-07-16T01:19:57.205145Z", "fetched_at": "2025-07-16T01:20:19.939617+00:00", "symbol": "ETH-USD"}, {"trade_id": 667708197, "side": "sell", "size": "0.03089383", "price": "3147.60000000", "time": "2025-07-16T01:19:57.124863Z", "fetched_at": "2025-07-16T01:20:19.939617+00:00", "symbol": "ETH-USD"}, {"trade_id": 667708196, "side": "buy", "size": "0.33180000", "price": "3147.59000000", "time": "2025-07-16T01:19:56.929472Z", "fetched_at": "2025-07-16T01:20:19.939617+00:00", "symbol": "ETH-USD"}, {"trade_id": 667708195, "side": "buy", "size": "0.15500000", "price": "3147.59000000", "time": "2025-07-16T01:19:56.929472Z", "fetched_at": "2025-07-16T01:20:19.939617+00:00", "symbol": "ETH-USD"}, {"trade_id": 667708194, "side": "sell", "size": "0.00772297", "price": "3147.60000000", "time": "2025-07-16T01:19:56.689539Z", "fetched_at": "2025-07-16T01:20:19.939617+00:00", "symbol": "ETH-USD"}, {"trade_id": 667708193, "side": "buy", "size": "0.36175235", "price": "3147.30000000", "time": "2025-07-16T01:19:56.403662Z", "fetched_at": "2025-07-16T01:20:19.939617+00:00", "symbol": "ETH-USD"}, {"trade_id": 667708192, "side": "buy", "size": "0.03347034", "price": "3147.31000000", "time": "2025-07-16T01:19:56.403662Z", "fetched_at": "2025-07-16T01:20:19.939617+00:00", "symbol": "ETH-USD"}, {"trade_id": 667708191, "side": "buy", "size": "0.00317731", "price": "3147.32000000", "time": "2025-07-16T01:19:56.403662Z", "fetched_at": "2025-07-16T01:20:19.939617+00:00", "symbol": "ETH-USD"}, {"trade_id": 667708190, "side": "buy", "size": "0.60000000", "price": "3147.58000000", "time": "2025-07-16T01:19:56.403662Z", "fetched_at": "2025-07-16T01:20:19.939617+00:00", "symbol": "ETH-USD"}, {"trade_id": 667708189, "side": "buy", "size": "0.24700908", "price": "3147.59000000", "time": "2025-07-16T01:19:56.367032Z", "fetched_at": "2025-07-16T01:20:19.939617+00:00", "symbol": "ETH-USD"}, {"trade_id": 667708188, "side": "buy", "size": "0.07292517", "price": "3147.61000000", "time": "2025-07-16T01:19:56.367032Z", "fetched_at": "2025-07-16T01:20:19.939617+00:00", "symbol": "ETH-USD"}, {"trade_id": 667708187, "side": "buy", "size": "0.00968739", "price": "3147.61000000", "time": "2025-07-16T01:19:56.367032Z", "fetched_at": "2025-07-16T01:20:19.939617+00:00", "symbol": "ETH-USD"}, {"trade_id": 667708186, "side": "sell", "size": "0.02411145", "price": "3147.62000000", "time": "2025-07-16T01:19:56.328772Z", "fetched_at": "2025-07-16T01:20:19.939617+00:00", "symbol": "ETH-USD"}, {"trade_id": 667708185, "side": "sell", "size": "0.00629477", "price": "3147.62000000", "time": "2025-07-16T01:19:56.082122Z", "fetched_at": "2025-07-16T01:20:19.939617+00:00", "symbol": "ETH-USD"}, {"trade_id": 667708184, "side": "sell", "size": "0.00314729", "price": "3147.62000000", "time": "2025-07-16T01:19:55.740931Z", "fetched_at": "2025-07-16T01:20:19.939617+00:00", "symbol": "ETH-USD"}, {"trade_id": 667708183, "side": "buy", "size": "0.23595295", "price": "3147.61000000", "time": "2025-07-16T01:19:55.548444Z", "fetched_at": "2025-07-16T01:20:19.939617+00:00", "symbol": "ETH-USD"}, {"trade_id": 667708182, "side": "buy", "size": "0.00016984", "price": "3147.61000000", "time": "2025-07-16T01:19:55.060812Z", "fetched_at": "2025-07-16T01:20:19.939617+00:00", "symbol": "ETH-USD"}, {"trade_id": 667708181, "side": "sell", "size": "0.06178134", "price": "3147.62000000", "time": "2025-07-16T01:19:54.978328Z", "fetched_at": "2025-07-16T01:20:19.939617+00:00", "symbol": "ETH-USD"}, {"trade_id": 667708180, "side": "sell", "size": "0.00240229", "price": "3147.62000000", "time": "2025-07-16T01:19:54.781289Z", "fetched_at": "2025-07-16T01:20:19.939617+00:00", "symbol": "ETH-USD"}, {"trade_id": 667708179, "side": "sell", "size": "0.00066641", "price": "3147.60000000", "time": "2025-07-16T01:19:54.781289Z", "fetched_at": "2025-07-16T01:20:19.939617+00:00", "symbol": "ETH-USD"}, {"trade_id": 667708178, "side": "sell", "size": "0.00033359", "price": "3147.60000000", "time": "2025-07-16T01:19:54.768237Z", "fetched_at": "2025-07-16T01:20:19.939617+00:00", "symbol": "ETH-USD"}, {"trade_id": 667708177, "side": "sell", "size": "0.00024000", "price": "3147.50000000", "time": "2025-07-16T01:19:54.768237Z", "fetched_at": "2025-07-16T01:20:19.939617+00:00", "symbol": "ETH-USD"}, {"trade_id": 667708176, "side": "sell", "size": "0.00005589", "price": "3147.50000000", "time": "2025-07-16T01:19:54.768237Z", "fetched_at": "2025-07-16T01:20:19.939617+00:00", "symbol": "ETH-USD"}, {"trade_id": 667708175, "side": "sell", "size": "0.01081441", "price": "3147.51000000", "time": "2025-07-16T01:19:52.222255Z", "fetched_at": "2025-07-16T01:20:19.939617+00:00", "symbol": "ETH-USD"}, {"trade_id": 667708174, "side": "buy", "size": "0.00314993", "price": "3147.35000000", "time": "2025-07-16T01:19:51.944006Z", "fetched_at": "2025-07-16T01:20:19.939617+00:00", "symbol": "ETH-USD"}, {"trade_id": 667708173, "side": "buy", "size": "0.10000000", "price": "3147.36000000", "time": "2025-07-16T01:19:51.944006Z", "fetched_at": "2025-07-16T01:20:19.939617+00:00", "symbol": "ETH-USD"}, {"trade_id": 667708172, "side": "buy", "size": "0.08175007", "price": "3147.52000000", "time": "2025-07-16T01:19:51.944006Z", "fetched_at": "2025-07-16T01:20:19.939617+00:00", "symbol": "ETH-USD"}, {"trade_id": 667708171, "side": "buy", "size": "0.60000000", "price": "3147.52000000", "time": "2025-07-16T01:19:51.944006Z", "fetched_at": "2025-07-16T01:20:19.939617+00:00", "symbol": "ETH-USD"}, {"trade_id": 667708170, "side": "sell", "size": "0.00314710", "price": "3147.53000000", "time": "2025-07-16T01:19:51.539789Z", "fetched_at": "2025-07-16T01:20:19.939617+00:00", "symbol": "ETH-USD"}, {"trade_id": 667708169, "side": "sell", "size": "0.00150148", "price": "3147.53000000", "time": "2025-07-16T01:19:51.440313Z", "fetched_at": "2025-07-16T01:20:19.939617+00:00", "symbol": "ETH-USD"}, {"trade_id": 667708168, "side": "sell", "size": "0.00004330", "price": "3147.53000000", "time": "2025-07-16T01:19:51.440313Z", "fetched_at": "2025-07-16T01:20:19.939617+00:00", "symbol": "ETH-USD"}, {"trade_id": 667708167, "side": "sell", "size": "0.03089010", "price": "3147.53000000", "time": "2025-07-16T01:19:51.121222Z", "fetched_at": "2025-07-16T01:20:19.939617+00:00", "symbol": "ETH-USD"}, {"trade_id": 667708166, "side": "sell", "size": "0.00010335", "price": "3147.36000000", "time": "2025-07-16T01:19:50.743389Z", "fetched_at": "2025-07-16T01:20:19.939617+00:00", "symbol": "ETH-USD"}, {"trade_id": 667708165, "side": "sell", "size": "0.00074231", "price": "3147.36000000", "time": "2025-07-16T01:19:50.743389Z", "fetched_at": "2025-07-16T01:20:19.939617+00:00", "symbol": "ETH-USD"}, {"trade_id": 667708164, "side": "sell", "size": "0.00025769", "price": "3147.36000000", "time": "2025-07-16T01:19:50.434420Z", "fetched_at": "2025-07-16T01:20:19.939617+00:00", "symbol": "ETH-USD"}, {"trade_id": 667708163, "side": "buy", "size": "0.09728588", "price": "3147.35000000", "time": "2025-07-16T01:19:49.727629Z", "fetched_at": "2025-07-16T01:20:19.939617+00:00", "symbol": "ETH-USD"}, {"trade_id": 667708162, "side": "sell", "size": "0.00024001", "price": "3146.67000000", "time": "2025-07-16T01:19:49.261281Z", "fetched_at": "2025-07-16T01:20:19.939617+00:00", "symbol": "ETH-USD"}, {"trade_id": 667708161, "side": "sell", "size": "0.00005588", "price": "3146.67000000", "time": "2025-07-16T01:19:49.261281Z", "fetched_at": "2025-07-16T01:20:19.939617+00:00", "symbol": "ETH-USD"}, {"trade_id": 667708160, "side": "sell", "size": "0.00010335", "price": "3146.67000000", "time": "2025-07-16T01:19:49.261281Z", "fetched_at": "2025-07-16T01:20:19.939617+00:00", "symbol": "ETH-USD"}, {"trade_id": 667708159, "side": "buy", "size": "0.03746347", "price": "3146.66000000", "time": "2025-07-16T01:19:49.013998Z", "fetched_at": "2025-07-16T01:20:19.939617+00:00", "symbol": "ETH-USD"}, {"trade_id": 667708158, "side": "buy", "size": "0.00066419", "price": "3146.66000000", "time": "2025-07-16T01:19:49.013998Z", "fetched_at": "2025-07-16T01:20:19.939617+00:00", "symbol": "ETH-USD"}, {"trade_id": 667708157, "side": "buy", "size": "0.30605526", "price": "3146.66000000", "time": "2025-07-16T01:19:49.013998Z", "fetched_at": "2025-07-16T01:20:19.939617+00:00", "symbol": "ETH-USD"}, {"trade_id": 667708156, "side": "buy", "size": "0.98570000", "price": "3146.66000000", "time": "2025-07-16T01:19:49.013998Z", "fetched_at": "2025-07-16T01:20:19.939617+00:00", "symbol": "ETH-USD"}, {"trade_id": 667708155, "side": "buy", "size": "0.51681149", "price": "3146.66000000", "time": "2025-07-16T01:19:49.013998Z", "fetched_at": "2025-07-16T01:20:19.939617+00:00", "symbol": "ETH-USD"}, {"trade_id": 667708154, "side": "buy", "size": "0.00083672", "price": "3146.66000000", "time": "2025-07-16T01:19:47.215745Z", "fetched_at": "2025-07-16T01:20:19.939617+00:00", "symbol": "ETH-USD"}, {"trade_id": 667708153, "side": "buy", "size": "0.94500000", "price": "3146.66000000", "time": "2025-07-16T01:19:47.215745Z", "fetched_at": "2025-07-16T01:20:19.939617+00:00", "symbol": "ETH-USD"}, {"trade_id": 667708152, "side": "sell", "size": "0.12021875", "price": "3147.29000000", "time": "2025-07-16T01:19:46.395823Z", "fetched_at": "2025-07-16T01:20:19.939617+00:00", "symbol": "ETH-USD"}, {"trade_id": 667708151, "side": "sell", "size": "0.91250953", "price": "3147.29000000", "time": "2025-07-16T01:19:46.395823Z", "fetched_at": "2025-07-16T01:20:19.939617+00:00", "symbol": "ETH-USD"}, {"trade_id": 667708150, "side": "sell", "size": "0.10000000", "price": "3147.28000000", "time": "2025-07-16T01:19:46.395823Z", "fetched_at": "2025-07-16T01:20:19.939617+00:00", "symbol": "ETH-USD"}, {"trade_id": 667708149, "side": "sell", "size": "0.03249047", "price": "3147.23000000", "time": "2025-07-16T01:19:46.395823Z", "fetched_at": "2025-07-16T01:20:19.939617+00:00", "symbol": "ETH-USD"}, {"trade_id": 667708148, "side": "sell", "size": "0.57817000", "price": "3147.22000000", "time": "2025-07-16T01:19:46.386451Z", "fetched_at": "2025-07-16T01:20:19.939617+00:00", "symbol": "ETH-USD"}, {"trade_id": 667708147, "side": "sell", "size": "0.10000000", "price": "3147.22000000", "time": "2025-07-16T01:19:46.386451Z", "fetched_at": "2025-07-16T01:20:19.939617+00:00", "symbol": "ETH-USD"}, {"trade_id": 667708146, "side": "sell", "size": "0.10000000", "price": "3146.94000000", "time": "2025-07-16T01:19:46.386451Z", "fetched_at": "2025-07-16T01:20:19.939617+00:00", "symbol": "ETH-USD"}, {"trade_id": 667708145, "side": "sell", "size": "0.16683000", "price": "3146.94000000", "time": "2025-07-16T01:19:46.386451Z", "fetched_at": "2025-07-16T01:20:19.939617+00:00", "symbol": "ETH-USD"}, {"trade_id": 667708144, "side": "sell", "size": "0.16749841", "price": "3147.23000000", "time": "2025-07-16T01:19:46.363407Z", "fetched_at": "2025-07-16T01:20:19.939617+00:00", "symbol": "ETH-USD"}, {"trade_id": 667708143, "side": "sell", "size": "0.38324490", "price": "3147.17000000", "time": "2025-07-16T01:19:46.363407Z", "fetched_at": "2025-07-16T01:20:19.939617+00:00", "symbol": "ETH-USD"}, {"trade_id": 667708142, "side": "sell", "size": "0.63417710", "price": "3147.17000000", "time": "2025-07-16T01:19:46.351664Z", "fetched_at": "2025-07-16T01:20:19.939617+00:00", "symbol": "ETH-USD"}, {"trade_id": 667708141, "side": "sell", "size": "0.61045320", "price": "3147.16000000", "time": "2025-07-16T01:19:46.351664Z", "fetched_at": "2025-07-16T01:20:19.939617+00:00", "symbol": "ETH-USD"}, {"trade_id": 667708140, "side": "sell", "size": "0.26088134", "price": "3147.15000000", "time": "2025-07-16T01:19:46.351664Z", "fetched_at": "2025-07-16T01:20:19.939617+00:00", "symbol": "ETH-USD"}, {"trade_id": 667708139, "side": "sell", "size": "0.41023000", "price": "3147.13000000", "time": "2025-07-16T01:19:46.351664Z", "fetched_at": "2025-07-16T01:20:19.939617+00:00", "symbol": "ETH-USD"}, {"trade_id": 667708138, "side": "sell", "size": "0.18347785", "price": "3147.12000000", "time": "2025-07-16T01:19:46.351664Z", "fetched_at": "2025-07-16T01:20:19.939617+00:00", "symbol": "ETH-USD"}, {"trade_id": 667708137, "side": "sell", "size": "0.00100000", "price": "3147.12000000", "time": "2025-07-16T01:19:46.351664Z", "fetched_at": "2025-07-16T01:20:19.939617+00:00", "symbol": "ETH-USD"}, {"trade_id": 667708136, "side": "sell", "size": "0.94500000", "price": "3147.04000000", "time": "2025-07-16T01:19:46.351664Z", "fetched_at": "2025-07-16T01:20:19.939617+00:00", "symbol": "ETH-USD"}, {"trade_id": 667708135, "side": "sell", "size": "0.00100000", "price": "3146.88000000", "time": "2025-07-16T01:19:46.351664Z", "fetched_at": "2025-07-16T01:20:19.939617+00:00", "symbol": "ETH-USD"}, {"trade_id": 667708134, "side": "sell", "size": "0.00100000", "price": "3146.64000000", "time": "2025-07-16T01:19:46.351664Z", "fetched_at": "2025-07-16T01:20:19.939617+00:00", "symbol": "ETH-USD"}, {"trade_id": 667708133, "side": "sell", "size": "0.21620713", "price": "3146.60000000", "time": "2025-07-16T01:19:46.351664Z", "fetched_at": "2025-07-16T01:20:19.939617+00:00", "symbol": "ETH-USD"}, {"trade_id": 667708132, "side": "sell", "size": "0.18247785", "price": "3146.60000000", "time": "2025-07-16T01:19:46.351650Z", "fetched_at": "2025-07-16T01:20:19.939617+00:00", "symbol": "ETH-USD"}, {"trade_id": 667708131, "side": "sell", "size": "0.00100000", "price": "3146.40000000", "time": "2025-07-16T01:19:46.351650Z", "fetched_at": "2025-07-16T01:20:19.939617+00:00", "symbol": "ETH-USD"}, {"trade_id": 667708130, "side": "sell", "size": "0.01623000", "price": "3146.38000000", "time": "2025-07-16T01:19:46.290683Z", "fetched_at": "2025-07-16T01:20:19.939617+00:00", "symbol": "ETH-USD"}, {"trade_id": 667708129, "side": "sell", "size": "0.01623000", "price": "3146.38000000", "time": "2025-07-16T01:19:46.289293Z", "fetched_at": "2025-07-16T01:20:19.939617+00:00", "symbol": "ETH-USD"}, {"trade_id": 667708128, "side": "sell", "size": "0.00100000", "price": "3146.16000000", "time": "2025-07-16T01:19:46.286865Z", "fetched_at": "2025-07-16T01:20:19.939617+00:00", "symbol": "ETH-USD"}, {"trade_id": 667708127, "side": "sell", "size": "0.51221359", "price": "3146.12000000", "time": "2025-07-16T01:19:46.286865Z", "fetched_at": "2025-07-16T01:20:19.939617+00:00", "symbol": "ETH-USD"}, {"trade_id": 667708126, "side": "sell", "size": "0.01623000", "price": "3146.12000000", "time": "2025-07-16T01:19:46.286694Z", "fetched_at": "2025-07-16T01:20:19.939617+00:00", "symbol": "ETH-USD"}, {"trade_id": 667708125, "side": "sell", "size": "0.01623000", "price": "3146.12000000", "time": "2025-07-16T01:19:46.286687Z", "fetched_at": "2025-07-16T01:20:19.939617+00:00", "symbol": "ETH-USD"}, {"trade_id": 667708124, "side": "buy", "size": "0.15500000", "price": "3145.87000000", "time": "2025-07-16T01:19:46.280956Z", "fetched_at": "2025-07-16T01:20:19.939617+00:00", "symbol": "ETH-USD"}, {"trade_id": 667708123, "side": "sell", "size": "0.00010335", "price": "3145.94000000", "time": "2025-07-16T01:19:46.274894Z", "fetched_at": "2025-07-16T01:20:19.939617+00:00", "symbol": "ETH-USD"}, {"trade_id": 667708122, "side": "sell", "size": "0.79468417", "price": "3145.91000000", "time": "2025-07-16T01:19:46.270276Z", "fetched_at": "2025-07-16T01:20:19.939617+00:00", "symbol": "ETH-USD"}, {"trade_id": 667708121, "side": "sell", "size": "0.94500000", "price": "3145.88000000", "time": "2025-07-16T01:19:46.270276Z", "fetched_at": "2025-07-16T01:20:19.939617+00:00", "symbol": "ETH-USD"}, {"trade_id": 667708120, "side": "sell", "size": "0.00026537", "price": "3145.79000000", "time": "2025-07-16T01:19:46.270276Z", "fetched_at": "2025-07-16T01:20:19.939617+00:00", "symbol": "ETH-USD"}, {"trade_id": 667708119, "side": "sell", "size": "0.00006175", "price": "3145.79000000", "time": "2025-07-16T01:19:46.270276Z", "fetched_at": "2025-07-16T01:20:19.939617+00:00", "symbol": "ETH-USD"}, {"trade_id": 667708118, "side": "sell", "size": "0.63355449", "price": "3145.55000000", "time": "2025-07-16T01:19:46.269877Z", "fetched_at": "2025-07-16T01:20:19.939617+00:00", "symbol": "ETH-USD"}, {"trade_id": 667708117, "side": "sell", "size": "0.16122133", "price": "3145.55000000", "time": "2025-07-16T01:19:46.269225Z", "fetched_at": "2025-07-16T01:20:19.939617+00:00", "symbol": "ETH-USD"}, {"trade_id": 667708116, "side": "sell", "size": "0.20000000", "price": "3145.54000000", "time": "2025-07-16T01:19:46.269225Z", "fetched_at": "2025-07-16T01:20:19.939617+00:00", "symbol": "ETH-USD"}, {"trade_id": 667708115, "side": "sell", "size": "0.00317910", "price": "3145.47000000", "time": "2025-07-16T01:19:46.268432Z", "fetched_at": "2025-07-16T01:20:19.939617+00:00", "symbol": "ETH-USD"}, {"trade_id": 667708114, "side": "sell", "size": "0.15895875", "price": "3145.47000000", "time": "2025-07-16T01:19:46.268432Z", "fetched_at": "2025-07-16T01:20:19.939617+00:00", "symbol": "ETH-USD"}, {"trade_id": 667708113, "side": "buy", "size": "0.05663532", "price": "3145.57000000", "time": "2025-07-16T01:19:43.739283Z", "fetched_at": "2025-07-16T01:20:19.939617+00:00", "symbol": "ETH-USD"}, {"trade_id": 667708112, "side": "buy", "size": "1.37346430", "price": "3145.60000000", "time": "2025-07-16T01:19:43.739283Z", "fetched_at": "2025-07-16T01:20:19.939617+00:00", "symbol": "ETH-USD"}, {"trade_id": 667708111, "side": "buy", "size": "0.08377000", "price": "3145.61000000", "time": "2025-07-16T01:19:43.739283Z", "fetched_at": "2025-07-16T01:20:19.939617+00:00", "symbol": "ETH-USD"}, {"trade_id": 667708110, "side": "buy", "size": "0.00189483", "price": "3145.62000000", "time": "2025-07-16T01:19:43.739283Z", "fetched_at": "2025-07-16T01:20:19.939617+00:00", "symbol": "ETH-USD"}, {"trade_id": 667708109, "side": "buy", "size": "0.15500000", "price": "3145.75000000", "time": "2025-07-16T01:19:43.739283Z", "fetched_at": "2025-07-16T01:20:19.939617+00:00", "symbol": "ETH-USD"}, {"trade_id": 667708108, "side": "buy", "size": "0.16295750", "price": "3145.74000000", "time": "2025-07-16T01:19:43.556435Z", "fetched_at": "2025-07-16T01:20:19.939617+00:00", "symbol": "ETH-USD"}, {"trade_id": 667708107, "side": "buy", "size": "0.15500000", "price": "3145.78000000", "time": "2025-07-16T01:19:43.556435Z", "fetched_at": "2025-07-16T01:20:19.939617+00:00", "symbol": "ETH-USD"}, {"trade_id": 667708106, "side": "sell", "size": "0.00000317", "price": "3145.79000000", "time": "2025-07-16T01:19:42.799404Z", "fetched_at": "2025-07-16T01:20:19.939617+00:00", "symbol": "ETH-USD"}, {"trade_id": 667708105, "side": "sell", "size": "0.00156972", "price": "3145.79000000", "time": "2025-07-16T01:19:42.781725Z", "fetched_at": "2025-07-16T01:20:19.939617+00:00", "symbol": "ETH-USD"}, {"trade_id": 667708104, "side": "buy", "size": "0.00054588", "price": "3145.82000000", "time": "2025-07-16T01:19:42.435104Z", "fetched_at": "2025-07-16T01:20:19.939617+00:00", "symbol": "ETH-USD"}, {"trade_id": 667708103, "side": "buy", "size": "0.00000317", "price": "3145.93000000", "time": "2025-07-16T01:19:42.435104Z", "fetched_at": "2025-07-16T01:20:19.939617+00:00", "symbol": "ETH-USD"}, {"trade_id": 667708102, "side": "sell", "size": "0.00313650", "price": "3145.94000000", "time": "2025-07-16T01:19:38.860879Z", "fetched_at": "2025-07-16T01:20:19.939617+00:00", "symbol": "ETH-USD"}, {"trade_id": 667708101, "side": "sell", "size": "0.00100000", "price": "3145.94000000", "time": "2025-07-16T01:19:38.798082Z", "fetched_at": "2025-07-16T01:20:19.939617+00:00", "symbol": "ETH-USD"}, {"trade_id": 667708100, "side": "buy", "size": "0.02002648", "price": "3145.92000000", "time": "2025-07-16T01:19:38.685558Z", "fetched_at": "2025-07-16T01:20:19.939617+00:00", "symbol": "ETH-USD"}, {"trade_id": 667708099, "side": "sell", "size": "0.02772068", "price": "3145.93000000", "time": "2025-07-16T01:19:38.613525Z", "fetched_at": "2025-07-16T01:20:19.939617+00:00", "symbol": "ETH-USD"}, {"trade_id": 667708098, "side": "sell", "size": "0.00317956", "price": "3145.92000000", "time": "2025-07-16T01:19:38.613525Z", "fetched_at": "2025-07-16T01:20:19.939617+00:00", "symbol": "ETH-USD"}, {"trade_id": 667708097, "side": "sell", "size": "0.00437075", "price": "3146.16000000", "time": "2025-07-16T01:19:38.004284Z", "fetched_at": "2025-07-16T01:20:19.939617+00:00", "symbol": "ETH-USD"}, {"trade_id": 667708096, "side": "sell", "size": "0.00100000", "price": "3146.16000000", "time": "2025-07-16T01:19:38.004284Z", "fetched_at": "2025-07-16T01:20:19.939617+00:00", "symbol": "ETH-USD"}, {"trade_id": 667708095, "side": "sell", "size": "0.00100000", "price": "3145.92000000", "time": "2025-07-16T01:19:38.004284Z", "fetched_at": "2025-07-16T01:20:19.939617+00:00", "symbol": "ETH-USD"}, {"trade_id": 667708094, "side": "sell", "size": "0.00005002", "price": "3145.86000000", "time": "2025-07-16T01:19:38.004284Z", "fetched_at": "2025-07-16T01:20:19.939617+00:00", "symbol": "ETH-USD"}, {"trade_id": 667708093, "side": "sell", "size": "0.00021469", "price": "3145.86000000", "time": "2025-07-16T01:19:38.004284Z", "fetched_at": "2025-07-16T01:20:19.939617+00:00", "symbol": "ETH-USD"}, {"trade_id": 667708092, "side": "sell", "size": "0.15078999", "price": "3145.86000000", "time": "2025-07-16T01:19:37.793210Z", "fetched_at": "2025-07-16T01:20:19.939617+00:00", "symbol": "ETH-USD"}, {"trade_id": 667708091, "side": "buy", "size": "0.01058471", "price": "3145.46000000", "time": "2025-07-16T01:19:37.428139Z", "fetched_at": "2025-07-16T01:20:19.939617+00:00", "symbol": "ETH-USD"}, {"trade_id": 667708090, "side": "buy", "size": "0.00065168", "price": "3145.67000000", "time": "2025-07-16T01:19:37.428139Z", "fetched_at": "2025-07-16T01:20:19.939617+00:00", "symbol": "ETH-USD"}, {"trade_id": 667708089, "side": "sell", "size": "0.10987549", "price": "3145.71000000", "time": "2025-07-16T01:19:37.168530Z", "fetched_at": "2025-07-16T01:20:19.939617+00:00", "symbol": "ETH-USD"}, {"trade_id": 667708088, "side": "sell", "size": "0.00024000", "price": "3145.68000000", "time": "2025-07-16T01:19:37.168530Z", "fetched_at": "2025-07-16T01:20:19.939617+00:00", "symbol": "ETH-USD"}, {"trade_id": 667708087, "side": "sell", "size": "0.00005589", "price": "3145.68000000", "time": "2025-07-16T01:19:37.168530Z", "fetched_at": "2025-07-16T01:20:19.939617+00:00", "symbol": "ETH-USD"}, {"trade_id": 667708086, "side": "sell", "size": "0.02486349", "price": "3145.35000000", "time": "2025-07-16T01:19:35.876273Z", "fetched_at": "2025-07-16T01:20:19.939617+00:00", "symbol": "ETH-USD"}, {"trade_id": 667708085, "side": "sell", "size": "0.00293651", "price": "3145.35000000", "time": "2025-07-16T01:19:35.876273Z", "fetched_at": "2025-07-16T01:20:19.939617+00:00", "symbol": "ETH-USD"}, {"trade_id": 667708084, "side": "sell", "size": "0.00130681", "price": "3145.36000000", "time": "2025-07-16T01:19:35.859814Z", "fetched_at": "2025-07-16T01:20:19.939617+00:00", "symbol": "ETH-USD"}, {"trade_id": 667708083, "side": "buy", "size": "0.04021342", "price": "3145.12000000", "time": "2025-07-16T01:19:35.546007Z", "fetched_at": "2025-07-16T01:20:19.939617+00:00", "symbol": "ETH-USD"}, {"trade_id": 667708082, "side": "buy", "size": "0.00138452", "price": "3145.13000000", "time": "2025-07-16T01:19:35.546007Z", "fetched_at": "2025-07-16T01:20:19.939617+00:00", "symbol": "ETH-USD"}, {"trade_id": 667708081, "side": "buy", "size": "0.00100000", "price": "3145.20000000", "time": "2025-07-16T01:19:35.546007Z", "fetched_at": "2025-07-16T01:20:19.939617+00:00", "symbol": "ETH-USD"}, {"trade_id": 667708080, "side": "buy", "size": "0.00000317", "price": "3145.67000000", "time": "2025-07-16T01:19:35.546007Z", "fetched_at": "2025-07-16T01:20:19.939617+00:00", "symbol": "ETH-USD"}, {"trade_id": 667708079, "side": "buy", "size": "0.52666839", "price": "3145.55000000", "time": "2025-07-16T01:19:34.813858Z", "fetched_at": "2025-07-16T01:20:19.939617+00:00", "symbol": "ETH-USD"}, {"trade_id": 667708078, "side": "buy", "size": "0.10000000", "price": "3145.56000000", "time": "2025-07-16T01:19:34.813858Z", "fetched_at": "2025-07-16T01:20:19.939617+00:00", "symbol": "ETH-USD"}, {"trade_id": 667708077, "side": "buy", "size": "0.44613899", "price": "3145.56000000", "time": "2025-07-16T01:19:34.813858Z", "fetched_at": "2025-07-16T01:20:19.939617+00:00", "symbol": "ETH-USD"}, {"trade_id": 667708076, "side": "buy", "size": "0.12264477", "price": "3145.67000000", "time": "2025-07-16T01:19:34.813858Z", "fetched_at": "2025-07-16T01:20:19.939617+00:00", "symbol": "ETH-USD"}, {"trade_id": 667708075, "side": "buy", "size": "0.00036240", "price": "3145.67000000", "time": "2025-07-16T01:19:34.813858Z", "fetched_at": "2025-07-16T01:20:19.939617+00:00", "symbol": "ETH-USD"}, {"trade_id": 667708074, "side": "sell", "size": "0.02772682", "price": "3146.08000000", "time": "2025-07-16T01:19:34.333805Z", "fetched_at": "2025-07-16T01:20:19.939617+00:00", "symbol": "ETH-USD"}, {"trade_id": 667708073, "side": "sell", "size": "0.79465532", "price": "3146.02000000", "time": "2025-07-16T01:19:34.333805Z", "fetched_at": "2025-07-16T01:20:19.939617+00:00", "symbol": "ETH-USD"}, {"trade_id": 667708072, "side": "sell", "size": "0.00100000", "price": "3145.92000000", "time": "2025-07-16T01:19:34.333805Z", "fetched_at": "2025-07-16T01:20:19.939617+00:00", "symbol": "ETH-USD"}, {"trade_id": 667708071, "side": "sell", "size": "0.15893832", "price": "3145.88000000", "time": "2025-07-16T01:19:34.333805Z", "fetched_at": "2025-07-16T01:20:19.939617+00:00", "symbol": "ETH-USD"}, {"trade_id": 667708070, "side": "sell", "size": "0.00010335", "price": "3145.68000000", "time": "2025-07-16T01:19:34.333805Z", "fetched_at": "2025-07-16T01:20:19.939617+00:00", "symbol": "ETH-USD"}, {"trade_id": 667708069, "side": "sell", "size": "0.00006255", "price": "3145.68000000", "time": "2025-07-16T01:19:34.333805Z", "fetched_at": "2025-07-16T01:20:19.939617+00:00", "symbol": "ETH-USD"}, {"trade_id": 667708068, "side": "sell", "size": "0.00001458", "price": "3145.68000000", "time": "2025-07-16T01:19:34.333805Z", "fetched_at": "2025-07-16T01:20:19.939617+00:00", "symbol": "ETH-USD"}, {"trade_id": 667708067, "side": "sell", "size": "0.00100000", "price": "3145.68000000", "time": "2025-07-16T01:19:34.333805Z", "fetched_at": "2025-07-16T01:20:19.939617+00:00", "symbol": "ETH-USD"}, {"trade_id": 667708066, "side": "buy", "size": "0.01623000", "price": "3145.67000000", "time": "2025-07-16T01:19:31.600307Z", "fetched_at": "2025-07-16T01:20:19.939617+00:00", "symbol": "ETH-USD"}, {"trade_id": 667708065, "side": "sell", "size": "0.21606349", "price": "3145.54000000", "time": "2025-07-16T01:19:31.580925Z", "fetched_at": "2025-07-16T01:20:19.939617+00:00", "symbol": "ETH-USD"}, {"trade_id": 667708064, "side": "sell", "size": "0.00293651", "price": "3145.53000000", "time": "2025-07-16T01:19:31.580925Z", "fetched_at": "2025-07-16T01:20:19.939617+00:00", "symbol": "ETH-USD"}, {"trade_id": 667708063, "side": "sell", "size": "0.00100000", "price": "3145.44000000", "time": "2025-07-16T01:19:31.580925Z", "fetched_at": "2025-07-16T01:20:19.939617+00:00", "symbol": "ETH-USD"}, {"trade_id": 667708062, "side": "sell", "size": "0.79488981", "price": "3145.09000000", "time": "2025-07-16T01:19:31.434053Z", "fetched_at": "2025-07-16T01:20:19.939617+00:00", "symbol": "ETH-USD"}, {"trade_id": 667708061, "side": "sell", "size": "0.09465496", "price": "3145.07000000", "time": "2025-07-16T01:19:31.434053Z", "fetched_at": "2025-07-16T01:20:19.939617+00:00", "symbol": "ETH-USD"}, {"trade_id": 667708060, "side": "sell", "size": "0.15898737", "price": "3144.91000000", "time": "2025-07-16T01:19:31.433878Z", "fetched_at": "2025-07-16T01:20:19.939617+00:00", "symbol": "ETH-USD"}, {"trade_id": 667708059, "side": "sell", "size": "0.00018329", "price": "3144.89000000", "time": "2025-07-16T01:19:31.433878Z", "fetched_at": "2025-07-16T01:20:19.939617+00:00", "symbol": "ETH-USD"}, {"trade_id": 667708058, "side": "sell", "size": "0.00009719", "price": "3144.80000000", "time": "2025-07-16T01:19:31.433878Z", "fetched_at": "2025-07-16T01:20:19.939617+00:00", "symbol": "ETH-USD"}, {"trade_id": 667708057, "side": "sell", "size": "0.00041755", "price": "3144.80000000", "time": "2025-07-16T01:19:31.433878Z", "fetched_at": "2025-07-16T01:20:19.939617+00:00", "symbol": "ETH-USD"}, {"trade_id": 667708056, "side": "buy", "size": "0.00138463", "price": "3144.88000000", "time": "2025-07-16T01:19:28.705205Z", "fetched_at": "2025-07-16T01:20:19.939617+00:00", "symbol": "ETH-USD"}, {"trade_id": 667708055, "side": "sell", "size": "0.00016528", "price": "3144.89000000", "time": "2025-07-16T01:19:28.682711Z", "fetched_at": "2025-07-16T01:20:19.939617+00:00", "symbol": "ETH-USD"}, {"trade_id": 667708054, "side": "buy", "size": "0.30000000", "price": "3144.90000000", "time": "2025-07-16T01:19:28.618836Z", "fetched_at": "2025-07-16T01:20:19.939617+00:00", "symbol": "ETH-USD"}, {"trade_id": 667708053, "side": "buy", "size": "0.56306996", "price": "3144.94000000", "time": "2025-07-16T01:19:28.614163Z", "fetched_at": "2025-07-16T01:20:19.939617+00:00", "symbol": "ETH-USD"}, {"trade_id": 667708052, "side": "buy", "size": "0.10000000", "price": "3144.95000000", "time": "2025-07-16T01:19:28.614163Z", "fetched_at": "2025-07-16T01:20:19.939617+00:00", "symbol": "ETH-USD"}, {"trade_id": 667708051, "side": "buy", "size": "0.00100000", "price": "3144.96000000", "time": "2025-07-16T01:19:28.614163Z", "fetched_at": "2025-07-16T01:20:19.939617+00:00", "symbol": "ETH-USD"}, {"trade_id": 667708050, "side": "buy", "size": "0.12289950", "price": "3145.09000000", "time": "2025-07-16T01:19:28.614163Z", "fetched_at": "2025-07-16T01:20:19.939617+00:00", "symbol": "ETH-USD"}, {"trade_id": 667708049, "side": "buy", "size": "0.00106197", "price": "3145.09000000", "time": "2025-07-16T01:19:28.614163Z", "fetched_at": "2025-07-16T01:20:19.939617+00:00", "symbol": "ETH-USD"}, {"trade_id": 667708048, "side": "buy", "size": "0.00212076", "price": "3145.09000000", "time": "2025-07-16T01:19:28.614163Z", "fetched_at": "2025-07-16T01:20:19.939617+00:00", "symbol": "ETH-USD"}, {"trade_id": 667708047, "side": "buy", "size": "0.00421927", "price": "3145.09000000", "time": "2025-07-16T01:19:28.614163Z", "fetched_at": "2025-07-16T01:20:19.939617+00:00", "symbol": "ETH-USD"}, {"trade_id": 667708046, "side": "buy", "size": "0.00133480", "price": "3145.09000000", "time": "2025-07-16T01:19:28.614163Z", "fetched_at": "2025-07-16T01:20:19.939617+00:00", "symbol": "ETH-USD"}, {"trade_id": 667708045, "side": "sell", "size": "0.00753688", "price": "3145.10000000", "time": "2025-07-16T01:19:28.186405Z", "fetched_at": "2025-07-16T01:20:19.939617+00:00", "symbol": "ETH-USD"}, {"trade_id": 667708044, "side": "sell", "size": "0.02413675", "price": "3145.10000000", "time": "2025-07-16T01:19:27.920790Z", "fetched_at": "2025-07-16T01:20:19.939617+00:00", "symbol": "ETH-USD"}, {"trade_id": 667708043, "side": "sell", "size": "0.00306825", "price": "3145.10000000", "time": "2025-07-16T01:19:26.961604Z", "fetched_at": "2025-07-16T01:20:19.939617+00:00", "symbol": "ETH-USD"}, {"trade_id": 667708042, "side": "sell", "size": "0.00237772", "price": "3145.10000000", "time": "2025-07-16T01:19:26.579102Z", "fetched_at": "2025-07-16T01:20:19.939617+00:00", "symbol": "ETH-USD"}, {"trade_id": 667708041, "side": "buy", "size": "0.00002165", "price": "3145.09000000", "time": "2025-07-16T01:19:25.571903Z", "fetched_at": "2025-07-16T01:20:19.939617+00:00", "symbol": "ETH-USD"}, {"trade_id": 667708040, "side": "buy", "size": "0.00010000", "price": "3145.09000000", "time": "2025-07-16T01:19:25.326406Z", "fetched_at": "2025-07-16T01:20:19.939617+00:00", "symbol": "ETH-USD"}, {"trade_id": 667708039, "side": "buy", "size": "1.50062731", "price": "3145.09000000", "time": "2025-07-16T01:19:24.423270Z", "fetched_at": "2025-07-16T01:20:19.939617+00:00", "symbol": "ETH-USD"}, {"trade_id": 667708038, "side": "buy", "size": "0.37209010", "price": "3145.12000000", "time": "2025-07-16T01:19:24.423270Z", "fetched_at": "2025-07-16T01:20:19.939617+00:00", "symbol": "ETH-USD"}, {"trade_id": 667708037, "side": "buy", "size": "0.00100000", "price": "3145.20000000", "time": "2025-07-16T01:19:24.422255Z", "fetched_at": "2025-07-16T01:20:19.939617+00:00", "symbol": "ETH-USD"}, {"trade_id": 667708036, "side": "buy", "size": "0.40114694", "price": "3145.21000000", "time": "2025-07-16T01:19:24.422255Z", "fetched_at": "2025-07-16T01:20:19.939617+00:00", "symbol": "ETH-USD"}, {"trade_id": 667708035, "side": "buy", "size": "0.30000000", "price": "3145.30000000", "time": "2025-07-16T01:19:24.414902Z", "fetched_at": "2025-07-16T01:20:19.939617+00:00", "symbol": "ETH-USD"}, {"trade_id": 667708034, "side": "buy", "size": "0.12727122", "price": "3145.33000000", "time": "2025-07-16T01:19:24.414902Z", "fetched_at": "2025-07-16T01:20:19.939617+00:00", "symbol": "ETH-USD"}, {"trade_id": 667708033, "side": "buy", "size": "0.00148167", "price": "3145.33000000", "time": "2025-07-16T01:19:24.414902Z", "fetched_at": "2025-07-16T01:20:19.939617+00:00", "symbol": "ETH-USD"}, {"trade_id": 667708032, "side": "buy", "size": "0.12254675", "price": "3145.33000000", "time": "2025-07-16T01:19:24.414902Z", "fetched_at": "2025-07-16T01:20:19.939617+00:00", "symbol": "ETH-USD"}, {"trade_id": 667708031, "side": "buy", "size": "0.00148161", "price": "3145.45000000", "time": "2025-07-16T01:19:24.357865Z", "fetched_at": "2025-07-16T01:20:19.939617+00:00", "symbol": "ETH-USD"}, {"trade_id": 667708030, "side": "buy", "size": "0.00324741", "price": "3145.78000000", "time": "2025-07-16T01:19:21.984454Z", "fetched_at": "2025-07-16T01:20:19.939617+00:00", "symbol": "ETH-USD"}, {"trade_id": 667708029, "side": "buy", "size": "0.07175839", "price": "3145.78000000", "time": "2025-07-16T01:19:21.904756Z", "fetched_at": "2025-07-16T01:20:19.939617+00:00", "symbol": "ETH-USD"}, {"trade_id": 667708028, "side": "buy", "size": "0.00318338", "price": "3145.78000000", "time": "2025-07-16T01:19:21.769118Z", "fetched_at": "2025-07-16T01:20:19.939617+00:00", "symbol": "ETH-USD"}, {"trade_id": 667708027, "side": "sell", "size": "0.00002340", "price": "3145.75000000", "time": "2025-07-16T01:19:21.737492Z", "fetched_at": "2025-07-16T01:20:19.939617+00:00", "symbol": "ETH-USD"}, {"trade_id": 667708026, "side": "sell", "size": "0.79472809", "price": "3145.73000000", "time": "2025-07-16T01:19:21.737492Z", "fetched_at": "2025-07-16T01:20:19.939617+00:00", "symbol": "ETH-USD"}, {"trade_id": 667708025, "side": "sell", "size": "0.00317909", "price": "3145.60000000", "time": "2025-07-16T01:19:21.737492Z", "fetched_at": "2025-07-16T01:20:19.939617+00:00", "symbol": "ETH-USD"}, {"trade_id": 667708024, "side": "buy", "size": "0.00010000", "price": "3145.38000000", "time": "2025-07-16T01:19:21.133961Z", "fetched_at": "2025-07-16T01:20:19.939617+00:00", "symbol": "ETH-USD"}, {"trade_id": 667708023, "side": "sell", "size": "0.03017016", "price": "3145.58000000", "time": "2025-07-16T01:19:20.068291Z", "fetched_at": "2025-07-16T01:20:19.939617+00:00", "symbol": "ETH-USD"}, {"trade_id": 667708022, "side": "sell", "size": "0.00019023", "price": "3145.58000000", "time": "2025-07-16T01:19:19.902329Z", "fetched_at": "2025-07-16T01:20:19.939617+00:00", "symbol": "ETH-USD"}, {"trade_id": 667708021, "side": "sell", "size": "0.00289937", "price": "3145.57000000", "time": "2025-07-16T01:19:19.902329Z", "fetched_at": "2025-07-16T01:20:19.939617+00:00", "symbol": "ETH-USD"}, {"trade_id": 667708020, "side": "sell", "size": "0.02028301", "price": "3145.76000000", "time": "2025-07-16T01:19:19.779692Z", "fetched_at": "2025-07-16T01:20:19.939617+00:00", "symbol": "ETH-USD"}, {"trade_id": 667708019, "side": "sell", "size": "0.00256509", "price": "3145.75000000", "time": "2025-07-16T01:19:19.779692Z", "fetched_at": "2025-07-16T01:20:19.939617+00:00", "symbol": "ETH-USD"}, {"trade_id": 667708018, "side": "sell", "size": "0.00010335", "price": "3145.44000000", "time": "2025-07-16T01:19:19.779692Z", "fetched_at": "2025-07-16T01:20:19.939617+00:00", "symbol": "ETH-USD"}, {"trade_id": 667708017, "side": "sell", "size": "0.00823280", "price": "3145.99000000", "time": "2025-07-16T01:19:18.995469Z", "fetched_at": "2025-07-16T01:20:19.939617+00:00", "symbol": "ETH-USD"}, {"trade_id": 667708016, "side": "sell", "size": "0.01667231", "price": "3145.99000000", "time": "2025-07-16T01:19:18.995469Z", "fetched_at": "2025-07-16T01:20:19.939617+00:00", "symbol": "ETH-USD"}, {"trade_id": 667708015, "side": "sell", "size": "0.00032054", "price": "3145.98000000", "time": "2025-07-16T01:19:18.995469Z", "fetched_at": "2025-07-16T01:20:19.939617+00:00", "symbol": "ETH-USD"}, {"trade_id": 667708014, "side": "sell", "size": "0.00022355", "price": "3145.59000000", "time": "2025-07-16T01:19:18.995469Z", "fetched_at": "2025-07-16T01:20:19.939617+00:00", "symbol": "ETH-USD"}, {"trade_id": 667708013, "side": "sell", "size": "0.00096004", "price": "3145.59000000", "time": "2025-07-16T01:19:18.995469Z", "fetched_at": "2025-07-16T01:20:19.939617+00:00", "symbol": "ETH-USD"}, {"trade_id": 667708012, "side": "sell", "size": "0.00010335", "price": "3145.59000000", "time": "2025-07-16T01:19:18.995469Z", "fetched_at": "2025-07-16T01:20:19.939617+00:00", "symbol": "ETH-USD"}, {"trade_id": 667708011, "side": "sell", "size": "0.15895329", "price": "3145.58000000", "time": "2025-07-16T01:19:18.995469Z", "fetched_at": "2025-07-16T01:20:19.939617+00:00", "symbol": "ETH-USD"}, {"trade_id": 667708010, "side": "buy", "size": "0.02594295", "price": "3145.32000000", "time": "2025-07-16T01:19:18.620692Z", "fetched_at": "2025-07-16T01:20:19.939617+00:00", "symbol": "ETH-USD"}, {"trade_id": 667708009, "side": "buy", "size": "0.00145431", "price": "3145.33000000", "time": "2025-07-16T01:19:18.620692Z", "fetched_at": "2025-07-16T01:20:19.939617+00:00", "symbol": "ETH-USD"}, {"trade_id": 667708008, "side": "sell", "size": "0.15540171", "price": "3145.94000000", "time": "2025-07-16T01:19:18.368687Z", "fetched_at": "2025-07-16T01:20:19.939617+00:00", "symbol": "ETH-USD"}, {"trade_id": 667708007, "side": "sell", "size": "0.19987874", "price": "3145.94000000", "time": "2025-07-16T01:19:18.368687Z", "fetched_at": "2025-07-16T01:20:19.939617+00:00", "symbol": "ETH-USD"}, {"trade_id": 667708006, "side": "sell", "size": "0.15894184", "price": "3145.81000000", "time": "2025-07-16T01:19:18.368687Z", "fetched_at": "2025-07-16T01:20:19.939617+00:00", "symbol": "ETH-USD"}, {"trade_id": 667708005, "side": "sell", "size": "0.00317919", "price": "3145.80000000", "time": "2025-07-16T01:19:18.368687Z", "fetched_at": "2025-07-16T01:20:19.939617+00:00", "symbol": "ETH-USD"}, {"trade_id": 667708004, "side": "sell", "size": "0.00010334", "price": "3145.59000000", "time": "2025-07-16T01:19:18.368687Z", "fetched_at": "2025-07-16T01:20:19.939617+00:00", "symbol": "ETH-USD"}, {"trade_id": 667708003, "side": "sell", "size": "0.00024002", "price": "3145.59000000", "time": "2025-07-16T01:19:18.368687Z", "fetched_at": "2025-07-16T01:20:19.939617+00:00", "symbol": "ETH-USD"}, {"trade_id": 667708002, "side": "sell", "size": "0.00005588", "price": "3145.59000000", "time": "2025-07-16T01:19:18.368687Z", "fetched_at": "2025-07-16T01:20:19.939617+00:00", "symbol": "ETH-USD"}, {"trade_id": 667708001, "side": "buy", "size": "0.30908487", "price": "3145.23000000", "time": "2025-07-16T01:19:17.917868Z", "fetched_at": "2025-07-16T01:20:19.939617+00:00", "symbol": "ETH-USD"}, {"trade_id": 667708000, "side": "buy", "size": "0.00136148", "price": "3145.24000000", "time": "2025-07-16T01:19:17.917868Z", "fetched_at": "2025-07-16T01:20:19.939617+00:00", "symbol": "ETH-USD"}, {"trade_id": 667707999, "side": "buy", "size": "0.04293199", "price": "3145.44000000", "time": "2025-07-16T01:19:17.917868Z", "fetched_at": "2025-07-16T01:20:19.939617+00:00", "symbol": "ETH-USD"}, {"trade_id": 667707998, "side": "buy", "size": "0.00100000", "price": "3145.44000000", "time": "2025-07-16T01:19:17.917868Z", "fetched_at": "2025-07-16T01:20:19.939617+00:00", "symbol": "ETH-USD"}, {"trade_id": 667707997, "side": "sell", "size": "0.15744776", "price": "3145.46000000", "time": "2025-07-16T01:19:17.308692Z", "fetched_at": "2025-07-16T01:20:19.939617+00:00", "symbol": "ETH-USD"}, {"trade_id": 667707996, "side": "buy", "size": "0.33219818", "price": "3145.56000000", "time": "2025-07-16T01:19:16.754550Z", "fetched_at": "2025-07-16T01:20:19.939617+00:00", "symbol": "ETH-USD"}, {"trade_id": 667707995, "side": "buy", "size": "0.10000000", "price": "3145.58000000", "time": "2025-07-16T01:19:16.753422Z", "fetched_at": "2025-07-16T01:20:19.939617+00:00", "symbol": "ETH-USD"}, {"trade_id": 667707994, "side": "buy", "size": "0.00100000", "price": "3145.68000000", "time": "2025-07-16T01:19:16.753422Z", "fetched_at": "2025-07-16T01:20:19.939617+00:00", "symbol": "ETH-USD"}, {"trade_id": 667707993, "side": "buy", "size": "0.10332902", "price": "3145.68000000", "time": "2025-07-16T01:19:16.753422Z", "fetched_at": "2025-07-16T01:20:19.939617+00:00", "symbol": "ETH-USD"}, {"trade_id": 667707992, "side": "buy", "size": "0.12540687", "price": "3145.92000000", "time": "2025-07-16T01:19:16.582874Z", "fetched_at": "2025-07-16T01:20:19.939617+00:00", "symbol": "ETH-USD"}, {"trade_id": 667707991, "side": "buy", "size": "0.00100000", "price": "3145.92000000", "time": "2025-07-16T01:19:16.582874Z", "fetched_at": "2025-07-16T01:20:19.939617+00:00", "symbol": "ETH-USD"}, {"trade_id": 667707990, "side": "sell", "size": "0.00916265", "price": "3146.23000000", "time": "2025-07-16T01:19:15.367315Z", "fetched_at": "2025-07-16T01:20:19.939617+00:00", "symbol": "ETH-USD"}, {"trade_id": 667707989, "side": "sell", "size": "0.00317871", "price": "3146.22000000", "time": "2025-07-16T01:19:15.367315Z", "fetched_at": "2025-07-16T01:20:19.939617+00:00", "symbol": "ETH-USD"}, {"trade_id": 667707988, "side": "sell", "size": "0.15705053", "price": "3145.93000000", "time": "2025-07-16T01:19:14.169776Z", "fetched_at": "2025-07-16T01:20:19.939617+00:00", "symbol": "ETH-USD"}, {"trade_id": 667707987, "side": "buy", "size": "0.13854385", "price": "3146.26000000", "time": "2025-07-16T01:19:13.303235Z", "fetched_at": "2025-07-16T01:20:19.939617+00:00", "symbol": "ETH-USD"}, {"trade_id": 667707986, "side": "buy", "size": "0.00036342", "price": "3146.37000000", "time": "2025-07-16T01:19:13.295774Z", "fetched_at": "2025-07-16T01:20:19.939617+00:00", "symbol": "ETH-USD"}, {"trade_id": 667707985, "side": "buy", "size": "2.11497971", "price": "3146.40000000", "time": "2025-07-16T01:19:13.295774Z", "fetched_at": "2025-07-16T01:20:19.939617+00:00", "symbol": "ETH-USD"}, {"trade_id": 667707984, "side": "buy", "size": "0.09864654", "price": "3146.41000000", "time": "2025-07-16T01:19:13.295774Z", "fetched_at": "2025-07-16T01:20:19.939617+00:00", "symbol": "ETH-USD"}, {"trade_id": 667707983, "side": "buy", "size": "0.00001271", "price": "3146.52000000", "time": "2025-07-16T01:19:13.295774Z", "fetched_at": "2025-07-16T01:20:19.939617+00:00", "symbol": "ETH-USD"}, {"trade_id": 667707982, "side": "buy", "size": "0.20868490", "price": "3146.61000000", "time": "2025-07-16T01:19:13.165978Z", "fetched_at": "2025-07-16T01:20:19.939617+00:00", "symbol": "ETH-USD"}, {"trade_id": 667707981, "side": "buy", "size": "0.78322312", "price": "3146.61000000", "time": "2025-07-16T01:19:13.165978Z", "fetched_at": "2025-07-16T01:20:19.939617+00:00", "symbol": "ETH-USD"}, {"trade_id": 667707980, "side": "buy", "size": "0.54850000", "price": "3146.61000000", "time": "2025-07-16T01:19:13.165978Z", "fetched_at": "2025-07-16T01:20:19.939617+00:00", "symbol": "ETH-USD"}, {"trade_id": 667707979, "side": "sell", "size": "0.02281091", "price": "3146.62000000", "time": "2025-07-16T01:19:11.273811Z", "fetched_at": "2025-07-16T01:20:19.939617+00:00", "symbol": "ETH-USD"}, {"trade_id": 667707978, "side": "sell", "size": "0.00318119", "price": "3146.62000000", "time": "2025-07-16T01:19:11.273811Z", "fetched_at": "2025-07-16T01:20:19.939617+00:00", "symbol": "ETH-USD"}, {"trade_id": 667707977, "side": "buy", "size": "0.05150000", "price": "3146.61000000", "time": "2025-07-16T01:19:11.155945Z", "fetched_at": "2025-07-16T01:20:19.939617+00:00", "symbol": "ETH-USD"}, {"trade_id": 667707976, "side": "sell", "size": "0.42440053", "price": "3147.21000000", "time": "2025-07-16T01:19:10.142777Z", "fetched_at": "2025-07-16T01:20:19.939617+00:00", "symbol": "ETH-USD"}, {"trade_id": 667707975, "side": "sell", "size": "0.16683000", "price": "3147.18000000", "time": "2025-07-16T01:19:10.142777Z", "fetched_at": "2025-07-16T01:20:19.939617+00:00", "symbol": "ETH-USD"}, {"trade_id": 667707974, "side": "sell", "size": "0.16683000", "price": "3147.22000000", "time": "2025-07-16T01:19:10.130529Z", "fetched_at": "2025-07-16T01:20:19.939617+00:00", "symbol": "ETH-USD"}, {"trade_id": 667707973, "side": "sell", "size": "0.57509795", "price": "3147.25000000", "time": "2025-07-16T01:19:10.117206Z", "fetched_at": "2025-07-16T01:20:19.939617+00:00", "symbol": "ETH-USD"}, {"trade_id": 667707972, "side": "sell", "size": "0.30524922", "price": "3147.22000000", "time": "2025-07-16T01:19:10.101877Z", "fetched_at": "2025-07-16T01:20:19.939617+00:00", "symbol": "ETH-USD"}, {"trade_id": 667707971, "side": "sell", "size": "0.06822797", "price": "3147.16000000", "time": "2025-07-16T01:19:10.101877Z", "fetched_at": "2025-07-16T01:20:19.939617+00:00", "symbol": "ETH-USD"}, {"trade_id": 667707970, "side": "sell", "size": "0.08945032", "price": "3147.06000000", "time": "2025-07-16T01:19:10.101877Z", "fetched_at": "2025-07-16T01:20:19.939617+00:00", "symbol": "ETH-USD"}, {"trade_id": 667707969, "side": "sell", "size": "0.10265567", "price": "3147.05000000", "time": "2025-07-16T01:19:10.101877Z", "fetched_at": "2025-07-16T01:20:19.939617+00:00", "symbol": "ETH-USD"}, {"trade_id": 667707968, "side": "sell", "size": "0.08191321", "price": "3146.96000000", "time": "2025-07-16T01:19:10.101877Z", "fetched_at": "2025-07-16T01:20:19.939617+00:00", "symbol": "ETH-USD"}, {"trade_id": 667707967, "side": "sell", "size": "0.00055220", "price": "3146.95000000", "time": "2025-07-16T01:19:10.101877Z", "fetched_at": "2025-07-16T01:20:19.939617+00:00", "symbol": "ETH-USD"}, {"trade_id": 667707966, "side": "sell", "size": "0.02483795", "price": "3147.30000000", "time": "2025-07-16T01:19:10.044154Z", "fetched_at": "2025-07-16T01:20:19.939617+00:00", "symbol": "ETH-USD"}, {"trade_id": 667707965, "side": "sell", "size": "0.06295713", "price": "3147.29000000", "time": "2025-07-16T01:19:10.044154Z", "fetched_at": "2025-07-16T01:20:19.939617+00:00", "symbol": "ETH-USD"}, {"trade_id": 667707964, "side": "sell", "size": "0.42447264", "price": "3147.20000000", "time": "2025-07-16T01:19:10.044154Z", "fetched_at": "2025-07-16T01:20:19.939617+00:00", "symbol": "ETH-USD"}, {"trade_id": 667707963, "side": "sell", "size": "0.16683000", "price": "3147.20000000", "time": "2025-07-16T01:19:10.041656Z", "fetched_at": "2025-07-16T01:20:19.939617+00:00", "symbol": "ETH-USD"}, {"trade_id": 667707962, "side": "sell", "size": "0.08506752", "price": "3147.30000000", "time": "2025-07-16T01:19:10.036888Z", "fetched_at": "2025-07-16T01:20:19.939617+00:00", "symbol": "ETH-USD"}, {"trade_id": 667707961, "side": "sell", "size": "0.00795661", "price": "3147.03000000", "time": "2025-07-16T01:19:10.036888Z", "fetched_at": "2025-07-16T01:20:19.939617+00:00", "symbol": "ETH-USD"}, {"trade_id": 667707960, "side": "sell", "size": "0.15887339", "price": "3147.03000000", "time": "2025-07-16T01:19:10.036676Z", "fetched_at": "2025-07-16T01:20:19.939617+00:00", "symbol": "ETH-USD"}, {"trade_id": 667707959, "side": "sell", "size": "0.78219857", "price": "3147.03000000", "time": "2025-07-16T01:19:10.036370Z", "fetched_at": "2025-07-16T01:20:19.939617+00:00", "symbol": "ETH-USD"}, {"trade_id": 667707958, "side": "sell", "size": "0.07380587", "price": "3147.00000000", "time": "2025-07-16T01:19:10.036370Z", "fetched_at": "2025-07-16T01:20:19.939617+00:00", "symbol": "ETH-USD"}, {"trade_id": 667707957, "side": "sell", "size": "0.09302413", "price": "3147.00000000", "time": "2025-07-16T01:19:10.026344Z", "fetched_at": "2025-07-16T01:20:19.939617+00:00", "symbol": "ETH-USD"}, {"trade_id": 667707956, "side": "sell", "size": "0.13635000", "price": "3147.03000000", "time": "2025-07-16T01:19:10.019643Z", "fetched_at": "2025-07-16T01:20:19.939617+00:00", "symbol": "ETH-USD"}, {"trade_id": 667707955, "side": "sell", "size": "0.16683000", "price": "3147.03000000", "time": "2025-07-16T01:19:10.018790Z", "fetched_at": "2025-07-16T01:20:19.939617+00:00", "symbol": "ETH-USD"}, {"trade_id": 667707954, "side": "sell", "size": "0.16683000", "price": "3146.53000000", "time": "2025-07-16T01:19:10.007935Z", "fetched_at": "2025-07-16T01:20:19.939617+00:00", "symbol": "ETH-USD"}, {"trade_id": 667707953, "side": "sell", "size": "0.15848248", "price": "3146.53000000", "time": "2025-07-16T01:19:10.007477Z", "fetched_at": "2025-07-16T01:20:19.939617+00:00", "symbol": "ETH-USD"}, {"trade_id": 667707952, "side": "sell", "size": "0.02823927", "price": "3147.03000000", "time": "2025-07-16T01:19:10.002980Z", "fetched_at": "2025-07-16T01:20:19.939617+00:00", "symbol": "ETH-USD"}, {"trade_id": 667707951, "side": "sell", "size": "0.12504099", "price": "3146.90000000", "time": "2025-07-16T01:19:10.002980Z", "fetched_at": "2025-07-16T01:20:19.939617+00:00", "symbol": "ETH-USD"}, {"trade_id": 667707950, "side": "sell", "size": "0.58524783", "price": "3146.81000000", "time": "2025-07-16T01:19:10.002980Z", "fetched_at": "2025-07-16T01:20:19.939617+00:00", "symbol": "ETH-USD"}, {"trade_id": 667707949, "side": "sell", "size": "0.06180884", "price": "3146.80000000", "time": "2025-07-16T01:19:10.002980Z", "fetched_at": "2025-07-16T01:20:19.939617+00:00", "symbol": "ETH-USD"}, {"trade_id": 667707948, "side": "sell", "size": "0.30318000", "price": "3146.53000000", "time": "2025-07-16T01:19:10.002980Z", "fetched_at": "2025-07-16T01:20:19.939617+00:00", "symbol": "ETH-USD"}, {"trade_id": 667707947, "side": "buy", "size": "0.01812650", "price": "3146.45000000", "time": "2025-07-16T01:19:09.989973Z", "fetched_at": "2025-07-16T01:20:19.939617+00:00", "symbol": "ETH-USD"}, {"trade_id": 667707946, "side": "buy", "size": "0.01580862", "price": "3146.21000000", "time": "2025-07-16T01:19:09.982897Z", "fetched_at": "2025-07-16T01:20:19.939617+00:00", "symbol": "ETH-USD"}, {"trade_id": 667707945, "side": "buy", "size": "0.01685635", "price": "3146.21000000", "time": "2025-07-16T01:19:09.982693Z", "fetched_at": "2025-07-16T01:20:19.939617+00:00", "symbol": "ETH-USD"}, {"trade_id": 667707944, "side": "buy", "size": "0.01846348", "price": "3146.25000000", "time": "2025-07-16T01:19:09.982580Z", "fetched_at": "2025-07-16T01:20:19.939617+00:00", "symbol": "ETH-USD"}, {"trade_id": 667707943, "side": "sell", "size": "1.26199941", "price": "3146.40000000", "time": "2025-07-16T01:19:09.982333Z", "fetched_at": "2025-07-16T01:20:19.939617+00:00", "symbol": "ETH-USD"}, {"trade_id": 667707942, "side": "buy", "size": "0.01698484", "price": "3146.25000000", "time": "2025-07-16T01:19:09.981433Z", "fetched_at": "2025-07-16T01:20:19.939617+00:00", "symbol": "ETH-USD"}, {"trade_id": 667707941, "side": "buy", "size": "0.01711034", "price": "3146.25000000", "time": "2025-07-16T01:19:09.981353Z", "fetched_at": "2025-07-16T01:20:19.939617+00:00", "symbol": "ETH-USD"}, {"trade_id": 667707940, "side": "sell", "size": "0.00506398", "price": "3147.51000000", "time": "2025-07-16T01:19:09.968664Z", "fetched_at": "2025-07-16T01:20:19.939617+00:00", "symbol": "ETH-USD"}, {"trade_id": 667707939, "side": "sell", "size": "0.08676181", "price": "3147.51000000", "time": "2025-07-16T01:19:09.968664Z", "fetched_at": "2025-07-16T01:20:19.939617+00:00", "symbol": "ETH-USD"}, {"trade_id": 667707938, "side": "sell", "size": "0.10000000", "price": "3147.13000000", "time": "2025-07-16T01:19:09.968664Z", "fetched_at": "2025-07-16T01:20:19.939617+00:00", "symbol": "ETH-USD"}, {"trade_id": 667707937, "side": "sell", "size": "1.10351693", "price": "3146.72000000", "time": "2025-07-16T01:19:09.968664Z", "fetched_at": "2025-07-16T01:20:19.939617+00:00", "symbol": "ETH-USD"}, {"trade_id": 667707936, "side": "buy", "size": "0.01815496", "price": "3146.49000000", "time": "2025-07-16T01:19:09.968205Z", "fetched_at": "2025-07-16T01:20:19.939617+00:00", "symbol": "ETH-USD"}, {"trade_id": 667707935, "side": "buy", "size": "0.01643836", "price": "3146.49000000", "time": "2025-07-16T01:19:09.968100Z", "fetched_at": "2025-07-16T01:20:19.939617+00:00", "symbol": "ETH-USD"}, {"trade_id": 667707934, "side": "sell", "size": "0.01542572", "price": "3147.51000000", "time": "2025-07-16T01:19:09.967598Z", "fetched_at": "2025-07-16T01:20:19.939617+00:00", "symbol": "ETH-USD"}, {"trade_id": 667707933, "side": "buy", "size": "0.01866489", "price": "3146.49000000", "time": "2025-07-16T01:19:09.967126Z", "fetched_at": "2025-07-16T01:20:19.939617+00:00", "symbol": "ETH-USD"}, {"trade_id": 667707932, "side": "buy", "size": "0.01469790", "price": "3146.49000000", "time": "2025-07-16T01:19:09.967125Z", "fetched_at": "2025-07-16T01:20:19.939617+00:00", "symbol": "ETH-USD"}, {"trade_id": 667707931, "side": "buy", "size": "0.01643295", "price": "3146.49000000", "time": "2025-07-16T01:19:09.966291Z", "fetched_at": "2025-07-16T01:20:19.939617+00:00", "symbol": "ETH-USD"}, {"trade_id": 667707930, "side": "buy", "size": "0.01771880", "price": "3146.49000000", "time": "2025-07-16T01:19:09.966083Z", "fetched_at": "2025-07-16T01:20:19.939617+00:00", "symbol": "ETH-USD"}, {"trade_id": 667707929, "side": "buy", "size": "0.01612895", "price": "3146.49000000", "time": "2025-07-16T01:19:09.965934Z", "fetched_at": "2025-07-16T01:20:19.939617+00:00", "symbol": "ETH-USD"}, {"trade_id": 667707928, "side": "sell", "size": "0.07938460", "price": "3147.65000000", "time": "2025-07-16T01:19:09.962248Z", "fetched_at": "2025-07-16T01:20:19.939617+00:00", "symbol": "ETH-USD"}, {"trade_id": 667707927, "side": "sell", "size": "0.94500000", "price": "3147.52000000", "time": "2025-07-16T01:19:09.962248Z", "fetched_at": "2025-07-16T01:20:19.939617+00:00", "symbol": "ETH-USD"}, {"trade_id": 667707926, "side": "sell", "size": "0.03981760", "price": "3147.32000000", "time": "2025-07-16T01:19:09.953746Z", "fetched_at": "2025-07-16T01:20:19.939617+00:00", "symbol": "ETH-USD"}, {"trade_id": 667707925, "side": "sell", "size": "0.33424214", "price": "3147.14000000", "time": "2025-07-16T01:19:09.953746Z", "fetched_at": "2025-07-16T01:20:19.939617+00:00", "symbol": "ETH-USD"}, {"trade_id": 667707924, "side": "sell", "size": "0.16683000", "price": "3146.96000000", "time": "2025-07-16T01:19:09.953746Z", "fetched_at": "2025-07-16T01:20:19.939617+00:00", "symbol": "ETH-USD"}