[{"trade_id": 667657183, "side": "sell", "size": "0.00075400", "price": "3125.71000000", "time": "2025-07-15T23:23:19.103571Z", "fetched_at": "2025-07-15T23:23:24.561246+00:00", "symbol": "ETH-USD"}, {"trade_id": 667657182, "side": "buy", "size": "0.50653582", "price": "3126.11000000", "time": "2025-07-15T23:23:19.044422Z", "fetched_at": "2025-07-15T23:23:24.561246+00:00", "symbol": "ETH-USD"}, {"trade_id": 667657181, "side": "buy", "size": "0.15652783", "price": "3126.11000000", "time": "2025-07-15T23:23:18.941286Z", "fetched_at": "2025-07-15T23:23:24.561246+00:00", "symbol": "ETH-USD"}, {"trade_id": 667657180, "side": "buy", "size": "0.71532684", "price": "3126.22000000", "time": "2025-07-15T23:23:18.807836Z", "fetched_at": "2025-07-15T23:23:24.561246+00:00", "symbol": "ETH-USD"}, {"trade_id": 667657179, "side": "buy", "size": "1.14426572", "price": "3126.22000000", "time": "2025-07-15T23:23:18.806722Z", "fetched_at": "2025-07-15T23:23:24.561246+00:00", "symbol": "ETH-USD"}, {"trade_id": 667657178, "side": "sell", "size": "0.01517181", "price": "3126.23000000", "time": "2025-07-15T23:23:18.586330Z", "fetched_at": "2025-07-15T23:23:24.561246+00:00", "symbol": "ETH-USD"}, {"trade_id": 667657177, "side": "sell", "size": "0.00122590", "price": "3126.23000000", "time": "2025-07-15T23:23:18.351654Z", "fetched_at": "2025-07-15T23:23:24.561246+00:00", "symbol": "ETH-USD"}, {"trade_id": 667657176, "side": "buy", "size": "0.02848980", "price": "3126.22000000", "time": "2025-07-15T23:23:18.126493Z", "fetched_at": "2025-07-15T23:23:24.561246+00:00", "symbol": "ETH-USD"}, {"trade_id": 667657175, "side": "sell", "size": "0.01737742", "price": "3126.27000000", "time": "2025-07-15T23:23:18.021830Z", "fetched_at": "2025-07-15T23:23:24.561246+00:00", "symbol": "ETH-USD"}, {"trade_id": 667657174, "side": "sell", "size": "0.00792018", "price": "3126.27000000", "time": "2025-07-15T23:23:17.789822Z", "fetched_at": "2025-07-15T23:23:24.561246+00:00", "symbol": "ETH-USD"}, {"trade_id": 667657173, "side": "sell", "size": "0.00008004", "price": "3126.23000000", "time": "2025-07-15T23:23:17.641633Z", "fetched_at": "2025-07-15T23:23:24.561246+00:00", "symbol": "ETH-USD"}, {"trade_id": 667657172, "side": "sell", "size": "0.00003649", "price": "3126.23000000", "time": "2025-07-15T23:23:17.641633Z", "fetched_at": "2025-07-15T23:23:24.561246+00:00", "symbol": "ETH-USD"}, {"trade_id": 667657171, "side": "sell", "size": "0.00001854", "price": "3126.23000000", "time": "2025-07-15T23:23:17.641633Z", "fetched_at": "2025-07-15T23:23:24.561246+00:00", "symbol": "ETH-USD"}, {"trade_id": 667657170, "side": "sell", "size": "0.33618654", "price": "3126.23000000", "time": "2025-07-15T23:23:17.641633Z", "fetched_at": "2025-07-15T23:23:24.561246+00:00", "symbol": "ETH-USD"}, {"trade_id": 667657169, "side": "sell", "size": "0.00051630", "price": "3126.23000000", "time": "2025-07-15T23:23:17.637651Z", "fetched_at": "2025-07-15T23:23:24.561246+00:00", "symbol": "ETH-USD"}, {"trade_id": 667657168, "side": "sell", "size": "0.17474461", "price": "3126.23000000", "time": "2025-07-15T23:23:17.297518Z", "fetched_at": "2025-07-15T23:23:24.561246+00:00", "symbol": "ETH-USD"}, {"trade_id": 667657167, "side": "sell", "size": "0.00010334", "price": "3126.23000000", "time": "2025-07-15T23:23:17.297518Z", "fetched_at": "2025-07-15T23:23:24.561246+00:00", "symbol": "ETH-USD"}, {"trade_id": 667657166, "side": "sell", "size": "0.00024002", "price": "3126.23000000", "time": "2025-07-15T23:23:17.297518Z", "fetched_at": "2025-07-15T23:23:24.561246+00:00", "symbol": "ETH-USD"}, {"trade_id": 667657165, "side": "sell", "size": "0.00005588", "price": "3126.23000000", "time": "2025-07-15T23:23:17.297518Z", "fetched_at": "2025-07-15T23:23:24.561246+00:00", "symbol": "ETH-USD"}, {"trade_id": 667657164, "side": "sell", "size": "0.12747089", "price": "3126.23000000", "time": "2025-07-15T23:23:17.297518Z", "fetched_at": "2025-07-15T23:23:24.561246+00:00", "symbol": "ETH-USD"}, {"trade_id": 667657163, "side": "sell", "size": "0.00606911", "price": "3126.23000000", "time": "2025-07-15T23:23:16.677409Z", "fetched_at": "2025-07-15T23:23:24.561246+00:00", "symbol": "ETH-USD"}, {"trade_id": 667657162, "side": "buy", "size": "0.43130672", "price": "3126.18000000", "time": "2025-07-15T23:23:15.799108Z", "fetched_at": "2025-07-15T23:23:24.561246+00:00", "symbol": "ETH-USD"}, {"trade_id": 667657161, "side": "buy", "size": "0.10630285", "price": "3126.18000000", "time": "2025-07-15T23:23:15.799108Z", "fetched_at": "2025-07-15T23:23:24.561246+00:00", "symbol": "ETH-USD"}, {"trade_id": 667657160, "side": "buy", "size": "0.94500000", "price": "3126.20000000", "time": "2025-07-15T23:23:15.799108Z", "fetched_at": "2025-07-15T23:23:24.561246+00:00", "symbol": "ETH-USD"}, {"trade_id": 667657159, "side": "buy", "size": "0.48407912", "price": "3126.24000000", "time": "2025-07-15T23:23:15.799108Z", "fetched_at": "2025-07-15T23:23:24.561246+00:00", "symbol": "ETH-USD"}, {"trade_id": 667657158, "side": "buy", "size": "0.05640576", "price": "3126.42000000", "time": "2025-07-15T23:23:15.799108Z", "fetched_at": "2025-07-15T23:23:24.561246+00:00", "symbol": "ETH-USD"}, {"trade_id": 667657157, "side": "buy", "size": "0.94500000", "price": "3126.54000000", "time": "2025-07-15T23:23:15.799108Z", "fetched_at": "2025-07-15T23:23:24.561246+00:00", "symbol": "ETH-USD"}, {"trade_id": 667657156, "side": "sell", "size": "0.12707674", "price": "3126.38000000", "time": "2025-07-15T23:23:15.792463Z", "fetched_at": "2025-07-15T23:23:24.561246+00:00", "symbol": "ETH-USD"}, {"trade_id": 667657155, "side": "sell", "size": "0.15995654", "price": "3126.41000000", "time": "2025-07-15T23:23:15.789454Z", "fetched_at": "2025-07-15T23:23:24.561246+00:00", "symbol": "ETH-USD"}, {"trade_id": 667657154, "side": "sell", "size": "0.77447103", "price": "3126.39000000", "time": "2025-07-15T23:23:15.789454Z", "fetched_at": "2025-07-15T23:23:24.561246+00:00", "symbol": "ETH-USD"}, {"trade_id": 667657153, "side": "sell", "size": "0.00011227", "price": "3126.29000000", "time": "2025-07-15T23:23:15.789249Z", "fetched_at": "2025-07-15T23:23:24.561246+00:00", "symbol": "ETH-USD"}, {"trade_id": 667657152, "side": "sell", "size": "0.94500000", "price": "3126.24000000", "time": "2025-07-15T23:23:15.788328Z", "fetched_at": "2025-07-15T23:23:24.561246+00:00", "symbol": "ETH-USD"}, {"trade_id": 667657151, "side": "sell", "size": "0.11265761", "price": "3126.18000000", "time": "2025-07-15T23:23:15.788328Z", "fetched_at": "2025-07-15T23:23:24.561246+00:00", "symbol": "ETH-USD"}, {"trade_id": 667657150, "side": "sell", "size": "0.68704126", "price": "3126.18000000", "time": "2025-07-15T23:23:15.787751Z", "fetched_at": "2025-07-15T23:23:24.561246+00:00", "symbol": "ETH-USD"}, {"trade_id": 667657149, "side": "sell", "size": "1.61917903", "price": "3126.00000000", "time": "2025-07-15T23:23:15.786787Z", "fetched_at": "2025-07-15T23:23:24.561246+00:00", "symbol": "ETH-USD"}, {"trade_id": 667657148, "side": "sell", "size": "0.30778514", "price": "3126.00000000", "time": "2025-07-15T23:23:15.786287Z", "fetched_at": "2025-07-15T23:23:24.561246+00:00", "symbol": "ETH-USD"}, {"trade_id": 667657147, "side": "sell", "size": "0.79976230", "price": "3125.93000000", "time": "2025-07-15T23:23:15.786287Z", "fetched_at": "2025-07-15T23:23:24.561246+00:00", "symbol": "ETH-USD"}, {"trade_id": 667657146, "side": "sell", "size": "0.15995513", "price": "3125.88000000", "time": "2025-07-15T23:23:15.786287Z", "fetched_at": "2025-07-15T23:23:24.561246+00:00", "symbol": "ETH-USD"}, {"trade_id": 667657145, "side": "sell", "size": "0.35095834", "price": "3125.82000000", "time": "2025-07-15T23:23:15.786287Z", "fetched_at": "2025-07-15T23:23:24.561246+00:00", "symbol": "ETH-USD"}, {"trade_id": 667657144, "side": "sell", "size": "0.08071401", "price": "3125.81000000", "time": "2025-07-15T23:23:15.786287Z", "fetched_at": "2025-07-15T23:23:24.561246+00:00", "symbol": "ETH-USD"}, {"trade_id": 667657143, "side": "sell", "size": "0.00049259", "price": "3125.80000000", "time": "2025-07-15T23:23:15.786287Z", "fetched_at": "2025-07-15T23:23:24.561246+00:00", "symbol": "ETH-USD"}, {"trade_id": 667657142, "side": "sell", "size": "0.06157159", "price": "3125.56000000", "time": "2025-07-15T23:23:15.786287Z", "fetched_at": "2025-07-15T23:23:24.561246+00:00", "symbol": "ETH-USD"}, {"trade_id": 667657141, "side": "sell", "size": "0.00020668", "price": "3125.33000000", "time": "2025-07-15T23:23:15.786287Z", "fetched_at": "2025-07-15T23:23:24.561246+00:00", "symbol": "ETH-USD"}, {"trade_id": 667657140, "side": "sell", "size": "0.00048004", "price": "3125.33000000", "time": "2025-07-15T23:23:15.786287Z", "fetched_at": "2025-07-15T23:23:24.561246+00:00", "symbol": "ETH-USD"}, {"trade_id": 667657139, "side": "sell", "size": "0.00011179", "price": "3125.33000000", "time": "2025-07-15T23:23:15.786287Z", "fetched_at": "2025-07-15T23:23:24.561246+00:00", "symbol": "ETH-USD"}, {"trade_id": 667657138, "side": "sell", "size": "0.01510090", "price": "3125.17000000", "time": "2025-07-15T23:23:14.360415Z", "fetched_at": "2025-07-15T23:23:24.561246+00:00", "symbol": "ETH-USD"}, {"trade_id": 667657137, "side": "sell", "size": "0.00044138", "price": "3125.16000000", "time": "2025-07-15T23:23:14.360415Z", "fetched_at": "2025-07-15T23:23:24.561246+00:00", "symbol": "ETH-USD"}, {"trade_id": 667657136, "side": "sell", "size": "0.00414258", "price": "3125.25000000", "time": "2025-07-15T23:23:14.054201Z", "fetched_at": "2025-07-15T23:23:24.561246+00:00", "symbol": "ETH-USD"}, {"trade_id": 667657135, "side": "sell", "size": "0.00049411", "price": "3125.24000000", "time": "2025-07-15T23:23:14.054201Z", "fetched_at": "2025-07-15T23:23:24.561246+00:00", "symbol": "ETH-USD"}, {"trade_id": 667657134, "side": "buy", "size": "0.00210071", "price": "3124.73000000", "time": "2025-07-15T23:23:13.976709Z", "fetched_at": "2025-07-15T23:23:24.561246+00:00", "symbol": "ETH-USD"}, {"trade_id": 667657133, "side": "buy", "size": "0.06157159", "price": "3124.39000000", "time": "2025-07-15T23:23:13.404848Z", "fetched_at": "2025-07-15T23:23:24.561246+00:00", "symbol": "ETH-USD"}, {"trade_id": 667657132, "side": "buy", "size": "0.00320062", "price": "3124.40000000", "time": "2025-07-15T23:23:13.404848Z", "fetched_at": "2025-07-15T23:23:24.561246+00:00", "symbol": "ETH-USD"}, {"trade_id": 667657131, "side": "buy", "size": "0.00010000", "price": "3124.64000000", "time": "2025-07-15T23:23:13.404848Z", "fetched_at": "2025-07-15T23:23:24.561246+00:00", "symbol": "ETH-USD"}, {"trade_id": 667657130, "side": "buy", "size": "0.00010000", "price": "3124.92000000", "time": "2025-07-15T23:23:13.335319Z", "fetched_at": "2025-07-15T23:23:24.561246+00:00", "symbol": "ETH-USD"}, {"trade_id": 667657129, "side": "buy", "size": "2.00000000", "price": "3125.28000000", "time": "2025-07-15T23:23:12.309266Z", "fetched_at": "2025-07-15T23:23:24.561246+00:00", "symbol": "ETH-USD"}, {"trade_id": 667657128, "side": "sell", "size": "0.03034604", "price": "3125.31000000", "time": "2025-07-15T23:23:11.585334Z", "fetched_at": "2025-07-15T23:23:24.561246+00:00", "symbol": "ETH-USD"}, {"trade_id": 667657127, "side": "sell", "size": "0.01213488", "price": "3125.31000000", "time": "2025-07-15T23:23:11.386210Z", "fetched_at": "2025-07-15T23:23:24.561246+00:00", "symbol": "ETH-USD"}, {"trade_id": 667657126, "side": "sell", "size": "0.03195240", "price": "3125.65000000", "time": "2025-07-15T23:23:10.745726Z", "fetched_at": "2025-07-15T23:23:24.561246+00:00", "symbol": "ETH-USD"}, {"trade_id": 667657125, "side": "sell", "size": "0.00035066", "price": "3125.38000000", "time": "2025-07-15T23:23:10.745726Z", "fetched_at": "2025-07-15T23:23:24.561246+00:00", "symbol": "ETH-USD"}, {"trade_id": 667657124, "side": "sell", "size": "0.00005588", "price": "3125.15000000", "time": "2025-07-15T23:23:10.114118Z", "fetched_at": "2025-07-15T23:23:24.561246+00:00", "symbol": "ETH-USD"}, {"trade_id": 667657123, "side": "sell", "size": "0.00024001", "price": "3125.15000000", "time": "2025-07-15T23:23:10.114118Z", "fetched_at": "2025-07-15T23:23:24.561246+00:00", "symbol": "ETH-USD"}, {"trade_id": 667657122, "side": "sell", "size": "0.00010335", "price": "3125.15000000", "time": "2025-07-15T23:23:10.114118Z", "fetched_at": "2025-07-15T23:23:24.561246+00:00", "symbol": "ETH-USD"}, {"trade_id": 667657121, "side": "sell", "size": "0.65967571", "price": "3125.13000000", "time": "2025-07-15T23:23:10.114118Z", "fetched_at": "2025-07-15T23:23:24.561246+00:00", "symbol": "ETH-USD"}, {"trade_id": 667657120, "side": "sell", "size": "0.00838977", "price": "3125.13000000", "time": "2025-07-15T23:23:08.398019Z", "fetched_at": "2025-07-15T23:23:24.561246+00:00", "symbol": "ETH-USD"}, {"trade_id": 667657119, "side": "sell", "size": "0.00045289", "price": "3125.12000000", "time": "2025-07-15T23:23:08.398019Z", "fetched_at": "2025-07-15T23:23:24.561246+00:00", "symbol": "ETH-USD"}, {"trade_id": 667657118, "side": "buy", "size": "0.04106148", "price": "3124.95000000", "time": "2025-07-15T23:23:08.279943Z", "fetched_at": "2025-07-15T23:23:24.561246+00:00", "symbol": "ETH-USD"}, {"trade_id": 667657117, "side": "buy", "size": "0.00320005", "price": "3124.96000000", "time": "2025-07-15T23:23:08.279943Z", "fetched_at": "2025-07-15T23:23:24.561246+00:00", "symbol": "ETH-USD"}, {"trade_id": 667657116, "side": "sell", "size": "0.00031664", "price": "3125.13000000", "time": "2025-07-15T23:23:08.223381Z", "fetched_at": "2025-07-15T23:23:24.561246+00:00", "symbol": "ETH-USD"}, {"trade_id": 667657115, "side": "sell", "size": "0.03161788", "price": "3125.13000000", "time": "2025-07-15T23:23:08.214894Z", "fetched_at": "2025-07-15T23:23:24.561246+00:00", "symbol": "ETH-USD"}, {"trade_id": 667657114, "side": "buy", "size": "2.00000000", "price": "3125.39000000", "time": "2025-07-15T23:23:07.351929Z", "fetched_at": "2025-07-15T23:23:24.561246+00:00", "symbol": "ETH-USD"}, {"trade_id": 667657113, "side": "buy", "size": "0.00319953", "price": "3125.46000000", "time": "2025-07-15T23:23:07.351929Z", "fetched_at": "2025-07-15T23:23:24.561246+00:00", "symbol": "ETH-USD"}, {"trade_id": 667657112, "side": "buy", "size": "0.01623000", "price": "3125.45000000", "time": "2025-07-15T23:23:07.339401Z", "fetched_at": "2025-07-15T23:23:24.561246+00:00", "symbol": "ETH-USD"}, {"trade_id": 667657111, "side": "buy", "size": "0.01623000", "price": "3125.45000000", "time": "2025-07-15T23:23:07.338950Z", "fetched_at": "2025-07-15T23:23:24.561246+00:00", "symbol": "ETH-USD"}, {"trade_id": 667657110, "side": "buy", "size": "0.01623000", "price": "3125.45000000", "time": "2025-07-15T23:23:07.338716Z", "fetched_at": "2025-07-15T23:23:24.561246+00:00", "symbol": "ETH-USD"}, {"trade_id": 667657109, "side": "buy", "size": "0.01303047", "price": "3125.45000000", "time": "2025-07-15T23:23:07.338593Z", "fetched_at": "2025-07-15T23:23:24.561246+00:00", "symbol": "ETH-USD"}, {"trade_id": 667657108, "side": "buy", "size": "0.00319953", "price": "3125.46000000", "time": "2025-07-15T23:23:07.338593Z", "fetched_at": "2025-07-15T23:23:24.561246+00:00", "symbol": "ETH-USD"}, {"trade_id": 667657107, "side": "buy", "size": "0.48666080", "price": "3125.70000000", "time": "2025-07-15T23:23:07.337813Z", "fetched_at": "2025-07-15T23:23:24.561246+00:00", "symbol": "ETH-USD"}, {"trade_id": 667657106, "side": "buy", "size": "0.30130727", "price": "3125.75000000", "time": "2025-07-15T23:23:07.337813Z", "fetched_at": "2025-07-15T23:23:24.561246+00:00", "symbol": "ETH-USD"}, {"trade_id": 667657105, "side": "buy", "size": "0.20268818", "price": "3125.75000000", "time": "2025-07-15T23:23:07.337355Z", "fetched_at": "2025-07-15T23:23:24.561246+00:00", "symbol": "ETH-USD"}, {"trade_id": 667657104, "side": "sell", "size": "0.00050109", "price": "3125.71000000", "time": "2025-07-15T23:23:07.273651Z", "fetched_at": "2025-07-15T23:23:24.561246+00:00", "symbol": "ETH-USD"}, {"trade_id": 667657103, "side": "sell", "size": "0.07657000", "price": "3125.40000000", "time": "2025-07-15T23:23:06.549280Z", "fetched_at": "2025-07-15T23:23:24.561246+00:00", "symbol": "ETH-USD"}, {"trade_id": 667657102, "side": "sell", "size": "0.00783352", "price": "3125.40000000", "time": "2025-07-15T23:23:05.787734Z", "fetched_at": "2025-07-15T23:23:24.561246+00:00", "symbol": "ETH-USD"}, {"trade_id": 667657101, "side": "sell", "size": "0.62299328", "price": "3125.40000000", "time": "2025-07-15T23:23:05.787734Z", "fetched_at": "2025-07-15T23:23:24.561246+00:00", "symbol": "ETH-USD"}, {"trade_id": 667657100, "side": "sell", "size": "0.00046357", "price": "3125.40000000", "time": "2025-07-15T23:23:05.787734Z", "fetched_at": "2025-07-15T23:23:24.561246+00:00", "symbol": "ETH-USD"}, {"trade_id": 667657099, "side": "sell", "size": "0.13354000", "price": "3125.40000000", "time": "2025-07-15T23:23:05.787734Z", "fetched_at": "2025-07-15T23:23:24.561246+00:00", "symbol": "ETH-USD"}, {"trade_id": 667657098, "side": "buy", "size": "0.07626916", "price": "3125.47000000", "time": "2025-07-15T23:23:04.770694Z", "fetched_at": "2025-07-15T23:23:24.561246+00:00", "symbol": "ETH-USD"}, {"trade_id": 667657097, "side": "sell", "size": "0.15997696", "price": "3125.45000000", "time": "2025-07-15T23:23:04.765352Z", "fetched_at": "2025-07-15T23:23:24.561246+00:00", "symbol": "ETH-USD"}, {"trade_id": 667657096, "side": "sell", "size": "0.00046357", "price": "3125.44000000", "time": "2025-07-15T23:23:04.765352Z", "fetched_at": "2025-07-15T23:23:24.561246+00:00", "symbol": "ETH-USD"}, {"trade_id": 667657095, "side": "buy", "size": "0.03652715", "price": "3125.01000000", "time": "2025-07-15T23:23:04.668850Z", "fetched_at": "2025-07-15T23:23:24.561246+00:00", "symbol": "ETH-USD"}, {"trade_id": 667657094, "side": "buy", "size": "0.00100000", "price": "3125.01000000", "time": "2025-07-15T23:23:04.668850Z", "fetched_at": "2025-07-15T23:23:24.561246+00:00", "symbol": "ETH-USD"}, {"trade_id": 667657093, "side": "buy", "size": "0.56780760", "price": "3125.04000000", "time": "2025-07-15T23:23:04.668850Z", "fetched_at": "2025-07-15T23:23:24.561246+00:00", "symbol": "ETH-USD"}, {"trade_id": 667657092, "side": "buy", "size": "0.39046551", "price": "3125.17000000", "time": "2025-07-15T23:23:04.668850Z", "fetched_at": "2025-07-15T23:23:24.561246+00:00", "symbol": "ETH-USD"}, {"trade_id": 667657091, "side": "buy", "size": "0.00100000", "price": "3125.24000000", "time": "2025-07-15T23:23:04.668850Z", "fetched_at": "2025-07-15T23:23:24.561246+00:00", "symbol": "ETH-USD"}, {"trade_id": 667657090, "side": "buy", "size": "0.00319974", "price": "3125.26000000", "time": "2025-07-15T23:23:04.668850Z", "fetched_at": "2025-07-15T23:23:24.561246+00:00", "symbol": "ETH-USD"}, {"trade_id": 667657089, "side": "buy", "size": "0.00319952", "price": "3125.47000000", "time": "2025-07-15T23:23:04.629973Z", "fetched_at": "2025-07-15T23:23:24.561246+00:00", "symbol": "ETH-USD"}, {"trade_id": 667657088, "side": "buy", "size": "0.00100000", "price": "3125.47000000", "time": "2025-07-15T23:23:04.629973Z", "fetched_at": "2025-07-15T23:23:24.561246+00:00", "symbol": "ETH-USD"}, {"trade_id": 667657087, "side": "buy", "size": "0.76184336", "price": "3125.61000000", "time": "2025-07-15T23:23:04.597231Z", "fetched_at": "2025-07-15T23:23:24.561246+00:00", "symbol": "ETH-USD"}, {"trade_id": 667657086, "side": "sell", "size": "0.01853266", "price": "3125.62000000", "time": "2025-07-15T23:23:04.168329Z", "fetched_at": "2025-07-15T23:23:24.561246+00:00", "symbol": "ETH-USD"}, {"trade_id": 667657085, "side": "buy", "size": "0.00122842", "price": "3125.61000000", "time": "2025-07-15T23:23:04.038053Z", "fetched_at": "2025-07-15T23:23:24.561246+00:00", "symbol": "ETH-USD"}, {"trade_id": 667657084, "side": "sell", "size": "0.00000319", "price": "3125.62000000", "time": "2025-07-15T23:23:03.484091Z", "fetched_at": "2025-07-15T23:23:24.561246+00:00", "symbol": "ETH-USD"}, {"trade_id": 667657083, "side": "sell", "size": "0.00001918", "price": "3125.62000000", "time": "2025-07-15T23:23:03.463816Z", "fetched_at": "2025-07-15T23:23:24.561246+00:00", "symbol": "ETH-USD"}, {"trade_id": 667657082, "side": "sell", "size": "0.02089607", "price": "3125.77000000", "time": "2025-07-15T23:23:03.423161Z", "fetched_at": "2025-07-15T23:23:24.561246+00:00", "symbol": "ETH-USD"}, {"trade_id": 667657081, "side": "sell", "size": "0.02659642", "price": "3125.77000000", "time": "2025-07-15T23:23:03.423161Z", "fetched_at": "2025-07-15T23:23:24.561246+00:00", "symbol": "ETH-USD"}, {"trade_id": 667657080, "side": "sell", "size": "0.02427789", "price": "3125.48000000", "time": "2025-07-15T23:23:03.226988Z", "fetched_at": "2025-07-15T23:23:24.561246+00:00", "symbol": "ETH-USD"}, {"trade_id": 667657079, "side": "buy", "size": "2.00000000", "price": "3125.62000000", "time": "2025-07-15T23:23:03.026176Z", "fetched_at": "2025-07-15T23:23:24.561246+00:00", "symbol": "ETH-USD"}, {"trade_id": 667657078, "side": "buy", "size": "0.00319936", "price": "3125.63000000", "time": "2025-07-15T23:23:03.026176Z", "fetched_at": "2025-07-15T23:23:24.561246+00:00", "symbol": "ETH-USD"}, {"trade_id": 667657077, "side": "buy", "size": "0.00092998", "price": "3125.70000000", "time": "2025-07-15T23:23:03.015854Z", "fetched_at": "2025-07-15T23:23:24.561246+00:00", "symbol": "ETH-USD"}, {"trade_id": 667657076, "side": "buy", "size": "0.00007002", "price": "3125.70000000", "time": "2025-07-15T23:23:02.796466Z", "fetched_at": "2025-07-15T23:23:24.561246+00:00", "symbol": "ETH-USD"}, {"trade_id": 667657075, "side": "buy", "size": "0.00006140", "price": "3125.82000000", "time": "2025-07-15T23:23:01.850689Z", "fetched_at": "2025-07-15T23:23:24.561246+00:00", "symbol": "ETH-USD"}, {"trade_id": 667657074, "side": "sell", "size": "0.03058081", "price": "3126.06000000", "time": "2025-07-15T23:23:00.979109Z", "fetched_at": "2025-07-15T23:23:24.561246+00:00", "symbol": "ETH-USD"}, {"trade_id": 667657073, "side": "sell", "size": "0.00049353", "price": "3125.92000000", "time": "2025-07-15T23:23:00.979109Z", "fetched_at": "2025-07-15T23:23:24.561246+00:00", "symbol": "ETH-USD"}, {"trade_id": 667657072, "side": "buy", "size": "0.26321853", "price": "3126.25000000", "time": "2025-07-15T23:23:00.757862Z", "fetched_at": "2025-07-15T23:23:24.561246+00:00", "symbol": "ETH-USD"}, {"trade_id": 667657071, "side": "sell", "size": "0.16000000", "price": "3126.62000000", "time": "2025-07-15T23:23:00.089182Z", "fetched_at": "2025-07-15T23:23:24.561246+00:00", "symbol": "ETH-USD"}, {"trade_id": 667657070, "side": "buy", "size": "1.09994412", "price": "3126.61000000", "time": "2025-07-15T23:23:00.087869Z", "fetched_at": "2025-07-15T23:23:24.561246+00:00", "symbol": "ETH-USD"}, {"trade_id": 667657069, "side": "buy", "size": "0.90005588", "price": "3126.61000000", "time": "2025-07-15T23:23:00.076519Z", "fetched_at": "2025-07-15T23:23:24.561246+00:00", "symbol": "ETH-USD"}, {"trade_id": 667657068, "side": "sell", "size": "0.00658749", "price": "3126.62000000", "time": "2025-07-15T23:23:00.049977Z", "fetched_at": "2025-07-15T23:23:24.561246+00:00", "symbol": "ETH-USD"}, {"trade_id": 667657067, "side": "sell", "size": "0.00100000", "price": "3126.62000000", "time": "2025-07-15T23:23:00.049977Z", "fetched_at": "2025-07-15T23:23:24.561246+00:00", "symbol": "ETH-USD"}, {"trade_id": 667657066, "side": "sell", "size": "0.79962525", "price": "3126.47000000", "time": "2025-07-15T23:22:58.676664Z", "fetched_at": "2025-07-15T23:23:24.561246+00:00", "symbol": "ETH-USD"}, {"trade_id": 667657065, "side": "sell", "size": "0.15992718", "price": "3126.43000000", "time": "2025-07-15T23:22:58.676664Z", "fetched_at": "2025-07-15T23:23:24.561246+00:00", "symbol": "ETH-USD"}, {"trade_id": 667657064, "side": "sell", "size": "0.15995087", "price": "3126.39000000", "time": "2025-07-15T23:22:58.676664Z", "fetched_at": "2025-07-15T23:23:24.561246+00:00", "symbol": "ETH-USD"}, {"trade_id": 667657063, "side": "sell", "size": "0.00100000", "price": "3126.39000000", "time": "2025-07-15T23:22:58.676664Z", "fetched_at": "2025-07-15T23:23:24.561246+00:00", "symbol": "ETH-USD"}, {"trade_id": 667657062, "side": "sell", "size": "0.37189113", "price": "3126.28000000", "time": "2025-07-15T23:22:58.675471Z", "fetched_at": "2025-07-15T23:23:24.561246+00:00", "symbol": "ETH-USD"}, {"trade_id": 667657061, "side": "sell", "size": "0.00051130", "price": "3126.11000000", "time": "2025-07-15T23:22:58.675471Z", "fetched_at": "2025-07-15T23:23:24.561246+00:00", "symbol": "ETH-USD"}, {"trade_id": 667657060, "side": "buy", "size": "0.83794823", "price": "3126.22000000", "time": "2025-07-15T23:22:58.512515Z", "fetched_at": "2025-07-15T23:23:24.561246+00:00", "symbol": "ETH-USD"}, {"trade_id": 667657059, "side": "sell", "size": "0.00100000", "price": "3126.16000000", "time": "2025-07-15T23:22:58.448624Z", "fetched_at": "2025-07-15T23:23:24.561246+00:00", "symbol": "ETH-USD"}, {"trade_id": 667657058, "side": "sell", "size": "0.00005589", "price": "3126.14000000", "time": "2025-07-15T23:22:58.448624Z", "fetched_at": "2025-07-15T23:23:24.561246+00:00", "symbol": "ETH-USD"}, {"trade_id": 667657057, "side": "sell", "size": "0.00024003", "price": "3126.14000000", "time": "2025-07-15T23:22:58.448624Z", "fetched_at": "2025-07-15T23:23:24.561246+00:00", "symbol": "ETH-USD"}, {"trade_id": 667657056, "side": "sell", "size": "0.00010335", "price": "3126.14000000", "time": "2025-07-15T23:22:58.448624Z", "fetched_at": "2025-07-15T23:23:24.561246+00:00", "symbol": "ETH-USD"}, {"trade_id": 667657055, "side": "sell", "size": "0.15994318", "price": "3126.11000000", "time": "2025-07-15T23:22:58.448624Z", "fetched_at": "2025-07-15T23:23:24.561246+00:00", "symbol": "ETH-USD"}, {"trade_id": 667657054, "side": "sell", "size": "0.00053971", "price": "3125.86000000", "time": "2025-07-15T23:22:58.448624Z", "fetched_at": "2025-07-15T23:23:24.561246+00:00", "symbol": "ETH-USD"}, {"trade_id": 667657053, "side": "sell", "size": "0.90000000", "price": "3125.98000000", "time": "2025-07-15T23:22:57.310544Z", "fetched_at": "2025-07-15T23:23:24.561246+00:00", "symbol": "ETH-USD"}, {"trade_id": 667657052, "side": "sell", "size": "0.00054320", "price": "3125.97000000", "time": "2025-07-15T23:22:57.310544Z", "fetched_at": "2025-07-15T23:23:24.561246+00:00", "symbol": "ETH-USD"}, {"trade_id": 667657051, "side": "buy", "size": "0.01616041", "price": "3125.87000000", "time": "2025-07-15T23:22:57.107446Z", "fetched_at": "2025-07-15T23:23:24.561246+00:00", "symbol": "ETH-USD"}, {"trade_id": 667657050, "side": "sell", "size": "0.00777462", "price": "3125.93000000", "time": "2025-07-15T23:22:56.251512Z", "fetched_at": "2025-07-15T23:23:24.561246+00:00", "symbol": "ETH-USD"}, {"trade_id": 667657049, "side": "sell", "size": "0.00208216", "price": "3126.09000000", "time": "2025-07-15T23:22:55.029781Z", "fetched_at": "2025-07-15T23:23:24.561246+00:00", "symbol": "ETH-USD"}, {"trade_id": 667657048, "side": "sell", "size": "0.00045246", "price": "3125.81000000", "time": "2025-07-15T23:22:55.029781Z", "fetched_at": "2025-07-15T23:23:24.561246+00:00", "symbol": "ETH-USD"}, {"trade_id": 667657047, "side": "sell", "size": "0.26053754", "price": "3126.19000000", "time": "2025-07-15T23:22:54.867332Z", "fetched_at": "2025-07-15T23:23:24.561246+00:00", "symbol": "ETH-USD"}, {"trade_id": 667657046, "side": "sell", "size": "0.10728145", "price": "3126.18000000", "time": "2025-07-15T23:22:54.867332Z", "fetched_at": "2025-07-15T23:23:24.561246+00:00", "symbol": "ETH-USD"}, {"trade_id": 667657045, "side": "sell", "size": "0.00100000", "price": "3126.16000000", "time": "2025-07-15T23:22:54.867332Z", "fetched_at": "2025-07-15T23:23:24.561246+00:00", "symbol": "ETH-USD"}, {"trade_id": 667657044, "side": "sell", "size": "0.00100000", "price": "3125.93000000", "time": "2025-07-15T23:22:54.867332Z", "fetched_at": "2025-07-15T23:23:24.561246+00:00", "symbol": "ETH-USD"}, {"trade_id": 667657043, "side": "sell", "size": "0.39988552", "price": "3125.91000000", "time": "2025-07-15T23:22:54.867332Z", "fetched_at": "2025-07-15T23:23:24.561246+00:00", "symbol": "ETH-USD"}, {"trade_id": 667657042, "side": "sell", "size": "0.19999845", "price": "3125.76000000", "time": "2025-07-15T23:22:54.867332Z", "fetched_at": "2025-07-15T23:23:24.561246+00:00", "symbol": "ETH-USD"}, {"trade_id": 667657041, "side": "sell", "size": "0.00045246", "price": "3125.70000000", "time": "2025-07-15T23:22:54.867332Z", "fetched_at": "2025-07-15T23:23:24.561246+00:00", "symbol": "ETH-USD"}, {"trade_id": 667657040, "side": "sell", "size": "0.00100000", "price": "3125.70000000", "time": "2025-07-15T23:22:54.867332Z", "fetched_at": "2025-07-15T23:23:24.561246+00:00", "symbol": "ETH-USD"}, {"trade_id": 667657039, "side": "sell", "size": "0.30131801", "price": "3125.66000000", "time": "2025-07-15T23:22:53.580869Z", "fetched_at": "2025-07-15T23:23:24.561246+00:00", "symbol": "ETH-USD"}, {"trade_id": 667657038, "side": "sell", "size": "0.01728306", "price": "3125.62000000", "time": "2025-07-15T23:22:52.842786Z", "fetched_at": "2025-07-15T23:23:24.561246+00:00", "symbol": "ETH-USD"}, {"trade_id": 667657037, "side": "sell", "size": "0.00047115", "price": "3125.47000000", "time": "2025-07-15T23:22:52.842786Z", "fetched_at": "2025-07-15T23:23:24.561246+00:00", "symbol": "ETH-USD"}, {"trade_id": 667657036, "side": "sell", "size": "0.00046801", "price": "3125.26000000", "time": "2025-07-15T23:22:52.842786Z", "fetched_at": "2025-07-15T23:23:24.561246+00:00", "symbol": "ETH-USD"}, {"trade_id": 667657035, "side": "sell", "size": "0.25148476", "price": "3125.45000000", "time": "2025-07-15T23:22:52.640310Z", "fetched_at": "2025-07-15T23:23:24.561246+00:00", "symbol": "ETH-USD"}, {"trade_id": 667657034, "side": "sell", "size": "0.00034457", "price": "3125.44000000", "time": "2025-07-15T23:22:52.640310Z", "fetched_at": "2025-07-15T23:23:24.561246+00:00", "symbol": "ETH-USD"}, {"trade_id": 667657033, "side": "buy", "size": "0.00010000", "price": "3125.32000000", "time": "2025-07-15T23:22:52.371226Z", "fetched_at": "2025-07-15T23:23:24.561246+00:00", "symbol": "ETH-USD"}, {"trade_id": 667657032, "side": "buy", "size": "0.01197168", "price": "3125.21000000", "time": "2025-07-15T23:22:51.853782Z", "fetched_at": "2025-07-15T23:23:24.561246+00:00", "symbol": "ETH-USD"}, {"trade_id": 667657031, "side": "buy", "size": "0.00082754", "price": "3125.24000000", "time": "2025-07-15T23:22:51.853782Z", "fetched_at": "2025-07-15T23:23:24.561246+00:00", "symbol": "ETH-USD"}, {"trade_id": 667657030, "side": "sell", "size": "0.00052885", "price": "3125.47000000", "time": "2025-07-15T23:22:51.677195Z", "fetched_at": "2025-07-15T23:23:24.561246+00:00", "symbol": "ETH-USD"}, {"trade_id": 667657029, "side": "sell", "size": "0.00010335", "price": "3125.41000000", "time": "2025-07-15T23:22:51.677195Z", "fetched_at": "2025-07-15T23:23:24.561246+00:00", "symbol": "ETH-USD"}, {"trade_id": 667657028, "side": "sell", "size": "0.00005651", "price": "3125.37000000", "time": "2025-07-15T23:22:51.677195Z", "fetched_at": "2025-07-15T23:23:24.561246+00:00", "symbol": "ETH-USD"}, {"trade_id": 667657027, "side": "sell", "size": "0.00024226", "price": "3125.37000000", "time": "2025-07-15T23:22:51.677195Z", "fetched_at": "2025-07-15T23:23:24.561246+00:00", "symbol": "ETH-USD"}, {"trade_id": 667657026, "side": "sell", "size": "0.00033927", "price": "3125.21000000", "time": "2025-07-15T23:22:51.677195Z", "fetched_at": "2025-07-15T23:23:24.561246+00:00", "symbol": "ETH-USD"}, {"trade_id": 667657025, "side": "buy", "size": "0.00011233", "price": "3125.20000000", "time": "2025-07-15T23:22:51.637933Z", "fetched_at": "2025-07-15T23:23:24.561246+00:00", "symbol": "ETH-USD"}, {"trade_id": 667657024, "side": "sell", "size": "0.00100000", "price": "3125.24000000", "time": "2025-07-15T23:22:50.540151Z", "fetched_at": "2025-07-15T23:23:24.561246+00:00", "symbol": "ETH-USD"}, {"trade_id": 667657023, "side": "sell", "size": "0.89411831", "price": "3125.22000000", "time": "2025-07-15T23:22:50.540151Z", "fetched_at": "2025-07-15T23:23:24.561246+00:00", "symbol": "ETH-USD"}, {"trade_id": 667657022, "side": "sell", "size": "0.00588169", "price": "3125.22000000", "time": "2025-07-15T23:22:50.539834Z", "fetched_at": "2025-07-15T23:23:24.561246+00:00", "symbol": "ETH-USD"}, {"trade_id": 667657021, "side": "sell", "size": "0.00033723", "price": "3125.20000000", "time": "2025-07-15T23:22:50.539834Z", "fetched_at": "2025-07-15T23:23:24.561246+00:00", "symbol": "ETH-USD"}, {"trade_id": 667657020, "side": "buy", "size": "0.00012482", "price": "3125.19000000", "time": "2025-07-15T23:22:50.199228Z", "fetched_at": "2025-07-15T23:23:24.561246+00:00", "symbol": "ETH-USD"}, {"trade_id": 667657019, "side": "sell", "size": "0.08836550", "price": "3125.16000000", "time": "2025-07-15T23:22:50.104342Z", "fetched_at": "2025-07-15T23:23:24.561246+00:00", "symbol": "ETH-USD"}, {"trade_id": 667657018, "side": "sell", "size": "0.00033723", "price": "3125.05000000", "time": "2025-07-15T23:22:50.104342Z", "fetched_at": "2025-07-15T23:23:24.561246+00:00", "symbol": "ETH-USD"}, {"trade_id": 667657017, "side": "buy", "size": "0.04623722", "price": "3125.13000000", "time": "2025-07-15T23:22:50.030145Z", "fetched_at": "2025-07-15T23:23:24.561246+00:00", "symbol": "ETH-USD"}, {"trade_id": 667657016, "side": "sell", "size": "0.01821353", "price": "3125.16000000", "time": "2025-07-15T23:22:49.202478Z", "fetched_at": "2025-07-15T23:23:24.561246+00:00", "symbol": "ETH-USD"}, {"trade_id": 667657015, "side": "sell", "size": "0.00100000", "price": "3125.01000000", "time": "2025-07-15T23:22:49.110731Z", "fetched_at": "2025-07-15T23:23:24.561246+00:00", "symbol": "ETH-USD"}, {"trade_id": 667657014, "side": "sell", "size": "0.51350541", "price": "3124.95000000", "time": "2025-07-15T23:22:49.106983Z", "fetched_at": "2025-07-15T23:23:24.561246+00:00", "symbol": "ETH-USD"}, {"trade_id": 667657013, "side": "sell", "size": "0.00034495", "price": "3124.93000000", "time": "2025-07-15T23:22:49.106983Z", "fetched_at": "2025-07-15T23:23:24.561246+00:00", "symbol": "ETH-USD"}, {"trade_id": 667657012, "side": "sell", "size": "0.79883667", "price": "3124.93000000", "time": "2025-07-15T23:22:49.106983Z", "fetched_at": "2025-07-15T23:23:24.561246+00:00", "symbol": "ETH-USD"}, {"trade_id": 667657011, "side": "sell", "size": "0.00060864", "price": "3124.93000000", "time": "2025-07-15T23:22:48.949281Z", "fetched_at": "2025-07-15T23:23:24.561246+00:00", "symbol": "ETH-USD"}, {"trade_id": 667657010, "side": "sell", "size": "0.00055469", "price": "3124.93000000", "time": "2025-07-15T23:22:48.903939Z", "fetched_at": "2025-07-15T23:23:24.561246+00:00", "symbol": "ETH-USD"}, {"trade_id": 667657009, "side": "sell", "size": "0.00321055", "price": "3124.95000000", "time": "2025-07-15T23:22:48.280896Z", "fetched_at": "2025-07-15T23:23:24.561246+00:00", "symbol": "ETH-USD"}, {"trade_id": 667657008, "side": "sell", "size": "0.00018685", "price": "3124.93000000", "time": "2025-07-15T23:22:48.280896Z", "fetched_at": "2025-07-15T23:23:24.561246+00:00", "symbol": "ETH-USD"}, {"trade_id": 667657007, "side": "sell", "size": "0.00043654", "price": "3124.92000000", "time": "2025-07-15T23:22:48.280896Z", "fetched_at": "2025-07-15T23:23:24.561246+00:00", "symbol": "ETH-USD"}, {"trade_id": 667657006, "side": "sell", "size": "0.00010164", "price": "3124.92000000", "time": "2025-07-15T23:22:48.280896Z", "fetched_at": "2025-07-15T23:23:24.561246+00:00", "symbol": "ETH-USD"}, {"trade_id": 667657005, "side": "sell", "size": "0.00034121", "price": "3124.86000000", "time": "2025-07-15T23:22:48.280896Z", "fetched_at": "2025-07-15T23:23:24.561246+00:00", "symbol": "ETH-USD"}, {"trade_id": 667657004, "side": "sell", "size": "0.00034206", "price": "3124.76000000", "time": "2025-07-15T23:22:46.060857Z", "fetched_at": "2025-07-15T23:23:24.561246+00:00", "symbol": "ETH-USD"}, {"trade_id": 667657003, "side": "buy", "size": "0.01616201", "price": "3124.76000000", "time": "2025-07-15T23:22:45.451140Z", "fetched_at": "2025-07-15T23:23:24.561246+00:00", "symbol": "ETH-USD"}, {"trade_id": 667657002, "side": "buy", "size": "0.38218073", "price": "3124.84000000", "time": "2025-07-15T23:22:45.178552Z", "fetched_at": "2025-07-15T23:23:24.561246+00:00", "symbol": "ETH-USD"}, {"trade_id": 667657001, "side": "buy", "size": "0.12998000", "price": "3124.86000000", "time": "2025-07-15T23:22:45.178552Z", "fetched_at": "2025-07-15T23:23:24.561246+00:00", "symbol": "ETH-USD"}, {"trade_id": 667657000, "side": "sell", "size": "0.00219616", "price": "3124.95000000", "time": "2025-07-15T23:22:44.638737Z", "fetched_at": "2025-07-15T23:23:24.561246+00:00", "symbol": "ETH-USD"}, {"trade_id": 667656999, "side": "sell", "size": "0.00033985", "price": "3124.81000000", "time": "2025-07-15T23:22:44.638737Z", "fetched_at": "2025-07-15T23:23:24.561246+00:00", "symbol": "ETH-USD"}, {"trade_id": 667656998, "side": "sell", "size": "0.78877894", "price": "3124.62000000", "time": "2025-07-15T23:22:44.468318Z", "fetched_at": "2025-07-15T23:23:24.561246+00:00", "symbol": "ETH-USD"}, {"trade_id": 667656997, "side": "sell", "size": "0.01122106", "price": "3124.62000000", "time": "2025-07-15T23:22:44.158367Z", "fetched_at": "2025-07-15T23:23:24.561246+00:00", "symbol": "ETH-USD"}, {"trade_id": 667656996, "side": "sell", "size": "0.00032594", "price": "3124.61000000", "time": "2025-07-15T23:22:44.158367Z", "fetched_at": "2025-07-15T23:23:24.561246+00:00", "symbol": "ETH-USD"}, {"trade_id": 667656995, "side": "buy", "size": "0.00637612", "price": "3124.74000000", "time": "2025-07-15T23:22:43.923061Z", "fetched_at": "2025-07-15T23:23:24.561246+00:00", "symbol": "ETH-USD"}, {"trade_id": 667656994, "side": "sell", "size": "0.12678382", "price": "3124.71000000", "time": "2025-07-15T23:22:43.599886Z", "fetched_at": "2025-07-15T23:23:24.561246+00:00", "symbol": "ETH-USD"}, {"trade_id": 667656993, "side": "sell", "size": "0.51500000", "price": "3124.45000000", "time": "2025-07-15T23:22:43.496643Z", "fetched_at": "2025-07-15T23:23:24.561246+00:00", "symbol": "ETH-USD"}, {"trade_id": 667656992, "side": "sell", "size": "0.79225888", "price": "3124.45000000", "time": "2025-07-15T23:22:43.495922Z", "fetched_at": "2025-07-15T23:23:24.561246+00:00", "symbol": "ETH-USD"}, {"trade_id": 667656991, "side": "sell", "size": "0.48500000", "price": "3124.51000000", "time": "2025-07-15T23:22:43.326837Z", "fetched_at": "2025-07-15T23:23:24.561246+00:00", "symbol": "ETH-USD"}, {"trade_id": 667656990, "side": "sell", "size": "0.51500000", "price": "3124.73000000", "time": "2025-07-15T23:22:43.163928Z", "fetched_at": "2025-07-15T23:23:24.561246+00:00", "symbol": "ETH-USD"}, {"trade_id": 667656989, "side": "buy", "size": "0.38554946", "price": "3124.91000000", "time": "2025-07-15T23:22:42.983634Z", "fetched_at": "2025-07-15T23:23:24.561246+00:00", "symbol": "ETH-USD"}, {"trade_id": 667656988, "side": "sell", "size": "0.06753627", "price": "3124.92000000", "time": "2025-07-15T23:22:42.969135Z", "fetched_at": "2025-07-15T23:23:24.561246+00:00", "symbol": "ETH-USD"}, {"trade_id": 667656987, "side": "sell", "size": "0.01326583", "price": "3124.92000000", "time": "2025-07-15T23:22:42.969135Z", "fetched_at": "2025-07-15T23:23:24.561246+00:00", "symbol": "ETH-USD"}, {"trade_id": 667656986, "side": "sell", "size": "0.09869772", "price": "3124.91000000", "time": "2025-07-15T23:22:42.915563Z", "fetched_at": "2025-07-15T23:23:24.561246+00:00", "symbol": "ETH-USD"}, {"trade_id": 667656985, "side": "sell", "size": "0.51575282", "price": "3124.91000000", "time": "2025-07-15T23:22:42.750786Z", "fetched_at": "2025-07-15T23:23:24.561246+00:00", "symbol": "ETH-USD"}, {"trade_id": 667656984, "side": "sell", "size": "0.03111172", "price": "3124.92000000", "time": "2025-07-15T23:22:42.534187Z", "fetched_at": "2025-07-15T23:23:24.561246+00:00", "symbol": "ETH-USD"}, {"trade_id": 667656983, "side": "buy", "size": "0.94500000", "price": "3124.94000000", "time": "2025-07-15T23:22:40.939292Z", "fetched_at": "2025-07-15T23:23:24.561246+00:00", "symbol": "ETH-USD"}, {"trade_id": 667656982, "side": "sell", "size": "0.70000000", "price": "3124.73000000", "time": "2025-07-15T23:22:40.930053Z", "fetched_at": "2025-07-15T23:23:24.561246+00:00", "symbol": "ETH-USD"}, {"trade_id": 667656981, "side": "sell", "size": "0.01518619", "price": "3124.76000000", "time": "2025-07-15T23:22:39.502487Z", "fetched_at": "2025-07-15T23:23:24.561246+00:00", "symbol": "ETH-USD"}, {"trade_id": 667656980, "side": "buy", "size": "0.00160068", "price": "3124.47000000", "time": "2025-07-15T23:22:39.391007Z", "fetched_at": "2025-07-15T23:23:24.561246+00:00", "symbol": "ETH-USD"}, {"trade_id": 667656979, "side": "buy", "size": "0.29100936", "price": "3124.50000000", "time": "2025-07-15T23:22:38.691276Z", "fetched_at": "2025-07-15T23:23:24.561246+00:00", "symbol": "ETH-USD"}, {"trade_id": 667656978, "side": "sell", "size": "0.01543488", "price": "3124.90000000", "time": "2025-07-15T23:22:38.263877Z", "fetched_at": "2025-07-15T23:23:24.561246+00:00", "symbol": "ETH-USD"}, {"trade_id": 667656977, "side": "sell", "size": "0.00100000", "price": "3124.78000000", "time": "2025-07-15T23:22:38.263877Z", "fetched_at": "2025-07-15T23:23:24.561246+00:00", "symbol": "ETH-USD"}, {"trade_id": 667656976, "side": "sell", "size": "0.00100000", "price": "3124.55000000", "time": "2025-07-15T23:22:38.263877Z", "fetched_at": "2025-07-15T23:23:24.561246+00:00", "symbol": "ETH-USD"}, {"trade_id": 667656975, "side": "sell", "size": "0.36485075", "price": "3124.46000000", "time": "2025-07-15T23:22:37.697976Z", "fetched_at": "2025-07-15T23:23:24.561246+00:00", "symbol": "ETH-USD"}, {"trade_id": 667656974, "side": "sell", "size": "0.39282584", "price": "3124.36000000", "time": "2025-07-15T23:22:37.597978Z", "fetched_at": "2025-07-15T23:23:24.561246+00:00", "symbol": "ETH-USD"}, {"trade_id": 667656973, "side": "sell", "size": "0.00100000", "price": "3124.32000000", "time": "2025-07-15T23:22:37.593762Z", "fetched_at": "2025-07-15T23:23:24.561246+00:00", "symbol": "ETH-USD"}, {"trade_id": 667656972, "side": "sell", "size": "0.28363511", "price": "3124.30000000", "time": "2025-07-15T23:22:37.593762Z", "fetched_at": "2025-07-15T23:23:24.561246+00:00", "symbol": "ETH-USD"}, {"trade_id": 667656971, "side": "sell", "size": "0.39282584", "price": "3124.30000000", "time": "2025-07-15T23:22:37.593677Z", "fetched_at": "2025-07-15T23:23:24.561246+00:00", "symbol": "ETH-USD"}, {"trade_id": 667656970, "side": "sell", "size": "0.00759093", "price": "3124.30000000", "time": "2025-07-15T23:22:37.558434Z", "fetched_at": "2025-07-15T23:23:24.561246+00:00", "symbol": "ETH-USD"}, {"trade_id": 667656969, "side": "sell", "size": "0.00039589", "price": "3124.30000000", "time": "2025-07-15T23:22:37.520096Z", "fetched_at": "2025-07-15T23:23:24.561246+00:00", "symbol": "ETH-USD"}, {"trade_id": 667656968, "side": "sell", "size": "0.01555223", "price": "3124.30000000", "time": "2025-07-15T23:22:36.736154Z", "fetched_at": "2025-07-15T23:23:24.561246+00:00", "symbol": "ETH-USD"}, {"trade_id": 667656967, "side": "sell", "size": "0.35867220", "price": "3124.12000000", "time": "2025-07-15T23:22:36.639179Z", "fetched_at": "2025-07-15T23:23:24.561246+00:00", "symbol": "ETH-USD"}, {"trade_id": 667656966, "side": "sell", "size": "0.00100000", "price": "3124.09000000", "time": "2025-07-15T23:22:36.639179Z", "fetched_at": "2025-07-15T23:23:24.561246+00:00", "symbol": "ETH-USD"}, {"trade_id": 667656965, "side": "sell", "size": "0.19991471", "price": "3124.06000000", "time": "2025-07-15T23:22:36.638973Z", "fetched_at": "2025-07-15T23:23:24.561246+00:00", "symbol": "ETH-USD"}, {"trade_id": 667656964, "side": "sell", "size": "0.00004123", "price": "3124.02000000", "time": "2025-07-15T23:22:36.638973Z", "fetched_at": "2025-07-15T23:23:24.561246+00:00", "symbol": "ETH-USD"}, {"trade_id": 667656963, "side": "sell", "size": "0.00001983", "price": "3124.02000000", "time": "2025-07-15T23:22:36.638973Z", "fetched_at": "2025-07-15T23:23:24.561246+00:00", "symbol": "ETH-USD"}, {"trade_id": 667656962, "side": "sell", "size": "0.00000953", "price": "3124.02000000", "time": "2025-07-15T23:22:36.638973Z", "fetched_at": "2025-07-15T23:23:24.561246+00:00", "symbol": "ETH-USD"}, {"trade_id": 667656961, "side": "sell", "size": "0.54941573", "price": "3124.02000000", "time": "2025-07-15T23:22:36.638973Z", "fetched_at": "2025-07-15T23:23:24.561246+00:00", "symbol": "ETH-USD"}, {"trade_id": 667656960, "side": "sell", "size": "0.02829069", "price": "3124.02000000", "time": "2025-07-15T23:22:36.486715Z", "fetched_at": "2025-07-15T23:23:24.561246+00:00", "symbol": "ETH-USD"}, {"trade_id": 667656959, "side": "sell", "size": "0.19987258", "price": "3124.02000000", "time": "2025-07-15T23:22:36.486715Z", "fetched_at": "2025-07-15T23:23:24.561246+00:00", "symbol": "ETH-USD"}, {"trade_id": 667656958, "side": "sell", "size": "0.08666188", "price": "3124.02000000", "time": "2025-07-15T23:22:36.486715Z", "fetched_at": "2025-07-15T23:23:24.561246+00:00", "symbol": "ETH-USD"}, {"trade_id": 667656957, "side": "sell", "size": "0.00100000", "price": "3123.86000000", "time": "2025-07-15T23:22:36.486715Z", "fetched_at": "2025-07-15T23:23:24.561246+00:00", "symbol": "ETH-USD"}, {"trade_id": 667656956, "side": "sell", "size": "0.00015292", "price": "3123.84000000", "time": "2025-07-15T23:22:36.486715Z", "fetched_at": "2025-07-15T23:23:24.561246+00:00", "symbol": "ETH-USD"}, {"trade_id": 667656955, "side": "sell", "size": "0.00065640", "price": "3123.84000000", "time": "2025-07-15T23:22:36.486715Z", "fetched_at": "2025-07-15T23:23:24.561246+00:00", "symbol": "ETH-USD"}, {"trade_id": 667656954, "side": "sell", "size": "0.00028059", "price": "3123.84000000", "time": "2025-07-15T23:22:36.486715Z", "fetched_at": "2025-07-15T23:23:24.561246+00:00", "symbol": "ETH-USD"}, {"trade_id": 667656953, "side": "sell", "size": "0.00010000", "price": "3123.84000000", "time": "2025-07-15T23:22:36.486715Z", "fetched_at": "2025-07-15T23:23:24.561246+00:00", "symbol": "ETH-USD"}, {"trade_id": 667656952, "side": "sell", "size": "0.15898502", "price": "3123.68000000", "time": "2025-07-15T23:22:35.654670Z", "fetched_at": "2025-07-15T23:23:24.561246+00:00", "symbol": "ETH-USD"}, {"trade_id": 667656951, "side": "sell", "size": "0.57469748", "price": "3123.65000000", "time": "2025-07-15T23:22:35.634580Z", "fetched_at": "2025-07-15T23:23:24.561246+00:00", "symbol": "ETH-USD"}, {"trade_id": 667656950, "side": "sell", "size": "0.22530252", "price": "3123.65000000", "time": "2025-07-15T23:22:35.256289Z", "fetched_at": "2025-07-15T23:23:24.561246+00:00", "symbol": "ETH-USD"}, {"trade_id": 667656949, "side": "sell", "size": "0.55521884", "price": "3123.64000000", "time": "2025-07-15T23:22:35.256289Z", "fetched_at": "2025-07-15T23:23:24.561246+00:00", "symbol": "ETH-USD"}, {"trade_id": 667656948, "side": "sell", "size": "0.01093367", "price": "3123.64000000", "time": "2025-07-15T23:22:35.119219Z", "fetched_at": "2025-07-15T23:23:24.561246+00:00", "symbol": "ETH-USD"}, {"trade_id": 667656947, "side": "buy", "size": "0.12998000", "price": "3123.60000000", "time": "2025-07-15T23:22:34.832726Z", "fetched_at": "2025-07-15T23:23:24.561246+00:00", "symbol": "ETH-USD"}, {"trade_id": 667656946, "side": "sell", "size": "0.04101152", "price": "3123.68000000", "time": "2025-07-15T23:22:34.778581Z", "fetched_at": "2025-07-15T23:23:24.561246+00:00", "symbol": "ETH-USD"}, {"trade_id": 667656945, "side": "sell", "size": "0.00100000", "price": "3123.63000000", "time": "2025-07-15T23:22:34.778581Z", "fetched_at": "2025-07-15T23:23:24.561246+00:00", "symbol": "ETH-USD"}, {"trade_id": 667656944, "side": "sell", "size": "0.00011237", "price": "3123.56000000", "time": "2025-07-15T23:22:34.778581Z", "fetched_at": "2025-07-15T23:23:24.561246+00:00", "symbol": "ETH-USD"}, {"trade_id": 667656943, "side": "sell", "size": "0.00096047", "price": "3123.44000000", "time": "2025-07-15T23:22:34.778581Z", "fetched_at": "2025-07-15T23:23:24.561246+00:00", "symbol": "ETH-USD"}, {"trade_id": 667656942, "side": "sell", "size": "0.00100000", "price": "3123.40000000", "time": "2025-07-15T23:22:34.778581Z", "fetched_at": "2025-07-15T23:23:24.561246+00:00", "symbol": "ETH-USD"}, {"trade_id": 667656941, "side": "sell", "size": "0.00012486", "price": "3123.29000000", "time": "2025-07-15T23:22:34.778581Z", "fetched_at": "2025-07-15T23:23:24.561246+00:00", "symbol": "ETH-USD"}, {"trade_id": 667656940, "side": "sell", "size": "0.00100000", "price": "3123.17000000", "time": "2025-07-15T23:22:34.778581Z", "fetched_at": "2025-07-15T23:23:24.561246+00:00", "symbol": "ETH-USD"}, {"trade_id": 667656939, "side": "sell", "size": "0.00002945", "price": "3123.16000000", "time": "2025-07-15T23:22:34.778581Z", "fetched_at": "2025-07-15T23:23:24.561246+00:00", "symbol": "ETH-USD"}, {"trade_id": 667656938, "side": "sell", "size": "0.00030367", "price": "3123.16000000", "time": "2025-07-15T23:22:34.778581Z", "fetched_at": "2025-07-15T23:23:24.561246+00:00", "symbol": "ETH-USD"}, {"trade_id": 667656937, "side": "sell", "size": "0.00001473", "price": "3123.16000000", "time": "2025-07-15T23:22:34.778581Z", "fetched_at": "2025-07-15T23:23:24.561246+00:00", "symbol": "ETH-USD"}, {"trade_id": 667656936, "side": "sell", "size": "0.68481469", "price": "3123.02000000", "time": "2025-07-15T23:22:33.943339Z", "fetched_at": "2025-07-15T23:23:24.561246+00:00", "symbol": "ETH-USD"}, {"trade_id": 667656935, "side": "sell", "size": "0.01518531", "price": "3123.02000000", "time": "2025-07-15T23:22:32.101957Z", "fetched_at": "2025-07-15T23:23:24.561246+00:00", "symbol": "ETH-USD"}, {"trade_id": 667656934, "side": "sell", "size": "0.00309061", "price": "3123.06000000", "time": "2025-07-15T23:22:31.310750Z", "fetched_at": "2025-07-15T23:23:24.561246+00:00", "symbol": "ETH-USD"}, {"trade_id": 667656933, "side": "buy", "size": "0.12385272", "price": "3122.51000000", "time": "2025-07-15T23:22:30.725101Z", "fetched_at": "2025-07-15T23:23:24.561246+00:00", "symbol": "ETH-USD"}, {"trade_id": 667656932, "side": "buy", "size": "0.10000000", "price": "3122.53000000", "time": "2025-07-15T23:22:30.725101Z", "fetched_at": "2025-07-15T23:23:24.561246+00:00", "symbol": "ETH-USD"}, {"trade_id": 667656931, "side": "buy", "size": "0.06771639", "price": "3122.59000000", "time": "2025-07-15T23:22:30.725101Z", "fetched_at": "2025-07-15T23:23:24.561246+00:00", "symbol": "ETH-USD"}, {"trade_id": 667656930, "side": "buy", "size": "0.11038758", "price": "3122.62000000", "time": "2025-07-15T23:22:30.725101Z", "fetched_at": "2025-07-15T23:23:24.561246+00:00", "symbol": "ETH-USD"}, {"trade_id": 667656929, "side": "buy", "size": "0.00320243", "price": "3122.63000000", "time": "2025-07-15T23:22:30.725101Z", "fetched_at": "2025-07-15T23:23:24.561246+00:00", "symbol": "ETH-USD"}, {"trade_id": 667656928, "side": "sell", "size": "0.33275167", "price": "3122.73000000", "time": "2025-07-15T23:22:30.504903Z", "fetched_at": "2025-07-15T23:23:24.561246+00:00", "symbol": "ETH-USD"}, {"trade_id": 667656927, "side": "sell", "size": "0.00033314", "price": "3122.72000000", "time": "2025-07-15T23:22:30.504903Z", "fetched_at": "2025-07-15T23:23:24.561246+00:00", "symbol": "ETH-USD"}, {"trade_id": 667656926, "side": "sell", "size": "0.90000000", "price": "3122.60000000", "time": "2025-07-15T23:22:30.504903Z", "fetched_at": "2025-07-15T23:23:24.561246+00:00", "symbol": "ETH-USD"}, {"trade_id": 667656925, "side": "sell", "size": "0.03110463", "price": "3122.59000000", "time": "2025-07-15T23:22:30.130691Z", "fetched_at": "2025-07-15T23:23:24.561246+00:00", "symbol": "ETH-USD"}, {"trade_id": 667656924, "side": "sell", "size": "0.00303653", "price": "3122.59000000", "time": "2025-07-15T23:22:29.874972Z", "fetched_at": "2025-07-15T23:23:24.561246+00:00", "symbol": "ETH-USD"}, {"trade_id": 667656923, "side": "sell", "size": "0.00151832", "price": "3122.62000000", "time": "2025-07-15T23:22:29.810403Z", "fetched_at": "2025-07-15T23:23:24.561246+00:00", "symbol": "ETH-USD"}, {"trade_id": 667656922, "side": "buy", "size": "0.04679744", "price": "3122.50000000", "time": "2025-07-15T23:22:29.751010Z", "fetched_at": "2025-07-15T23:23:24.561246+00:00", "symbol": "ETH-USD"}, {"trade_id": 667656921, "side": "buy", "size": "0.00320256", "price": "3122.51000000", "time": "2025-07-15T23:22:29.751010Z", "fetched_at": "2025-07-15T23:23:24.561246+00:00", "symbol": "ETH-USD"}, {"trade_id": 667656920, "side": "sell", "size": "0.00308983", "price": "3122.62000000", "time": "2025-07-15T23:22:29.379326Z", "fetched_at": "2025-07-15T23:23:24.561246+00:00", "symbol": "ETH-USD"}, {"trade_id": 667656919, "side": "sell", "size": "0.00333996", "price": "3122.70000000", "time": "2025-07-15T23:22:28.910454Z", "fetched_at": "2025-07-15T23:23:24.561246+00:00", "symbol": "ETH-USD"}, {"trade_id": 667656918, "side": "buy", "size": "0.00320242", "price": "3122.64000000", "time": "2025-07-15T23:22:28.866010Z", "fetched_at": "2025-07-15T23:23:24.561246+00:00", "symbol": "ETH-USD"}, {"trade_id": 667656917, "side": "buy", "size": "1.99999998", "price": "3122.65000000", "time": "2025-07-15T23:22:28.837365Z", "fetched_at": "2025-07-15T23:23:24.561246+00:00", "symbol": "ETH-USD"}, {"trade_id": 667656916, "side": "buy", "size": "0.00320240", "price": "3122.66000000", "time": "2025-07-15T23:22:28.837365Z", "fetched_at": "2025-07-15T23:23:24.561246+00:00", "symbol": "ETH-USD"}, {"trade_id": 667656915, "side": "sell", "size": "0.00000320", "price": "3122.97000000", "time": "2025-07-15T23:22:28.026217Z", "fetched_at": "2025-07-15T23:23:24.561246+00:00", "symbol": "ETH-USD"}, {"trade_id": 667656914, "side": "sell", "size": "0.00003840", "price": "3122.97000000", "time": "2025-07-15T23:22:28.004023Z", "fetched_at": "2025-07-15T23:23:24.561246+00:00", "symbol": "ETH-USD"}, {"trade_id": 667656913, "side": "sell", "size": "0.06072135", "price": "3122.68000000", "time": "2025-07-15T23:22:27.169713Z", "fetched_at": "2025-07-15T23:23:24.561246+00:00", "symbol": "ETH-USD"}, {"trade_id": 667656912, "side": "buy", "size": "1.00000000", "price": "3122.91000000", "time": "2025-07-15T23:22:27.033418Z", "fetched_at": "2025-07-15T23:23:24.561246+00:00", "symbol": "ETH-USD"}, {"trade_id": 667656911, "side": "sell", "size": "0.00267903", "price": "3122.91000000", "time": "2025-07-15T23:22:26.131395Z", "fetched_at": "2025-07-15T23:23:24.561246+00:00", "symbol": "ETH-USD"}, {"trade_id": 667656910, "side": "sell", "size": "0.00041059", "price": "3122.76000000", "time": "2025-07-15T23:22:26.131395Z", "fetched_at": "2025-07-15T23:23:24.561246+00:00", "symbol": "ETH-USD"}, {"trade_id": 667656909, "side": "sell", "size": "0.00090386", "price": "3122.62000000", "time": "2025-07-15T23:22:25.214926Z", "fetched_at": "2025-07-15T23:23:24.561246+00:00", "symbol": "ETH-USD"}, {"trade_id": 667656908, "side": "sell", "size": "0.22556097", "price": "3122.66000000", "time": "2025-07-15T23:22:24.887157Z", "fetched_at": "2025-07-15T23:23:24.561246+00:00", "symbol": "ETH-USD"}, {"trade_id": 667656907, "side": "sell", "size": "0.00043903", "price": "3122.65000000", "time": "2025-07-15T23:22:24.887157Z", "fetched_at": "2025-07-15T23:23:24.561246+00:00", "symbol": "ETH-USD"}, {"trade_id": 667656906, "side": "buy", "size": "0.00035083", "price": "3122.69000000", "time": "2025-07-15T23:22:24.793526Z", "fetched_at": "2025-07-15T23:23:24.561246+00:00", "symbol": "ETH-USD"}, {"trade_id": 667656905, "side": "buy", "size": "0.00320235", "price": "3122.71000000", "time": "2025-07-15T23:22:24.771607Z", "fetched_at": "2025-07-15T23:23:24.561246+00:00", "symbol": "ETH-USD"}, {"trade_id": 667656904, "side": "sell", "size": "0.77400000", "price": "3122.72000000", "time": "2025-07-15T23:22:24.714543Z", "fetched_at": "2025-07-15T23:23:24.561246+00:00", "symbol": "ETH-USD"}, {"trade_id": 667656903, "side": "sell", "size": "0.03110425", "price": "3122.72000000", "time": "2025-07-15T23:22:24.664222Z", "fetched_at": "2025-07-15T23:23:24.561246+00:00", "symbol": "ETH-USD"}, {"trade_id": 667656902, "side": "sell", "size": "0.00308969", "price": "3122.72000000", "time": "2025-07-15T23:22:24.629545Z", "fetched_at": "2025-07-15T23:23:24.561246+00:00", "symbol": "ETH-USD"}, {"trade_id": 667656901, "side": "sell", "size": "0.00185425", "price": "3122.72000000", "time": "2025-07-15T23:22:24.544266Z", "fetched_at": "2025-07-15T23:23:24.561246+00:00", "symbol": "ETH-USD"}, {"trade_id": 667656900, "side": "sell", "size": "0.01555228", "price": "3122.92000000", "time": "2025-07-15T23:22:24.462049Z", "fetched_at": "2025-07-15T23:23:24.561246+00:00", "symbol": "ETH-USD"}, {"trade_id": 667656899, "side": "buy", "size": "0.99536466", "price": "3122.91000000", "time": "2025-07-15T23:22:24.459813Z", "fetched_at": "2025-07-15T23:23:24.561246+00:00", "symbol": "ETH-USD"}, {"trade_id": 667656898, "side": "sell", "size": "0.01626808", "price": "3122.93000000", "time": "2025-07-15T23:22:24.265486Z", "fetched_at": "2025-07-15T23:23:24.561246+00:00", "symbol": "ETH-USD"}, {"trade_id": 667656897, "side": "buy", "size": "0.00163534", "price": "3122.91000000", "time": "2025-07-15T23:22:23.859541Z", "fetched_at": "2025-07-15T23:23:24.561246+00:00", "symbol": "ETH-USD"}, {"trade_id": 667656896, "side": "sell", "size": "0.00777606", "price": "3122.94000000", "time": "2025-07-15T23:22:23.561514Z", "fetched_at": "2025-07-15T23:23:24.561246+00:00", "symbol": "ETH-USD"}, {"trade_id": 667656895, "side": "sell", "size": "0.02045366", "price": "3122.94000000", "time": "2025-07-15T23:22:23.554929Z", "fetched_at": "2025-07-15T23:23:24.561246+00:00", "symbol": "ETH-USD"}, {"trade_id": 667656894, "side": "sell", "size": "0.03111382", "price": "3123.03000000", "time": "2025-07-15T23:22:23.288052Z", "fetched_at": "2025-07-15T23:23:24.561246+00:00", "symbol": "ETH-USD"}, {"trade_id": 667656893, "side": "sell", "size": "0.01521130", "price": "3123.08000000", "time": "2025-07-15T23:22:23.169174Z", "fetched_at": "2025-07-15T23:23:24.561246+00:00", "symbol": "ETH-USD"}, {"trade_id": 667656892, "side": "sell", "size": "0.00034451", "price": "3123.07000000", "time": "2025-07-15T23:22:23.169174Z", "fetched_at": "2025-07-15T23:23:24.561246+00:00", "symbol": "ETH-USD"}, {"trade_id": 667656891, "side": "buy", "size": "0.06575255", "price": "3122.68000000", "time": "2025-07-15T23:22:22.791013Z", "fetched_at": "2025-07-15T23:23:24.561246+00:00", "symbol": "ETH-USD"}, {"trade_id": 667656890, "side": "buy", "size": "0.00320237", "price": "3122.69000000", "time": "2025-07-15T23:22:22.791013Z", "fetched_at": "2025-07-15T23:23:24.561246+00:00", "symbol": "ETH-USD"}, {"trade_id": 667656889, "side": "buy", "size": "0.00228079", "price": "3122.91000000", "time": "2025-07-15T23:22:22.791013Z", "fetched_at": "2025-07-15T23:23:24.561246+00:00", "symbol": "ETH-USD"}, {"trade_id": 667656888, "side": "buy", "size": "0.99758769", "price": "3122.91000000", "time": "2025-07-15T23:22:22.417896Z", "fetched_at": "2025-07-15T23:23:24.561246+00:00", "symbol": "ETH-USD"}, {"trade_id": 667656887, "side": "buy", "size": "0.59992109", "price": "3122.92000000", "time": "2025-07-15T23:22:22.417896Z", "fetched_at": "2025-07-15T23:23:24.561246+00:00", "symbol": "ETH-USD"}, {"trade_id": 667656886, "side": "buy", "size": "0.00320125", "price": "3122.93000000", "time": "2025-07-15T23:22:22.417896Z", "fetched_at": "2025-07-15T23:23:24.561246+00:00", "symbol": "ETH-USD"}, {"trade_id": 667656885, "side": "sell", "size": "0.01434618", "price": "3123.17000000", "time": "2025-07-15T23:22:21.952962Z", "fetched_at": "2025-07-15T23:23:24.561246+00:00", "symbol": "ETH-USD"}, {"trade_id": 667656884, "side": "sell", "size": "0.00081148", "price": "3123.04000000", "time": "2025-07-15T23:22:21.952962Z", "fetched_at": "2025-07-15T23:23:24.561246+00:00", "symbol": "ETH-USD"}, {"trade_id": 667656883, "side": "sell", "size": "0.00010335", "price": "3122.99000000", "time": "2025-07-15T23:22:21.952962Z", "fetched_at": "2025-07-15T23:23:24.561246+00:00", "symbol": "ETH-USD"}, {"trade_id": 667656882, "side": "sell", "size": "0.00005589", "price": "3122.98000000", "time": "2025-07-15T23:22:21.952962Z", "fetched_at": "2025-07-15T23:23:24.561246+00:00", "symbol": "ETH-USD"}, {"trade_id": 667656881, "side": "sell", "size": "0.00024001", "price": "3122.98000000", "time": "2025-07-15T23:22:21.952962Z", "fetched_at": "2025-07-15T23:23:24.561246+00:00", "symbol": "ETH-USD"}, {"trade_id": 667656880, "side": "buy", "size": "0.15204952", "price": "3122.73000000", "time": "2025-07-15T23:22:21.645396Z", "fetched_at": "2025-07-15T23:23:24.561246+00:00", "symbol": "ETH-USD"}, {"trade_id": 667656879, "side": "buy", "size": "0.00320145", "price": "3122.74000000", "time": "2025-07-15T23:22:21.645396Z", "fetched_at": "2025-07-15T23:23:24.561246+00:00", "symbol": "ETH-USD"}, {"trade_id": 667656878, "side": "sell", "size": "0.08493595", "price": "3123.44000000", "time": "2025-07-15T23:22:21.270720Z", "fetched_at": "2025-07-15T23:23:24.561246+00:00", "symbol": "ETH-USD"}, {"trade_id": 667656877, "side": "sell", "size": "3.91934665", "price": "3123.43000000", "time": "2025-07-15T23:22:21.270720Z", "fetched_at": "2025-07-15T23:23:24.561246+00:00", "symbol": "ETH-USD"}, {"trade_id": 667656876, "side": "sell", "size": "0.77941917", "price": "3123.43000000", "time": "2025-07-15T23:22:21.270720Z", "fetched_at": "2025-07-15T23:23:24.561246+00:00", "symbol": "ETH-USD"}, {"trade_id": 667656875, "side": "sell", "size": "0.80041207", "price": "3123.40000000", "time": "2025-07-15T23:22:21.270720Z", "fetched_at": "2025-07-15T23:23:24.561246+00:00", "symbol": "ETH-USD"}, {"trade_id": 667656874, "side": "sell", "size": "0.60266568", "price": "3123.40000000", "time": "2025-07-15T23:22:21.270720Z", "fetched_at": "2025-07-15T23:23:24.561246+00:00", "symbol": "ETH-USD"}, {"trade_id": 667656873, "side": "sell", "size": "0.53525514", "price": "3123.38000000", "time": "2025-07-15T23:22:21.270720Z", "fetched_at": "2025-07-15T23:23:24.561246+00:00", "symbol": "ETH-USD"}, {"trade_id": 667656872, "side": "sell", "size": "0.07615775", "price": "3123.37000000", "time": "2025-07-15T23:22:21.270720Z", "fetched_at": "2025-07-15T23:23:24.561246+00:00", "symbol": "ETH-USD"}, {"trade_id": 667656871, "side": "sell", "size": "0.10000000", "price": "3123.36000000", "time": "2025-07-15T23:22:21.270720Z", "fetched_at": "2025-07-15T23:23:24.561246+00:00", "symbol": "ETH-USD"}, {"trade_id": 667656870, "side": "sell", "size": "0.94500000", "price": "3123.19000000", "time": "2025-07-15T23:22:21.270720Z", "fetched_at": "2025-07-15T23:23:24.561246+00:00", "symbol": "ETH-USD"}, {"trade_id": 667656869, "side": "sell", "size": "0.79583058", "price": "3123.07000000", "time": "2025-07-15T23:22:21.270720Z", "fetched_at": "2025-07-15T23:23:24.561246+00:00", "symbol": "ETH-USD"}, {"trade_id": 667656868, "side": "sell", "size": "0.00081148", "price": "3123.06000000", "time": "2025-07-15T23:22:21.270720Z", "fetched_at": "2025-07-15T23:23:24.561246+00:00", "symbol": "ETH-USD"}, {"trade_id": 667656867, "side": "sell", "size": "0.00005589", "price": "3123.01000000", "time": "2025-07-15T23:22:21.270720Z", "fetched_at": "2025-07-15T23:23:24.561246+00:00", "symbol": "ETH-USD"}, {"trade_id": 667656866, "side": "sell", "size": "0.16010964", "price": "3122.86000000", "time": "2025-07-15T23:22:21.270720Z", "fetched_at": "2025-07-15T23:23:24.561246+00:00", "symbol": "ETH-USD"}, {"trade_id": 667656865, "side": "sell", "size": "0.80000000", "price": "3122.83000000", "time": "2025-07-15T23:22:21.270720Z", "fetched_at": "2025-07-15T23:23:24.561246+00:00", "symbol": "ETH-USD"}, {"trade_id": 667656864, "side": "sell", "size": "0.47433285", "price": "3123.03000000", "time": "2025-07-15T23:22:20.660895Z", "fetched_at": "2025-07-15T23:23:24.561246+00:00", "symbol": "ETH-USD"}, {"trade_id": 667656863, "side": "sell", "size": "0.00081148", "price": "3123.03000000", "time": "2025-07-15T23:22:20.660895Z", "fetched_at": "2025-07-15T23:23:24.561246+00:00", "symbol": "ETH-USD"}, {"trade_id": 667656862, "side": "sell", "size": "0.16010144", "price": "3123.02000000", "time": "2025-07-15T23:22:20.660895Z", "fetched_at": "2025-07-15T23:23:24.561246+00:00", "symbol": "ETH-USD"}, {"trade_id": 667656861, "side": "sell", "size": "0.00686318", "price": "3122.91000000", "time": "2025-07-15T23:22:20.581053Z", "fetched_at": "2025-07-15T23:23:24.561246+00:00", "symbol": "ETH-USD"}, {"trade_id": 667656860, "side": "sell", "size": "0.00010335", "price": "3122.89000000", "time": "2025-07-15T23:22:20.581053Z", "fetched_at": "2025-07-15T23:23:24.561246+00:00", "symbol": "ETH-USD"}, {"trade_id": 667656859, "side": "sell", "size": "0.00081148", "price": "3122.89000000", "time": "2025-07-15T23:22:20.581053Z", "fetched_at": "2025-07-15T23:23:24.561246+00:00", "symbol": "ETH-USD"}, {"trade_id": 667656858, "side": "buy", "size": "0.00161692", "price": "3122.60000000", "time": "2025-07-15T23:22:20.552535Z", "fetched_at": "2025-07-15T23:23:24.561246+00:00", "symbol": "ETH-USD"}, {"trade_id": 667656857, "side": "sell", "size": "0.92847925", "price": "3122.92000000", "time": "2025-07-15T23:22:20.357689Z", "fetched_at": "2025-07-15T23:23:24.561246+00:00", "symbol": "ETH-USD"}, {"trade_id": 667656856, "side": "buy", "size": "0.22829770", "price": "3123.06000000", "time": "2025-07-15T23:22:20.012540Z", "fetched_at": "2025-07-15T23:23:24.561246+00:00", "symbol": "ETH-USD"}, {"trade_id": 667656855, "side": "sell", "size": "0.00466573", "price": "3123.07000000", "time": "2025-07-15T23:22:19.940840Z", "fetched_at": "2025-07-15T23:23:24.561246+00:00", "symbol": "ETH-USD"}, {"trade_id": 667656854, "side": "sell", "size": "0.00081148", "price": "3123.06000000", "time": "2025-07-15T23:22:19.719368Z", "fetched_at": "2025-07-15T23:23:24.561246+00:00", "symbol": "ETH-USD"}, {"trade_id": 667656853, "side": "sell", "size": "0.04297282", "price": "3122.92000000", "time": "2025-07-15T23:22:19.719368Z", "fetched_at": "2025-07-15T23:23:24.561246+00:00", "symbol": "ETH-USD"}, {"trade_id": 667656852, "side": "buy", "size": "0.00162000", "price": "3122.59000000", "time": "2025-07-15T23:22:19.590926Z", "fetched_at": "2025-07-15T23:23:24.561246+00:00", "symbol": "ETH-USD"}, {"trade_id": 667656851, "side": "buy", "size": "0.00100000", "price": "3122.71000000", "time": "2025-07-15T23:22:19.590926Z", "fetched_at": "2025-07-15T23:23:24.561246+00:00", "symbol": "ETH-USD"}, {"trade_id": 667656850, "side": "buy", "size": "0.00100000", "price": "3122.94000000", "time": "2025-07-15T23:22:19.590926Z", "fetched_at": "2025-07-15T23:23:24.561246+00:00", "symbol": "ETH-USD"}, {"trade_id": 667656849, "side": "buy", "size": "0.00320104", "price": "3123.14000000", "time": "2025-07-15T23:22:19.536359Z", "fetched_at": "2025-07-15T23:23:24.561246+00:00", "symbol": "ETH-USD"}, {"trade_id": 667656848, "side": "buy", "size": "0.00320113", "price": "3123.04000000", "time": "2025-07-15T23:22:19.516273Z", "fetched_at": "2025-07-15T23:23:24.561246+00:00", "symbol": "ETH-USD"}, {"trade_id": 667656847, "side": "buy", "size": "0.00100000", "price": "3123.17000000", "time": "2025-07-15T23:22:19.505483Z", "fetched_at": "2025-07-15T23:23:24.561246+00:00", "symbol": "ETH-USD"}, {"trade_id": 667656846, "side": "buy", "size": "0.28915931", "price": "3123.35000000", "time": "2025-07-15T23:22:19.490401Z", "fetched_at": "2025-07-15T23:23:24.561246+00:00", "symbol": "ETH-USD"}, {"trade_id": 667656845, "side": "buy", "size": "0.41084069", "price": "3123.35000000", "time": "2025-07-15T23:22:19.490288Z", "fetched_at": "2025-07-15T23:23:24.561246+00:00", "symbol": "ETH-USD"}, {"trade_id": 667656844, "side": "buy", "size": "0.29918852", "price": "3123.55000000", "time": "2025-07-15T23:22:19.269557Z", "fetched_at": "2025-07-15T23:23:24.561246+00:00", "symbol": "ETH-USD"}, {"trade_id": 667656843, "side": "sell", "size": "0.70000000", "price": "3123.54000000", "time": "2025-07-15T23:22:19.210193Z", "fetched_at": "2025-07-15T23:23:24.561246+00:00", "symbol": "ETH-USD"}, {"trade_id": 667656842, "side": "sell", "size": "0.00081148", "price": "3123.53000000", "time": "2025-07-15T23:22:19.210193Z", "fetched_at": "2025-07-15T23:23:24.561246+00:00", "symbol": "ETH-USD"}, {"trade_id": 667656841, "side": "sell", "size": "0.15529856", "price": "3123.49000000", "time": "2025-07-15T23:22:19.074102Z", "fetched_at": "2025-07-15T23:23:24.561246+00:00", "symbol": "ETH-USD"}, {"trade_id": 667656840, "side": "sell", "size": "0.00081148", "price": "3123.48000000", "time": "2025-07-15T23:22:19.074102Z", "fetched_at": "2025-07-15T23:23:24.561246+00:00", "symbol": "ETH-USD"}, {"trade_id": 667656839, "side": "buy", "size": "0.99800000", "price": "3123.55000000", "time": "2025-07-15T23:22:18.902693Z", "fetched_at": "2025-07-15T23:23:24.561246+00:00", "symbol": "ETH-USD"}, {"trade_id": 667656838, "side": "sell", "size": "0.07050486", "price": "3123.81000000", "time": "2025-07-15T23:22:17.622867Z", "fetched_at": "2025-07-15T23:23:24.561246+00:00", "symbol": "ETH-USD"}, {"trade_id": 667656837, "side": "sell", "size": "0.00081148", "price": "3123.81000000", "time": "2025-07-15T23:22:17.622867Z", "fetched_at": "2025-07-15T23:23:24.561246+00:00", "symbol": "ETH-USD"}, {"trade_id": 667656836, "side": "buy", "size": "0.00291026", "price": "3123.65000000", "time": "2025-07-15T23:22:16.816036Z", "fetched_at": "2025-07-15T23:23:24.561246+00:00", "symbol": "ETH-USD"}, {"trade_id": 667656835, "side": "buy", "size": "0.01485554", "price": "3123.65000000", "time": "2025-07-15T23:22:16.631504Z", "fetched_at": "2025-07-15T23:23:24.561246+00:00", "symbol": "ETH-USD"}, {"trade_id": 667656834, "side": "buy", "size": "0.00320050", "price": "3123.66000000", "time": "2025-07-15T23:22:16.631504Z", "fetched_at": "2025-07-15T23:23:24.561246+00:00", "symbol": "ETH-USD"}, {"trade_id": 667656833, "side": "buy", "size": "0.01035970", "price": "3123.70000000", "time": "2025-07-15T23:22:16.631504Z", "fetched_at": "2025-07-15T23:23:24.561246+00:00", "symbol": "ETH-USD"}, {"trade_id": 667656832, "side": "buy", "size": "0.00547030", "price": "3123.70000000", "time": "2025-07-15T23:22:16.629883Z", "fetched_at": "2025-07-15T23:23:24.561246+00:00", "symbol": "ETH-USD"}, {"trade_id": 667656831, "side": "sell", "size": "0.01589033", "price": "3124.05000000", "time": "2025-07-15T23:22:16.334337Z", "fetched_at": "2025-07-15T23:23:24.561246+00:00", "symbol": "ETH-USD"}, {"trade_id": 667656830, "side": "sell", "size": "0.00081148", "price": "3124.04000000", "time": "2025-07-15T23:22:16.334337Z", "fetched_at": "2025-07-15T23:23:24.561246+00:00", "symbol": "ETH-USD"}, {"trade_id": 667656829, "side": "sell", "size": "0.05833002", "price": "3124.05000000", "time": "2025-07-15T23:22:16.259162Z", "fetched_at": "2025-07-15T23:23:24.561246+00:00", "symbol": "ETH-USD"}, {"trade_id": 667656828, "side": "sell", "size": "0.00081148", "price": "3124.04000000", "time": "2025-07-15T23:22:16.259162Z", "fetched_at": "2025-07-15T23:23:24.561246+00:00", "symbol": "ETH-USD"}, {"trade_id": 667656827, "side": "buy", "size": "0.00000004", "price": "3123.74000000", "time": "2025-07-15T23:22:15.861041Z", "fetched_at": "2025-07-15T23:23:24.561246+00:00", "symbol": "ETH-USD"}, {"trade_id": 667656826, "side": "buy", "size": "0.00320041", "price": "3123.75000000", "time": "2025-07-15T23:22:15.861041Z", "fetched_at": "2025-07-15T23:23:24.561246+00:00", "symbol": "ETH-USD"}, {"trade_id": 667656825, "side": "sell", "size": "0.15460209", "price": "3124.06000000", "time": "2025-07-15T23:22:15.748137Z", "fetched_at": "2025-07-15T23:23:24.561246+00:00", "symbol": "ETH-USD"}, {"trade_id": 667656824, "side": "sell", "size": "0.00081148", "price": "3124.05000000", "time": "2025-07-15T23:22:15.748137Z", "fetched_at": "2025-07-15T23:23:24.561246+00:00", "symbol": "ETH-USD"}, {"trade_id": 667656823, "side": "sell", "size": "0.00077356", "price": "3124.17000000", "time": "2025-07-15T23:22:15.179400Z", "fetched_at": "2025-07-15T23:23:24.561246+00:00", "symbol": "ETH-USD"}, {"trade_id": 667656822, "side": "sell", "size": "0.00081148", "price": "3124.16000000", "time": "2025-07-15T23:22:15.179400Z", "fetched_at": "2025-07-15T23:23:24.561246+00:00", "symbol": "ETH-USD"}, {"trade_id": 667656821, "side": "buy", "size": "0.01953942", "price": "3123.70000000", "time": "2025-07-15T23:22:14.759258Z", "fetched_at": "2025-07-15T23:23:24.561246+00:00", "symbol": "ETH-USD"}, {"trade_id": 667656820, "side": "buy", "size": "0.00320046", "price": "3123.70000000", "time": "2025-07-15T23:22:14.759258Z", "fetched_at": "2025-07-15T23:23:24.561246+00:00", "symbol": "ETH-USD"}, {"trade_id": 667656819, "side": "buy", "size": "2.00000000", "price": "3124.27000000", "time": "2025-07-15T23:22:14.646575Z", "fetched_at": "2025-07-15T23:23:24.561246+00:00", "symbol": "ETH-USD"}, {"trade_id": 667656818, "side": "sell", "size": "0.00100000", "price": "3124.09000000", "time": "2025-07-15T23:22:13.853991Z", "fetched_at": "2025-07-15T23:23:24.561246+00:00", "symbol": "ETH-USD"}, {"trade_id": 667656817, "side": "sell", "size": "0.00100000", "price": "3123.86000000", "time": "2025-07-15T23:22:13.853991Z", "fetched_at": "2025-07-15T23:23:24.561246+00:00", "symbol": "ETH-USD"}, {"trade_id": 667656816, "side": "buy", "size": "0.00122824", "price": "3123.85000000", "time": "2025-07-15T23:22:13.840462Z", "fetched_at": "2025-07-15T23:23:24.561246+00:00", "symbol": "ETH-USD"}, {"trade_id": 667656815, "side": "sell", "size": "0.80034962", "price": "3123.64000000", "time": "2025-07-15T23:22:13.417062Z", "fetched_at": "2025-07-15T23:23:24.561246+00:00", "symbol": "ETH-USD"}, {"trade_id": 667656814, "side": "sell", "size": "0.00100000", "price": "3123.63000000", "time": "2025-07-15T23:22:13.417062Z", "fetched_at": "2025-07-15T23:23:24.561246+00:00", "symbol": "ETH-USD"}, {"trade_id": 667656813, "side": "buy", "size": "0.12998000", "price": "3123.61000000", "time": "2025-07-15T23:22:13.416884Z", "fetched_at": "2025-07-15T23:23:24.561246+00:00", "symbol": "ETH-USD"}, {"trade_id": 667656812, "side": "buy", "size": "1.61740000", "price": "3123.62000000", "time": "2025-07-15T23:22:13.416884Z", "fetched_at": "2025-07-15T23:23:24.561246+00:00", "symbol": "ETH-USD"}, {"trade_id": 667656811, "side": "sell", "size": "0.00005589", "price": "3123.54000000", "time": "2025-07-15T23:22:13.404057Z", "fetched_at": "2025-07-15T23:23:24.561246+00:00", "symbol": "ETH-USD"}, {"trade_id": 667656810, "side": "sell", "size": "0.00024010", "price": "3123.54000000", "time": "2025-07-15T23:22:13.404057Z", "fetched_at": "2025-07-15T23:23:24.561246+00:00", "symbol": "ETH-USD"}, {"trade_id": 667656809, "side": "sell", "size": "0.00010334", "price": "3123.54000000", "time": "2025-07-15T23:22:13.404057Z", "fetched_at": "2025-07-15T23:23:24.561246+00:00", "symbol": "ETH-USD"}, {"trade_id": 667656808, "side": "sell", "size": "0.75716846", "price": "3123.35000000", "time": "2025-07-15T23:22:13.400373Z", "fetched_at": "2025-07-15T23:23:24.561246+00:00", "symbol": "ETH-USD"}, {"trade_id": 667656807, "side": "sell", "size": "0.00145845", "price": "3123.35000000", "time": "2025-07-15T23:22:13.341913Z", "fetched_at": "2025-07-15T23:23:24.561246+00:00", "symbol": "ETH-USD"}, {"trade_id": 667656806, "side": "sell", "size": "0.00091272", "price": "3123.35000000", "time": "2025-07-15T23:22:13.279860Z", "fetched_at": "2025-07-15T23:23:24.561246+00:00", "symbol": "ETH-USD"}, {"trade_id": 667656805, "side": "sell", "size": "0.07071786", "price": "3123.35000000", "time": "2025-07-15T23:22:13.273219Z", "fetched_at": "2025-07-15T23:23:24.561246+00:00", "symbol": "ETH-USD"}, {"trade_id": 667656804, "side": "sell", "size": "0.24725704", "price": "3123.32000000", "time": "2025-07-15T23:22:13.273219Z", "fetched_at": "2025-07-15T23:23:24.561246+00:00", "symbol": "ETH-USD"}, {"trade_id": 667656803, "side": "sell", "size": "0.00081148", "price": "3123.31000000", "time": "2025-07-15T23:22:13.273219Z", "fetched_at": "2025-07-15T23:23:24.561246+00:00", "symbol": "ETH-USD"}, {"trade_id": 667656802, "side": "sell", "size": "0.52318852", "price": "3123.32000000", "time": "2025-07-15T23:22:13.188326Z", "fetched_at": "2025-07-15T23:23:24.561246+00:00", "symbol": "ETH-USD"}, {"trade_id": 667656801, "side": "sell", "size": "0.00081148", "price": "3123.31000000", "time": "2025-07-15T23:22:13.188326Z", "fetched_at": "2025-07-15T23:23:24.561246+00:00", "symbol": "ETH-USD"}, {"trade_id": 667656800, "side": "sell", "size": "0.02955444", "price": "3123.32000000", "time": "2025-07-15T23:22:13.061160Z", "fetched_at": "2025-07-15T23:23:24.561246+00:00", "symbol": "ETH-USD"}, {"trade_id": 667656799, "side": "sell", "size": "0.00081148", "price": "3123.31000000", "time": "2025-07-15T23:22:13.061160Z", "fetched_at": "2025-07-15T23:23:24.561246+00:00", "symbol": "ETH-USD"}, {"trade_id": 667656798, "side": "buy", "size": "0.28431991", "price": "3123.08000000", "time": "2025-07-15T23:22:12.294158Z", "fetched_at": "2025-07-15T23:23:24.561246+00:00", "symbol": "ETH-USD"}, {"trade_id": 667656797, "side": "buy", "size": "0.00320109", "price": "3123.09000000", "time": "2025-07-15T23:22:12.294158Z", "fetched_at": "2025-07-15T23:23:24.561246+00:00", "symbol": "ETH-USD"}, {"trade_id": 667656796, "side": "buy", "size": "0.06735166", "price": "3123.12000000", "time": "2025-07-15T23:22:12.294158Z", "fetched_at": "2025-07-15T23:23:24.561246+00:00", "symbol": "ETH-USD"}, {"trade_id": 667656795, "side": "buy", "size": "0.47573972", "price": "3123.34000000", "time": "2025-07-15T23:22:12.294158Z", "fetched_at": "2025-07-15T23:23:24.561246+00:00", "symbol": "ETH-USD"}, {"trade_id": 667656794, "side": "sell", "size": "0.06632268", "price": "3123.32000000", "time": "2025-07-15T23:22:12.084109Z", "fetched_at": "2025-07-15T23:23:24.561246+00:00", "symbol": "ETH-USD"}, {"trade_id": 667656793, "side": "sell", "size": "0.45721296", "price": "3123.32000000", "time": "2025-07-15T23:22:11.919266Z", "fetched_at": "2025-07-15T23:23:24.561246+00:00", "symbol": "ETH-USD"}, {"trade_id": 667656792, "side": "sell", "size": "0.01275155", "price": "3123.32000000", "time": "2025-07-15T23:22:11.884751Z", "fetched_at": "2025-07-15T23:23:24.561246+00:00", "symbol": "ETH-USD"}, {"trade_id": 667656791, "side": "buy", "size": "0.04632981", "price": "3123.34000000", "time": "2025-07-15T23:22:11.752374Z", "fetched_at": "2025-07-15T23:23:24.561246+00:00", "symbol": "ETH-USD"}, {"trade_id": 667656790, "side": "buy", "size": "0.00064000", "price": "3123.34000000", "time": "2025-07-15T23:22:10.875080Z", "fetched_at": "2025-07-15T23:23:24.561246+00:00", "symbol": "ETH-USD"}, {"trade_id": 667656789, "side": "sell", "size": "0.41675483", "price": "3123.34000000", "time": "2025-07-15T23:22:10.377193Z", "fetched_at": "2025-07-15T23:23:24.561246+00:00", "symbol": "ETH-USD"}, {"trade_id": 667656788, "side": "sell", "size": "0.28324517", "price": "3123.34000000", "time": "2025-07-15T23:22:10.148438Z", "fetched_at": "2025-07-15T23:23:24.561246+00:00", "symbol": "ETH-USD"}, {"trade_id": 667656787, "side": "sell", "size": "0.00081148", "price": "3123.33000000", "time": "2025-07-15T23:22:10.148438Z", "fetched_at": "2025-07-15T23:23:24.561246+00:00", "symbol": "ETH-USD"}, {"trade_id": 667656786, "side": "sell", "size": "0.00060837", "price": "3123.17000000", "time": "2025-07-15T23:22:09.001270Z", "fetched_at": "2025-07-15T23:23:24.561246+00:00", "symbol": "ETH-USD"}, {"trade_id": 667656785, "side": "buy", "size": "0.01823247", "price": "3123.16000000", "time": "2025-07-15T23:22:08.844799Z", "fetched_at": "2025-07-15T23:23:24.561246+00:00", "symbol": "ETH-USD"}, {"trade_id": 667656784, "side": "sell", "size": "0.01248524", "price": "3123.17000000", "time": "2025-07-15T23:22:08.646606Z", "fetched_at": "2025-07-15T23:23:24.561246+00:00", "symbol": "ETH-USD"}, {"trade_id": 667656783, "side": "sell", "size": "0.10997101", "price": "3123.17000000", "time": "2025-07-15T23:22:08.434886Z", "fetched_at": "2025-07-15T23:23:24.561246+00:00", "symbol": "ETH-USD"}, {"trade_id": 667656782, "side": "sell", "size": "0.00100000", "price": "3123.17000000", "time": "2025-07-15T23:22:08.434886Z", "fetched_at": "2025-07-15T23:23:24.561246+00:00", "symbol": "ETH-USD"}, {"trade_id": 667656781, "side": "buy", "size": "1.66223000", "price": "3123.16000000", "time": "2025-07-15T23:22:07.745207Z", "fetched_at": "2025-07-15T23:23:24.561246+00:00", "symbol": "ETH-USD"}, {"trade_id": 667656780, "side": "buy", "size": "0.12998000", "price": "3123.16000000", "time": "2025-07-15T23:22:07.745207Z", "fetched_at": "2025-07-15T23:23:24.561246+00:00", "symbol": "ETH-USD"}, {"trade_id": 667656779, "side": "sell", "size": "0.01089561", "price": "3123.15000000", "time": "2025-07-15T23:22:06.942907Z", "fetched_at": "2025-07-15T23:23:24.561246+00:00", "symbol": "ETH-USD"}, {"trade_id": 667656778, "side": "sell", "size": "0.00089075", "price": "3123.14000000", "time": "2025-07-15T23:22:06.942907Z", "fetched_at": "2025-07-15T23:23:24.561246+00:00", "symbol": "ETH-USD"}, {"trade_id": 667656777, "side": "sell", "size": "0.00100000", "price": "3122.94000000", "time": "2025-07-15T23:22:06.942907Z", "fetched_at": "2025-07-15T23:23:24.561246+00:00", "symbol": "ETH-USD"}, {"trade_id": 667656776, "side": "buy", "size": "0.14002000", "price": "3122.93000000", "time": "2025-07-15T23:22:06.640968Z", "fetched_at": "2025-07-15T23:23:24.561246+00:00", "symbol": "ETH-USD"}, {"trade_id": 667656775, "side": "buy", "size": "0.12998000", "price": "3122.93000000", "time": "2025-07-15T23:22:06.640968Z", "fetched_at": "2025-07-15T23:23:24.561246+00:00", "symbol": "ETH-USD"}, {"trade_id": 667656774, "side": "buy", "size": "1.27436000", "price": "3122.93000000", "time": "2025-07-15T23:22:06.074255Z", "fetched_at": "2025-07-15T23:23:24.561246+00:00", "symbol": "ETH-USD"}, {"trade_id": 667656773, "side": "buy", "size": "0.12998000", "price": "3122.93000000", "time": "2025-07-15T23:22:06.074255Z", "fetched_at": "2025-07-15T23:23:24.561246+00:00", "symbol": "ETH-USD"}, {"trade_id": 667656772, "side": "sell", "size": "0.00005589", "price": "3122.50000000", "time": "2025-07-15T23:22:05.928151Z", "fetched_at": "2025-07-15T23:23:24.561246+00:00", "symbol": "ETH-USD"}, {"trade_id": 667656771, "side": "sell", "size": "0.00024001", "price": "3122.50000000", "time": "2025-07-15T23:22:05.928151Z", "fetched_at": "2025-07-15T23:23:24.561246+00:00", "symbol": "ETH-USD"}, {"trade_id": 667656770, "side": "sell", "size": "0.00010335", "price": "3122.50000000", "time": "2025-07-15T23:22:05.928151Z", "fetched_at": "2025-07-15T23:23:24.561246+00:00", "symbol": "ETH-USD"}, {"trade_id": 667656769, "side": "sell", "size": "0.35684266", "price": "3122.50000000", "time": "2025-07-15T23:22:05.928151Z", "fetched_at": "2025-07-15T23:23:24.561246+00:00", "symbol": "ETH-USD"}, {"trade_id": 667656768, "side": "sell", "size": "0.00121367", "price": "3122.50000000", "time": "2025-07-15T23:22:05.792096Z", "fetched_at": "2025-07-15T23:23:24.561246+00:00", "symbol": "ETH-USD"}, {"trade_id": 667656767, "side": "sell", "size": "0.31141994", "price": "3122.50000000", "time": "2025-07-15T23:22:05.462933Z", "fetched_at": "2025-07-15T23:23:24.561246+00:00", "symbol": "ETH-USD"}, {"trade_id": 667656766, "side": "sell", "size": "0.08467015", "price": "3122.49000000", "time": "2025-07-15T23:22:05.462933Z", "fetched_at": "2025-07-15T23:23:24.561246+00:00", "symbol": "ETH-USD"}, {"trade_id": 667656765, "side": "buy", "size": "0.50050538", "price": "3122.28000000", "time": "2025-07-15T23:22:05.417660Z", "fetched_at": "2025-07-15T23:23:24.561246+00:00", "symbol": "ETH-USD"}, {"trade_id": 667656764, "side": "buy", "size": "0.10000000", "price": "3122.28000000", "time": "2025-07-15T23:22:05.417660Z", "fetched_at": "2025-07-15T23:23:24.561246+00:00", "symbol": "ETH-USD"}, {"trade_id": 667656763, "side": "buy", "size": "0.00320192", "price": "3122.28000000", "time": "2025-07-15T23:22:05.417660Z", "fetched_at": "2025-07-15T23:23:24.561246+00:00", "symbol": "ETH-USD"}, {"trade_id": 667656762, "side": "buy", "size": "0.02913609", "price": "3122.27000000", "time": "2025-07-15T23:22:05.291314Z", "fetched_at": "2025-07-15T23:23:24.561246+00:00", "symbol": "ETH-USD"}, {"trade_id": 667656761, "side": "buy", "size": "0.00320192", "price": "3122.28000000", "time": "2025-07-15T23:22:05.291314Z", "fetched_at": "2025-07-15T23:23:24.561246+00:00", "symbol": "ETH-USD"}, {"trade_id": 667656760, "side": "sell", "size": "0.03019224", "price": "3122.50000000", "time": "2025-07-15T23:22:04.690776Z", "fetched_at": "2025-07-15T23:23:24.561246+00:00", "symbol": "ETH-USD"}, {"trade_id": 667656759, "side": "sell", "size": "0.00088872", "price": "3122.49000000", "time": "2025-07-15T23:22:04.690776Z", "fetched_at": "2025-07-15T23:23:24.561246+00:00", "symbol": "ETH-USD"}, {"trade_id": 667656758, "side": "buy", "size": "0.00100000", "price": "3122.48000000", "time": "2025-07-15T23:22:04.482494Z", "fetched_at": "2025-07-15T23:23:24.561246+00:00", "symbol": "ETH-USD"}, {"trade_id": 667656757, "side": "sell", "size": "0.00033149", "price": "3122.50000000", "time": "2025-07-15T23:22:04.425573Z", "fetched_at": "2025-07-15T23:23:24.561246+00:00", "symbol": "ETH-USD"}, {"trade_id": 667656756, "side": "buy", "size": "0.00100000", "price": "3122.71000000", "time": "2025-07-15T23:22:03.915128Z", "fetched_at": "2025-07-15T23:23:24.561246+00:00", "symbol": "ETH-USD"}, {"trade_id": 667656755, "side": "sell", "size": "0.14917330", "price": "3123.35000000", "time": "2025-07-15T23:22:03.539070Z", "fetched_at": "2025-07-15T23:23:24.561246+00:00", "symbol": "ETH-USD"}, {"trade_id": 667656754, "side": "sell", "size": "0.00005589", "price": "3123.26000000", "time": "2025-07-15T23:22:03.539070Z", "fetched_at": "2025-07-15T23:23:24.561246+00:00", "symbol": "ETH-USD"}, {"trade_id": 667656753, "side": "sell", "size": "0.00024001", "price": "3123.26000000", "time": "2025-07-15T23:22:03.539070Z", "fetched_at": "2025-07-15T23:23:24.561246+00:00", "symbol": "ETH-USD"}, {"trade_id": 667656752, "side": "sell", "size": "0.00010334", "price": "3123.26000000", "time": "2025-07-15T23:22:03.539070Z", "fetched_at": "2025-07-15T23:23:24.561246+00:00", "symbol": "ETH-USD"}, {"trade_id": 667656751, "side": "sell", "size": "0.03016730", "price": "3123.23000000", "time": "2025-07-15T23:22:03.539070Z", "fetched_at": "2025-07-15T23:23:24.561246+00:00", "symbol": "ETH-USD"}, {"trade_id": 667656750, "side": "sell", "size": "0.00154000", "price": "3123.19000000", "time": "2025-07-15T23:22:03.539070Z", "fetched_at": "2025-07-15T23:23:24.561246+00:00", "symbol": "ETH-USD"}, {"trade_id": 667656749, "side": "sell", "size": "0.12888676", "price": "3123.04000000", "time": "2025-07-15T23:22:03.539070Z", "fetched_at": "2025-07-15T23:23:24.561246+00:00", "symbol": "ETH-USD"}, {"trade_id": 667656748, "side": "sell", "size": "0.00087694", "price": "3123.03000000", "time": "2025-07-15T23:22:03.539070Z", "fetched_at": "2025-07-15T23:23:24.561246+00:00", "symbol": "ETH-USD"}, {"trade_id": 667656747, "side": "buy", "size": "0.00100000", "price": "3122.94000000", "time": "2025-07-15T23:22:03.402480Z", "fetched_at": "2025-07-15T23:23:24.561246+00:00", "symbol": "ETH-USD"}, {"trade_id": 667656746, "side": "buy", "size": "0.71589862", "price": "3122.95000000", "time": "2025-07-15T23:22:03.402480Z", "fetched_at": "2025-07-15T23:23:24.561246+00:00", "symbol": "ETH-USD"}, {"trade_id": 667656745, "side": "buy", "size": "2.00000000", "price": "3122.98000000", "time": "2025-07-15T23:22:03.402480Z", "fetched_at": "2025-07-15T23:23:24.561246+00:00", "symbol": "ETH-USD"}, {"trade_id": 667656744, "side": "buy", "size": "0.00010000", "price": "3122.98000000", "time": "2025-07-15T23:22:03.402480Z", "fetched_at": "2025-07-15T23:23:24.561246+00:00", "symbol": "ETH-USD"}, {"trade_id": 667656743, "side": "buy", "size": "0.00320119", "price": "3122.99000000", "time": "2025-07-15T23:22:03.402480Z", "fetched_at": "2025-07-15T23:23:24.561246+00:00", "symbol": "ETH-USD"}, {"trade_id": 667656742, "side": "buy", "size": "0.31689327", "price": "3123.00000000", "time": "2025-07-15T23:22:02.575464Z", "fetched_at": "2025-07-15T23:23:24.561246+00:00", "symbol": "ETH-USD"}, {"trade_id": 667656741, "side": "buy", "size": "0.00320097", "price": "3123.21000000", "time": "2025-07-15T23:22:02.575464Z", "fetched_at": "2025-07-15T23:23:24.561246+00:00", "symbol": "ETH-USD"}, {"trade_id": 667656740, "side": "buy", "size": "0.00320094", "price": "3123.23000000", "time": "2025-07-15T23:22:02.399720Z", "fetched_at": "2025-07-15T23:23:24.561246+00:00", "symbol": "ETH-USD"}, {"trade_id": 667656739, "side": "buy", "size": "0.04704473", "price": "3123.05000000", "time": "2025-07-15T23:22:02.008747Z", "fetched_at": "2025-07-15T23:23:24.561246+00:00", "symbol": "ETH-USD"}, {"trade_id": 667656738, "side": "buy", "size": "0.41373869", "price": "3123.06000000", "time": "2025-07-15T23:22:02.008747Z", "fetched_at": "2025-07-15T23:23:24.561246+00:00", "symbol": "ETH-USD"}, {"trade_id": 667656737, "side": "buy", "size": "0.00320094", "price": "3123.23000000", "time": "2025-07-15T23:22:02.008747Z", "fetched_at": "2025-07-15T23:23:24.561246+00:00", "symbol": "ETH-USD"}, {"trade_id": 667656736, "side": "buy", "size": "2.00000000", "price": "3123.23000000", "time": "2025-07-15T23:22:02.008747Z", "fetched_at": "2025-07-15T23:23:24.561246+00:00", "symbol": "ETH-USD"}, {"trade_id": 667656735, "side": "buy", "size": "0.62123071", "price": "3123.23000000", "time": "2025-07-15T23:22:02.008747Z", "fetched_at": "2025-07-15T23:23:24.561246+00:00", "symbol": "ETH-USD"}, {"trade_id": 667656734, "side": "sell", "size": "0.05073397", "price": "3123.24000000", "time": "2025-07-15T23:22:01.766397Z", "fetched_at": "2025-07-15T23:23:24.561246+00:00", "symbol": "ETH-USD"}, {"trade_id": 667656733, "side": "buy", "size": "0.00157727", "price": "3123.23000000", "time": "2025-07-15T23:22:01.539406Z", "fetched_at": "2025-07-15T23:23:24.561246+00:00", "symbol": "ETH-USD"}, {"trade_id": 667656732, "side": "buy", "size": "0.00100000", "price": "3123.17000000", "time": "2025-07-15T23:22:00.692581Z", "fetched_at": "2025-07-15T23:23:24.561246+00:00", "symbol": "ETH-USD"}, {"trade_id": 667656731, "side": "buy", "size": "0.00010000", "price": "3123.25000000", "time": "2025-07-15T23:22:00.692581Z", "fetched_at": "2025-07-15T23:23:24.561246+00:00", "symbol": "ETH-USD"}, {"trade_id": 667656730, "side": "buy", "size": "0.74132695", "price": "3123.63000000", "time": "2025-07-15T23:21:59.679909Z", "fetched_at": "2025-07-15T23:23:24.561246+00:00", "symbol": "ETH-USD"}, {"trade_id": 667656729, "side": "sell", "size": "0.04808719", "price": "3123.60000000", "time": "2025-07-15T23:21:59.675778Z", "fetched_at": "2025-07-15T23:23:24.561246+00:00", "symbol": "ETH-USD"}, {"trade_id": 667656728, "side": "sell", "size": "0.03169156", "price": "3123.61000000", "time": "2025-07-15T23:21:59.623909Z", "fetched_at": "2025-07-15T23:23:24.561246+00:00", "symbol": "ETH-USD"}, {"trade_id": 667656727, "side": "sell", "size": "0.21058586", "price": "3123.95000000", "time": "2025-07-15T23:21:59.192954Z", "fetched_at": "2025-07-15T23:23:24.561246+00:00", "symbol": "ETH-USD"}, {"trade_id": 667656726, "side": "buy", "size": "0.25607600", "price": "3123.42000000", "time": "2025-07-15T23:21:59.048526Z", "fetched_at": "2025-07-15T23:23:24.561246+00:00", "symbol": "ETH-USD"}, {"trade_id": 667656725, "side": "buy", "size": "0.35920262", "price": "3123.67000000", "time": "2025-07-15T23:21:59.048526Z", "fetched_at": "2025-07-15T23:23:24.561246+00:00", "symbol": "ETH-USD"}, {"trade_id": 667656724, "side": "buy", "size": "2.50793000", "price": "3123.35000000", "time": "2025-07-15T23:21:59.044147Z", "fetched_at": "2025-07-15T23:23:24.561246+00:00", "symbol": "ETH-USD"}, {"trade_id": 667656723, "side": "buy", "size": "0.13926007", "price": "3123.35000000", "time": "2025-07-15T23:21:59.043848Z", "fetched_at": "2025-07-15T23:23:24.561246+00:00", "symbol": "ETH-USD"}, {"trade_id": 667656722, "side": "buy", "size": "0.82248828", "price": "3123.38000000", "time": "2025-07-15T23:21:59.043848Z", "fetched_at": "2025-07-15T23:23:24.561246+00:00", "symbol": "ETH-USD"}, {"trade_id": 667656721, "side": "buy", "size": "0.00100000", "price": "3123.40000000", "time": "2025-07-15T23:21:59.043848Z", "fetched_at": "2025-07-15T23:23:24.561246+00:00", "symbol": "ETH-USD"}, {"trade_id": 667656720, "side": "buy", "size": "1.30671668", "price": "3123.41000000", "time": "2025-07-15T23:21:59.043848Z", "fetched_at": "2025-07-15T23:23:24.561246+00:00", "symbol": "ETH-USD"}, {"trade_id": 667656719, "side": "buy", "size": "0.02343497", "price": "3123.42000000", "time": "2025-07-15T23:21:59.043848Z", "fetched_at": "2025-07-15T23:23:24.561246+00:00", "symbol": "ETH-USD"}, {"trade_id": 667656718, "side": "buy", "size": "0.00010000", "price": "3123.52000000", "time": "2025-07-15T23:21:59.043802Z", "fetched_at": "2025-07-15T23:23:24.561246+00:00", "symbol": "ETH-USD"}, {"trade_id": 667656717, "side": "buy", "size": "0.01280400", "price": "3123.58000000", "time": "2025-07-15T23:21:59.043802Z", "fetched_at": "2025-07-15T23:23:24.561246+00:00", "symbol": "ETH-USD"}, {"trade_id": 667656716, "side": "buy", "size": "1.13740856", "price": "3123.62000000", "time": "2025-07-15T23:21:59.038176Z", "fetched_at": "2025-07-15T23:23:24.561246+00:00", "symbol": "ETH-USD"}, {"trade_id": 667656715, "side": "buy", "size": "0.00100000", "price": "3123.63000000", "time": "2025-07-15T23:21:59.038176Z", "fetched_at": "2025-07-15T23:23:24.561246+00:00", "symbol": "ETH-USD"}, {"trade_id": 667656714, "side": "buy", "size": "0.80033733", "price": "3123.68000000", "time": "2025-07-15T23:21:59.036935Z", "fetched_at": "2025-07-15T23:23:24.561246+00:00", "symbol": "ETH-USD"}, {"trade_id": 667656713, "side": "buy", "size": "0.34624682", "price": "3123.70000000", "time": "2025-07-15T23:21:59.036935Z", "fetched_at": "2025-07-15T23:23:24.561246+00:00", "symbol": "ETH-USD"}, {"trade_id": 667656712, "side": "buy", "size": "0.18339504", "price": "3123.70000000", "time": "2025-07-15T23:21:59.036935Z", "fetched_at": "2025-07-15T23:23:24.561246+00:00", "symbol": "ETH-USD"}, {"trade_id": 667656711, "side": "buy", "size": "0.76160496", "price": "3123.70000000", "time": "2025-07-15T23:21:59.036790Z", "fetched_at": "2025-07-15T23:23:24.561246+00:00", "symbol": "ETH-USD"}, {"trade_id": 667656710, "side": "buy", "size": "0.83647487", "price": "3123.72000000", "time": "2025-07-15T23:21:59.036790Z", "fetched_at": "2025-07-15T23:23:24.561246+00:00", "symbol": "ETH-USD"}, {"trade_id": 667656709, "side": "buy", "size": "0.60416834", "price": "3123.73000000", "time": "2025-07-15T23:21:59.036790Z", "fetched_at": "2025-07-15T23:23:24.561246+00:00", "symbol": "ETH-USD"}, {"trade_id": 667656708, "side": "buy", "size": "0.10450335", "price": "3123.98000000", "time": "2025-07-15T23:21:59.036790Z", "fetched_at": "2025-07-15T23:23:24.561246+00:00", "symbol": "ETH-USD"}, {"trade_id": 667656707, "side": "buy", "size": "0.56155480", "price": "3123.98000000", "time": "2025-07-15T23:21:59.036379Z", "fetched_at": "2025-07-15T23:23:24.561246+00:00", "symbol": "ETH-USD"}, {"trade_id": 667656706, "side": "buy", "size": "0.13420273", "price": "3123.98000000", "time": "2025-07-15T23:21:59.036310Z", "fetched_at": "2025-07-15T23:23:24.561246+00:00", "symbol": "ETH-USD"}, {"trade_id": 667656705, "side": "buy", "size": "0.48015653", "price": "3124.00000000", "time": "2025-07-15T23:21:59.036310Z", "fetched_at": "2025-07-15T23:23:24.561246+00:00", "symbol": "ETH-USD"}, {"trade_id": 667656704, "side": "buy", "size": "0.16005121", "price": "3124.00000000", "time": "2025-07-15T23:21:59.036310Z", "fetched_at": "2025-07-15T23:23:24.561246+00:00", "symbol": "ETH-USD"}, {"trade_id": 667656703, "side": "buy", "size": "0.58552431", "price": "3124.13000000", "time": "2025-07-15T23:21:59.036310Z", "fetched_at": "2025-07-15T23:23:24.561246+00:00", "symbol": "ETH-USD"}, {"trade_id": 667656702, "side": "buy", "size": "1.41447569", "price": "3124.13000000", "time": "2025-07-15T23:21:59.035517Z", "fetched_at": "2025-07-15T23:23:24.561246+00:00", "symbol": "ETH-USD"}, {"trade_id": 667656701, "side": "buy", "size": "1.31409641", "price": "3124.15000000", "time": "2025-07-15T23:21:59.034915Z", "fetched_at": "2025-07-15T23:23:24.561246+00:00", "symbol": "ETH-USD"}, {"trade_id": 667656700, "side": "buy", "size": "0.00319999", "price": "3124.16000000", "time": "2025-07-15T23:21:59.034915Z", "fetched_at": "2025-07-15T23:23:24.561246+00:00", "symbol": "ETH-USD"}, {"trade_id": 667656699, "side": "sell", "size": "0.90000000", "price": "3124.15000000", "time": "2025-07-15T23:21:57.739447Z", "fetched_at": "2025-07-15T23:23:24.561246+00:00", "symbol": "ETH-USD"}, {"trade_id": 667656698, "side": "buy", "size": "0.45075000", "price": "3124.13000000", "time": "2025-07-15T23:21:57.622601Z", "fetched_at": "2025-07-15T23:23:24.561246+00:00", "symbol": "ETH-USD"}, {"trade_id": 667656697, "side": "buy", "size": "1.54924135", "price": "3124.13000000", "time": "2025-07-15T23:21:57.622601Z", "fetched_at": "2025-07-15T23:23:24.561246+00:00", "symbol": "ETH-USD"}, {"trade_id": 667656696, "side": "sell", "size": "0.31693032", "price": "3124.31000000", "time": "2025-07-15T23:21:57.007292Z", "fetched_at": "2025-07-15T23:23:24.561246+00:00", "symbol": "ETH-USD"}, {"trade_id": 667656695, "side": "buy", "size": "0.45075865", "price": "3124.13000000", "time": "2025-07-15T23:21:56.658277Z", "fetched_at": "2025-07-15T23:23:24.561246+00:00", "symbol": "ETH-USD"}, {"trade_id": 667656694, "side": "buy", "size": "0.00088002", "price": "3124.30000000", "time": "2025-07-15T23:21:56.592526Z", "fetched_at": "2025-07-15T23:23:24.561246+00:00", "symbol": "ETH-USD"}, {"trade_id": 667656693, "side": "buy", "size": "0.10823656", "price": "3124.30000000", "time": "2025-07-15T23:21:56.592526Z", "fetched_at": "2025-07-15T23:23:24.561246+00:00", "symbol": "ETH-USD"}, {"trade_id": 667656692, "side": "sell", "size": "0.00005588", "price": "3124.29000000", "time": "2025-07-15T23:21:56.369918Z", "fetched_at": "2025-07-15T23:23:24.561246+00:00", "symbol": "ETH-USD"}, {"trade_id": 667656691, "side": "sell", "size": "0.00024001", "price": "3124.29000000", "time": "2025-07-15T23:21:56.369918Z", "fetched_at": "2025-07-15T23:23:24.561246+00:00", "symbol": "ETH-USD"}, {"trade_id": 667656690, "side": "sell", "size": "0.00010334", "price": "3124.29000000", "time": "2025-07-15T23:21:56.369918Z", "fetched_at": "2025-07-15T23:23:24.561246+00:00", "symbol": "ETH-USD"}, {"trade_id": 667656689, "side": "sell", "size": "0.89067267", "price": "3124.29000000", "time": "2025-07-15T23:21:56.369918Z", "fetched_at": "2025-07-15T23:23:24.561246+00:00", "symbol": "ETH-USD"}, {"trade_id": 667656688, "side": "sell", "size": "0.00932733", "price": "3124.29000000", "time": "2025-07-15T23:21:56.084418Z", "fetched_at": "2025-07-15T23:23:24.561246+00:00", "symbol": "ETH-USD"}, {"trade_id": 667656687, "side": "buy", "size": "1.66223000", "price": "3124.22000000", "time": "2025-07-15T23:21:54.195970Z", "fetched_at": "2025-07-15T23:23:24.561246+00:00", "symbol": "ETH-USD"}, {"trade_id": 667656686, "side": "buy", "size": "0.99733800", "price": "3124.23000000", "time": "2025-07-15T23:21:54.195970Z", "fetched_at": "2025-07-15T23:23:24.561246+00:00", "symbol": "ETH-USD"}, {"trade_id": 667656685, "side": "sell", "size": "0.00017746", "price": "3124.05000000", "time": "2025-07-15T23:21:53.775227Z", "fetched_at": "2025-07-15T23:23:24.561246+00:00", "symbol": "ETH-USD"}, {"trade_id": 667656684, "side": "sell", "size": "0.00009716", "price": "3124.03000000", "time": "2025-07-15T23:21:53.775227Z", "fetched_at": "2025-07-15T23:23:24.561246+00:00", "symbol": "ETH-USD"}, {"trade_id": 667656683, "side": "sell", "size": "0.00041692", "price": "3124.03000000", "time": "2025-07-15T23:21:53.775227Z", "fetched_at": "2025-07-15T23:23:24.561246+00:00", "symbol": "ETH-USD"}, {"trade_id": 667656682, "side": "sell", "size": "0.90000000", "price": "3123.83000000", "time": "2025-07-15T23:21:52.841545Z", "fetched_at": "2025-07-15T23:23:24.561246+00:00", "symbol": "ETH-USD"}, {"trade_id": 667656681, "side": "buy", "size": "0.00320039", "price": "3123.77000000", "time": "2025-07-15T23:21:51.773851Z", "fetched_at": "2025-07-15T23:23:24.561246+00:00", "symbol": "ETH-USD"}