[{"trade_id": 667689692, "side": "sell", "size": "0.08493502", "price": "3139.11000000", "time": "2025-07-16T00:39:28.940634Z", "fetched_at": "2025-07-16T00:39:32.801447+00:00", "symbol": "ETH-USD"}, {"trade_id": 667689691, "side": "sell", "size": "0.28834560", "price": "3138.94000000", "time": "2025-07-16T00:39:28.939708Z", "fetched_at": "2025-07-16T00:39:32.801447+00:00", "symbol": "ETH-USD"}, {"trade_id": 667689690, "side": "sell", "size": "0.00005590", "price": "3139.01000000", "time": "2025-07-16T00:39:28.937836Z", "fetched_at": "2025-07-16T00:39:32.801447+00:00", "symbol": "ETH-USD"}, {"trade_id": 667689689, "side": "sell", "size": "0.02557901", "price": "3139.00000000", "time": "2025-07-16T00:39:28.937836Z", "fetched_at": "2025-07-16T00:39:32.801447+00:00", "symbol": "ETH-USD"}, {"trade_id": 667689688, "side": "sell", "size": "0.00183145", "price": "3138.95000000", "time": "2025-07-16T00:39:28.937836Z", "fetched_at": "2025-07-16T00:39:32.801447+00:00", "symbol": "ETH-USD"}, {"trade_id": 667689687, "side": "sell", "size": "0.79644213", "price": "3138.96000000", "time": "2025-07-16T00:39:28.935661Z", "fetched_at": "2025-07-16T00:39:32.801447+00:00", "symbol": "ETH-USD"}, {"trade_id": 667689686, "side": "sell", "size": "0.79646719", "price": "3138.87000000", "time": "2025-07-16T00:39:28.933970Z", "fetched_at": "2025-07-16T00:39:32.801447+00:00", "symbol": "ETH-USD"}, {"trade_id": 667689685, "side": "sell", "size": "0.15929553", "price": "3138.82000000", "time": "2025-07-16T00:39:28.933970Z", "fetched_at": "2025-07-16T00:39:32.801447+00:00", "symbol": "ETH-USD"}, {"trade_id": 667689684, "side": "sell", "size": "0.08244164", "price": "3138.80000000", "time": "2025-07-16T00:39:28.586101Z", "fetched_at": "2025-07-16T00:39:32.801447+00:00", "symbol": "ETH-USD"}, {"trade_id": 667689683, "side": "buy", "size": "0.00100000", "price": "3138.96000000", "time": "2025-07-16T00:39:28.531467Z", "fetched_at": "2025-07-16T00:39:32.801447+00:00", "symbol": "ETH-USD"}, {"trade_id": 667689682, "side": "buy", "size": "1.00000000", "price": "3139.00000000", "time": "2025-07-16T00:39:28.531467Z", "fetched_at": "2025-07-16T00:39:32.801447+00:00", "symbol": "ETH-USD"}, {"trade_id": 667689681, "side": "buy", "size": "0.35000000", "price": "3139.00000000", "time": "2025-07-16T00:39:28.531467Z", "fetched_at": "2025-07-16T00:39:32.801447+00:00", "symbol": "ETH-USD"}, {"trade_id": 667689680, "side": "buy", "size": "0.00318563", "price": "3139.10000000", "time": "2025-07-16T00:39:27.107394Z", "fetched_at": "2025-07-16T00:39:32.801447+00:00", "symbol": "ETH-USD"}, {"trade_id": 667689679, "side": "buy", "size": "0.76492756", "price": "3139.10000000", "time": "2025-07-16T00:39:27.107394Z", "fetched_at": "2025-07-16T00:39:32.801447+00:00", "symbol": "ETH-USD"}, {"trade_id": 667689678, "side": "sell", "size": "0.10834403", "price": "3139.11000000", "time": "2025-07-16T00:39:26.586557Z", "fetched_at": "2025-07-16T00:39:32.801447+00:00", "symbol": "ETH-USD"}, {"trade_id": 667689677, "side": "sell", "size": "0.15105858", "price": "3139.11000000", "time": "2025-07-16T00:39:26.294129Z", "fetched_at": "2025-07-16T00:39:32.801447+00:00", "symbol": "ETH-USD"}, {"trade_id": 667689676, "side": "buy", "size": "0.23507244", "price": "3139.10000000", "time": "2025-07-16T00:39:26.142226Z", "fetched_at": "2025-07-16T00:39:32.801447+00:00", "symbol": "ETH-USD"}, {"trade_id": 667689675, "side": "buy", "size": "0.00063000", "price": "3139.10000000", "time": "2025-07-16T00:39:26.142226Z", "fetched_at": "2025-07-16T00:39:32.801447+00:00", "symbol": "ETH-USD"}, {"trade_id": 667689674, "side": "buy", "size": "0.00318563", "price": "3139.10000000", "time": "2025-07-16T00:39:26.142226Z", "fetched_at": "2025-07-16T00:39:32.801447+00:00", "symbol": "ETH-USD"}, {"trade_id": 667689673, "side": "buy", "size": "0.00085353", "price": "3139.26000000", "time": "2025-07-16T00:39:25.738188Z", "fetched_at": "2025-07-16T00:39:32.801447+00:00", "symbol": "ETH-USD"}, {"trade_id": 667689672, "side": "buy", "size": "0.19999958", "price": "3139.26000000", "time": "2025-07-16T00:39:25.738188Z", "fetched_at": "2025-07-16T00:39:32.801447+00:00", "symbol": "ETH-USD"}, {"trade_id": 667689671, "side": "buy", "size": "0.09310199", "price": "3139.26000000", "time": "2025-07-16T00:39:25.738188Z", "fetched_at": "2025-07-16T00:39:32.801447+00:00", "symbol": "ETH-USD"}, {"trade_id": 667689670, "side": "buy", "size": "0.00028713", "price": "3139.26000000", "time": "2025-07-16T00:39:25.415778Z", "fetched_at": "2025-07-16T00:39:32.801447+00:00", "symbol": "ETH-USD"}, {"trade_id": 667689669, "side": "buy", "size": "0.02705517", "price": "3139.26000000", "time": "2025-07-16T00:39:25.138018Z", "fetched_at": "2025-07-16T00:39:32.801447+00:00", "symbol": "ETH-USD"}, {"trade_id": 667689668, "side": "buy", "size": "1.00000000", "price": "3139.28000000", "time": "2025-07-16T00:39:25.138018Z", "fetched_at": "2025-07-16T00:39:32.801447+00:00", "symbol": "ETH-USD"}, {"trade_id": 667689667, "side": "sell", "size": "0.00000318", "price": "3139.34000000", "time": "2025-07-16T00:39:24.287608Z", "fetched_at": "2025-07-16T00:39:32.801447+00:00", "symbol": "ETH-USD"}, {"trade_id": 667689666, "side": "sell", "size": "0.61524304", "price": "3139.43000000", "time": "2025-07-16T00:39:24.021620Z", "fetched_at": "2025-07-16T00:39:32.801447+00:00", "symbol": "ETH-USD"}, {"trade_id": 667689665, "side": "sell", "size": "0.79634324", "price": "3139.35000000", "time": "2025-07-16T00:39:24.021620Z", "fetched_at": "2025-07-16T00:39:32.801447+00:00", "symbol": "ETH-USD"}, {"trade_id": 667689664, "side": "sell", "size": "0.15927269", "price": "3139.27000000", "time": "2025-07-16T00:39:24.021620Z", "fetched_at": "2025-07-16T00:39:32.801447+00:00", "symbol": "ETH-USD"}, {"trade_id": 667689663, "side": "sell", "size": "0.62107253", "price": "3139.40000000", "time": "2025-07-16T00:39:23.931933Z", "fetched_at": "2025-07-16T00:39:32.801447+00:00", "symbol": "ETH-USD"}, {"trade_id": 667689662, "side": "sell", "size": "0.56360825", "price": "3139.40000000", "time": "2025-07-16T00:39:23.861039Z", "fetched_at": "2025-07-16T00:39:32.801447+00:00", "symbol": "ETH-USD"}, {"trade_id": 667689661, "side": "sell", "size": "0.00184760", "price": "3139.34000000", "time": "2025-07-16T00:39:23.829885Z", "fetched_at": "2025-07-16T00:39:32.801447+00:00", "symbol": "ETH-USD"}, {"trade_id": 667689660, "side": "sell", "size": "0.62251692", "price": "3139.40000000", "time": "2025-07-16T00:39:23.798679Z", "fetched_at": "2025-07-16T00:39:32.801447+00:00", "symbol": "ETH-USD"}, {"trade_id": 667689659, "side": "sell", "size": "0.15926660", "price": "3139.39000000", "time": "2025-07-16T00:39:23.676479Z", "fetched_at": "2025-07-16T00:39:32.801447+00:00", "symbol": "ETH-USD"}, {"trade_id": 667689658, "side": "sell", "size": "0.00195776", "price": "3139.34000000", "time": "2025-07-16T00:39:23.529694Z", "fetched_at": "2025-07-16T00:39:32.801447+00:00", "symbol": "ETH-USD"}, {"trade_id": 667689657, "side": "sell", "size": "0.94500000", "price": "3139.40000000", "time": "2025-07-16T00:39:23.489970Z", "fetched_at": "2025-07-16T00:39:32.801447+00:00", "symbol": "ETH-USD"}, {"trade_id": 667689656, "side": "sell", "size": "0.94500000", "price": "3139.34000000", "time": "2025-07-16T00:39:23.485779Z", "fetched_at": "2025-07-16T00:39:32.801447+00:00", "symbol": "ETH-USD"}, {"trade_id": 667689655, "side": "sell", "size": "0.00198624", "price": "3139.34000000", "time": "2025-07-16T00:39:23.434387Z", "fetched_at": "2025-07-16T00:39:32.801447+00:00", "symbol": "ETH-USD"}, {"trade_id": 667689654, "side": "sell", "size": "0.00199236", "price": "3139.34000000", "time": "2025-07-16T00:39:23.121663Z", "fetched_at": "2025-07-16T00:39:32.801447+00:00", "symbol": "ETH-USD"}, {"trade_id": 667689653, "side": "sell", "size": "0.00172455", "price": "3139.36000000", "time": "2025-07-16T00:39:22.941402Z", "fetched_at": "2025-07-16T00:39:32.801447+00:00", "symbol": "ETH-USD"}, {"trade_id": 667689652, "side": "sell", "size": "0.15754358", "price": "3139.36000000", "time": "2025-07-16T00:39:22.941179Z", "fetched_at": "2025-07-16T00:39:32.801447+00:00", "symbol": "ETH-USD"}, {"trade_id": 667689651, "side": "sell", "size": "0.00172455", "price": "3139.34000000", "time": "2025-07-16T00:39:22.941179Z", "fetched_at": "2025-07-16T00:39:32.801447+00:00", "symbol": "ETH-USD"}, {"trade_id": 667689650, "side": "sell", "size": "0.00003665", "price": "3139.45000000", "time": "2025-07-16T00:39:22.605888Z", "fetched_at": "2025-07-16T00:39:32.801447+00:00", "symbol": "ETH-USD"}, {"trade_id": 667689649, "side": "buy", "size": "0.00331870", "price": "3139.33000000", "time": "2025-07-16T00:39:22.584399Z", "fetched_at": "2025-07-16T00:39:32.801447+00:00", "symbol": "ETH-USD"}, {"trade_id": 667689648, "side": "sell", "size": "0.00005589", "price": "3139.38000000", "time": "2025-07-16T00:39:22.573962Z", "fetched_at": "2025-07-16T00:39:32.801447+00:00", "symbol": "ETH-USD"}, {"trade_id": 667689647, "side": "buy", "size": "0.03840262", "price": "3139.33000000", "time": "2025-07-16T00:39:22.544375Z", "fetched_at": "2025-07-16T00:39:32.801447+00:00", "symbol": "ETH-USD"}, {"trade_id": 667689646, "side": "sell", "size": "0.15926711", "price": "3139.38000000", "time": "2025-07-16T00:39:22.542146Z", "fetched_at": "2025-07-16T00:39:32.801447+00:00", "symbol": "ETH-USD"}, {"trade_id": 667689645, "side": "sell", "size": "0.15926610", "price": "3139.40000000", "time": "2025-07-16T00:39:22.264082Z", "fetched_at": "2025-07-16T00:39:32.801447+00:00", "symbol": "ETH-USD"}, {"trade_id": 667689644, "side": "sell", "size": "0.00210038", "price": "3139.33000000", "time": "2025-07-16T00:39:21.970556Z", "fetched_at": "2025-07-16T00:39:32.801447+00:00", "symbol": "ETH-USD"}, {"trade_id": 667689643, "side": "sell", "size": "0.15926610", "price": "3139.40000000", "time": "2025-07-16T00:39:21.900329Z", "fetched_at": "2025-07-16T00:39:32.801447+00:00", "symbol": "ETH-USD"}, {"trade_id": 667689642, "side": "sell", "size": "0.15714865", "price": "3139.40000000", "time": "2025-07-16T00:39:21.841032Z", "fetched_at": "2025-07-16T00:39:32.801447+00:00", "symbol": "ETH-USD"}, {"trade_id": 667689641, "side": "sell", "size": "0.00211745", "price": "3139.27000000", "time": "2025-07-16T00:39:21.841032Z", "fetched_at": "2025-07-16T00:39:32.801447+00:00", "symbol": "ETH-USD"}, {"trade_id": 667689640, "side": "sell", "size": "0.05186522", "price": "3139.55000000", "time": "2025-07-16T00:39:21.822753Z", "fetched_at": "2025-07-16T00:39:32.801447+00:00", "symbol": "ETH-USD"}, {"trade_id": 667689639, "side": "sell", "size": "0.00002359", "price": "3139.42000000", "time": "2025-07-16T00:39:21.822753Z", "fetched_at": "2025-07-16T00:39:32.801447+00:00", "symbol": "ETH-USD"}, {"trade_id": 667689638, "side": "sell", "size": "0.03878383", "price": "3139.41000000", "time": "2025-07-16T00:39:21.822753Z", "fetched_at": "2025-07-16T00:39:32.801447+00:00", "symbol": "ETH-USD"}, {"trade_id": 667689637, "side": "sell", "size": "0.00230212", "price": "3139.32000000", "time": "2025-07-16T00:39:21.406902Z", "fetched_at": "2025-07-16T00:39:32.801447+00:00", "symbol": "ETH-USD"}, {"trade_id": 667689636, "side": "sell", "size": "0.79633558", "price": "3139.38000000", "time": "2025-07-16T00:39:21.147619Z", "fetched_at": "2025-07-16T00:39:32.801447+00:00", "symbol": "ETH-USD"}, {"trade_id": 667689635, "side": "sell", "size": "0.15927167", "price": "3139.30000000", "time": "2025-07-16T00:39:21.146240Z", "fetched_at": "2025-07-16T00:39:32.801447+00:00", "symbol": "ETH-USD"}, {"trade_id": 667689634, "side": "sell", "size": "0.55849270", "price": "3139.40000000", "time": "2025-07-16T00:39:21.056958Z", "fetched_at": "2025-07-16T00:39:32.801447+00:00", "symbol": "ETH-USD"}, {"trade_id": 667689633, "side": "sell", "size": "0.00232315", "price": "3139.28000000", "time": "2025-07-16T00:39:21.025218Z", "fetched_at": "2025-07-16T00:39:32.801447+00:00", "symbol": "ETH-USD"}, {"trade_id": 667689632, "side": "sell", "size": "0.52840713", "price": "3139.40000000", "time": "2025-07-16T00:39:20.957148Z", "fetched_at": "2025-07-16T00:39:32.801447+00:00", "symbol": "ETH-USD"}, {"trade_id": 667689631, "side": "sell", "size": "0.54819527", "price": "3139.40000000", "time": "2025-07-16T00:39:20.907458Z", "fetched_at": "2025-07-16T00:39:32.801447+00:00", "symbol": "ETH-USD"}, {"trade_id": 667689630, "side": "sell", "size": "0.52784906", "price": "3139.40000000", "time": "2025-07-16T00:39:20.852755Z", "fetched_at": "2025-07-16T00:39:32.801447+00:00", "symbol": "ETH-USD"}, {"trade_id": 667689629, "side": "sell", "size": "0.00233575", "price": "3139.28000000", "time": "2025-07-16T00:39:20.485020Z", "fetched_at": "2025-07-16T00:39:32.801447+00:00", "symbol": "ETH-USD"}, {"trade_id": 667689628, "side": "buy", "size": "0.04618454", "price": "3139.26000000", "time": "2025-07-16T00:39:20.246419Z", "fetched_at": "2025-07-16T00:39:32.801447+00:00", "symbol": "ETH-USD"}, {"trade_id": 667689627, "side": "buy", "size": "0.00318546", "price": "3139.27000000", "time": "2025-07-16T00:39:20.246419Z", "fetched_at": "2025-07-16T00:39:32.801447+00:00", "symbol": "ETH-USD"}, {"trade_id": 667689626, "side": "buy", "size": "0.00063000", "price": "3139.27000000", "time": "2025-07-16T00:39:20.246419Z", "fetched_at": "2025-07-16T00:39:32.801447+00:00", "symbol": "ETH-USD"}, {"trade_id": 667689625, "side": "sell", "size": "0.73386929", "price": "3139.38000000", "time": "2025-07-16T00:39:20.146285Z", "fetched_at": "2025-07-16T00:39:32.801447+00:00", "symbol": "ETH-USD"}, {"trade_id": 667689624, "side": "sell", "size": "0.06246629", "price": "3139.37000000", "time": "2025-07-16T00:39:20.146285Z", "fetched_at": "2025-07-16T00:39:32.801447+00:00", "symbol": "ETH-USD"}, {"trade_id": 667689623, "side": "sell", "size": "0.15927167", "price": "3139.30000000", "time": "2025-07-16T00:39:20.146285Z", "fetched_at": "2025-07-16T00:39:32.801447+00:00", "symbol": "ETH-USD"}, {"trade_id": 667689622, "side": "sell", "size": "0.01833478", "price": "3139.54000000", "time": "2025-07-16T00:39:19.649859Z", "fetched_at": "2025-07-16T00:39:32.801447+00:00", "symbol": "ETH-USD"}, {"trade_id": 667689621, "side": "sell", "size": "0.00221275", "price": "3139.53000000", "time": "2025-07-16T00:39:19.649859Z", "fetched_at": "2025-07-16T00:39:32.801447+00:00", "symbol": "ETH-USD"}, {"trade_id": 667689620, "side": "sell", "size": "0.01865179", "price": "3139.54000000", "time": "2025-07-16T00:39:19.621657Z", "fetched_at": "2025-07-16T00:39:32.801447+00:00", "symbol": "ETH-USD"}, {"trade_id": 667689619, "side": "sell", "size": "0.00218448", "price": "3139.53000000", "time": "2025-07-16T00:39:19.621657Z", "fetched_at": "2025-07-16T00:39:32.801447+00:00", "symbol": "ETH-USD"}, {"trade_id": 667689618, "side": "sell", "size": "0.00010335", "price": "3139.44000000", "time": "2025-07-16T00:39:19.621657Z", "fetched_at": "2025-07-16T00:39:32.801447+00:00", "symbol": "ETH-USD"}, {"trade_id": 667689617, "side": "sell", "size": "0.79633304", "price": "3139.39000000", "time": "2025-07-16T00:39:18.816412Z", "fetched_at": "2025-07-16T00:39:32.801447+00:00", "symbol": "ETH-USD"}, {"trade_id": 667689616, "side": "sell", "size": "0.15927167", "price": "3139.30000000", "time": "2025-07-16T00:39:18.816050Z", "fetched_at": "2025-07-16T00:39:32.801447+00:00", "symbol": "ETH-USD"}, {"trade_id": 667689615, "side": "sell", "size": "0.00054714", "price": "3139.56000000", "time": "2025-07-16T00:39:18.796642Z", "fetched_at": "2025-07-16T00:39:32.801447+00:00", "symbol": "ETH-USD"}, {"trade_id": 667689614, "side": "sell", "size": "0.00010335", "price": "3139.50000000", "time": "2025-07-16T00:39:18.796642Z", "fetched_at": "2025-07-16T00:39:32.801447+00:00", "symbol": "ETH-USD"}, {"trade_id": 667689613, "side": "sell", "size": "0.00024002", "price": "3139.44000000", "time": "2025-07-16T00:39:18.796642Z", "fetched_at": "2025-07-16T00:39:32.801447+00:00", "symbol": "ETH-USD"}, {"trade_id": 667689612, "side": "sell", "size": "0.00005589", "price": "3139.44000000", "time": "2025-07-16T00:39:18.796642Z", "fetched_at": "2025-07-16T00:39:32.801447+00:00", "symbol": "ETH-USD"}, {"trade_id": 667689611, "side": "sell", "size": "0.15927167", "price": "3139.30000000", "time": "2025-07-16T00:39:18.738997Z", "fetched_at": "2025-07-16T00:39:32.801447+00:00", "symbol": "ETH-USD"}, {"trade_id": 667689610, "side": "sell", "size": "0.15927167", "price": "3139.30000000", "time": "2025-07-16T00:39:18.688342Z", "fetched_at": "2025-07-16T00:39:32.801447+00:00", "symbol": "ETH-USD"}, {"trade_id": 667689609, "side": "sell", "size": "0.68572782", "price": "3139.35000000", "time": "2025-07-16T00:39:18.617979Z", "fetched_at": "2025-07-16T00:39:32.801447+00:00", "symbol": "ETH-USD"}, {"trade_id": 667689608, "side": "sell", "size": "0.10000000", "price": "3139.34000000", "time": "2025-07-16T00:39:18.617979Z", "fetched_at": "2025-07-16T00:39:32.801447+00:00", "symbol": "ETH-USD"}, {"trade_id": 667689607, "side": "sell", "size": "0.15927218", "price": "3139.28000000", "time": "2025-07-16T00:39:18.617979Z", "fetched_at": "2025-07-16T00:39:32.801447+00:00", "symbol": "ETH-USD"}, {"trade_id": 667689606, "side": "sell", "size": "0.00063072", "price": "3139.43000000", "time": "2025-07-16T00:39:18.375070Z", "fetched_at": "2025-07-16T00:39:32.801447+00:00", "symbol": "ETH-USD"}, {"trade_id": 667689605, "side": "sell", "size": "0.15926660", "price": "3139.39000000", "time": "2025-07-16T00:39:18.257865Z", "fetched_at": "2025-07-16T00:39:32.801447+00:00", "symbol": "ETH-USD"}, {"trade_id": 667689604, "side": "sell", "size": "0.00202957", "price": "3139.40000000", "time": "2025-07-16T00:39:18.116348Z", "fetched_at": "2025-07-16T00:39:32.801447+00:00", "symbol": "ETH-USD"}, {"trade_id": 667689603, "side": "buy", "size": "0.02109575", "price": "3139.26000000", "time": "2025-07-16T00:39:17.952492Z", "fetched_at": "2025-07-16T00:39:32.801447+00:00", "symbol": "ETH-USD"}, {"trade_id": 667689602, "side": "buy", "size": "0.00318546", "price": "3139.27000000", "time": "2025-07-16T00:39:17.952492Z", "fetched_at": "2025-07-16T00:39:32.801447+00:00", "symbol": "ETH-USD"}, {"trade_id": 667689601, "side": "buy", "size": "0.00063000", "price": "3139.31000000", "time": "2025-07-16T00:39:17.952492Z", "fetched_at": "2025-07-16T00:39:32.801447+00:00", "symbol": "ETH-USD"}, {"trade_id": 667689600, "side": "sell", "size": "0.05114668", "price": "3139.44000000", "time": "2025-07-16T00:39:17.619480Z", "fetched_at": "2025-07-16T00:39:32.801447+00:00", "symbol": "ETH-USD"}, {"trade_id": 667689599, "side": "sell", "size": "0.10771923", "price": "3139.44000000", "time": "2025-07-16T00:39:17.619480Z", "fetched_at": "2025-07-16T00:39:32.801447+00:00", "symbol": "ETH-USD"}, {"trade_id": 667689598, "side": "sell", "size": "0.00088702", "price": "3139.32000000", "time": "2025-07-16T00:39:17.568678Z", "fetched_at": "2025-07-16T00:39:32.801447+00:00", "symbol": "ETH-USD"}, {"trade_id": 667689597, "side": "sell", "size": "0.00088702", "price": "3139.32000000", "time": "2025-07-16T00:39:17.532186Z", "fetched_at": "2025-07-16T00:39:32.801447+00:00", "symbol": "ETH-USD"}, {"trade_id": 667689596, "side": "sell", "size": "0.00206525", "price": "3139.32000000", "time": "2025-07-16T00:39:17.293653Z", "fetched_at": "2025-07-16T00:39:32.801447+00:00", "symbol": "ETH-USD"}, {"trade_id": 667689595, "side": "sell", "size": "0.00737626", "price": "3139.48000000", "time": "2025-07-16T00:39:16.921940Z", "fetched_at": "2025-07-16T00:39:32.801447+00:00", "symbol": "ETH-USD"}, {"trade_id": 667689594, "side": "sell", "size": "0.00194270", "price": "3139.32000000", "time": "2025-07-16T00:39:16.707210Z", "fetched_at": "2025-07-16T00:39:32.801447+00:00", "symbol": "ETH-USD"}, {"trade_id": 667689593, "side": "sell", "size": "0.03474684", "price": "3139.47000000", "time": "2025-07-16T00:39:16.490356Z", "fetched_at": "2025-07-16T00:39:32.801447+00:00", "symbol": "ETH-USD"}, {"trade_id": 667689592, "side": "sell", "size": "0.00195427", "price": "3139.32000000", "time": "2025-07-16T00:39:16.452114Z", "fetched_at": "2025-07-16T00:39:32.801447+00:00", "symbol": "ETH-USD"}, {"trade_id": 667689591, "side": "buy", "size": "0.00378090", "price": "3139.36000000", "time": "2025-07-16T00:39:16.253Z", "fetched_at": "2025-07-16T00:39:32.801447+00:00", "symbol": "ETH-USD"}, {"trade_id": 667689590, "side": "sell", "size": "0.00199160", "price": "3139.36000000", "time": "2025-07-16T00:39:16.095488Z", "fetched_at": "2025-07-16T00:39:32.801447+00:00", "symbol": "ETH-USD"}, {"trade_id": 667689589, "side": "sell", "size": "0.01547793", "price": "3139.48000000", "time": "2025-07-16T00:39:16.017719Z", "fetched_at": "2025-07-16T00:39:32.801447+00:00", "symbol": "ETH-USD"}, {"trade_id": 667689588, "side": "sell", "size": "0.00169397", "price": "3139.35000000", "time": "2025-07-16T00:39:15.790994Z", "fetched_at": "2025-07-16T00:39:32.801447+00:00", "symbol": "ETH-USD"}, {"trade_id": 667689587, "side": "sell", "size": "0.00169397", "price": "3139.35000000", "time": "2025-07-16T00:39:15.759355Z", "fetched_at": "2025-07-16T00:39:32.801447+00:00", "symbol": "ETH-USD"}, {"trade_id": 667689586, "side": "sell", "size": "0.00169397", "price": "3139.35000000", "time": "2025-07-16T00:39:15.728120Z", "fetched_at": "2025-07-16T00:39:32.801447+00:00", "symbol": "ETH-USD"}, {"trade_id": 667689585, "side": "sell", "size": "0.06021464", "price": "3139.42000000", "time": "2025-07-16T00:39:15.713304Z", "fetched_at": "2025-07-16T00:39:32.801447+00:00", "symbol": "ETH-USD"}, {"trade_id": 667689584, "side": "sell", "size": "0.00169397", "price": "3139.35000000", "time": "2025-07-16T00:39:15.713304Z", "fetched_at": "2025-07-16T00:39:32.801447+00:00", "symbol": "ETH-USD"}, {"trade_id": 667689583, "side": "sell", "size": "0.00205616", "price": "3139.32000000", "time": "2025-07-16T00:39:14.022412Z", "fetched_at": "2025-07-16T00:39:32.801447+00:00", "symbol": "ETH-USD"}, {"trade_id": 667689582, "side": "sell", "size": "0.09480665", "price": "3139.51000000", "time": "2025-07-16T00:39:13.759805Z", "fetched_at": "2025-07-16T00:39:32.801447+00:00", "symbol": "ETH-USD"}, {"trade_id": 667689581, "side": "sell", "size": "0.00147136", "price": "3139.39000000", "time": "2025-07-16T00:39:13.719025Z", "fetched_at": "2025-07-16T00:39:32.801447+00:00", "symbol": "ETH-USD"}, {"trade_id": 667689580, "side": "buy", "size": "0.01163855", "price": "3139.49000000", "time": "2025-07-16T00:39:13.531091Z", "fetched_at": "2025-07-16T00:39:32.801447+00:00", "symbol": "ETH-USD"}, {"trade_id": 667689579, "side": "sell", "size": "0.00147736", "price": "3139.40000000", "time": "2025-07-16T00:39:13.508445Z", "fetched_at": "2025-07-16T00:39:32.801447+00:00", "symbol": "ETH-USD"}, {"trade_id": 667689578, "side": "sell", "size": "0.00147736", "price": "3139.40000000", "time": "2025-07-16T00:39:13.477252Z", "fetched_at": "2025-07-16T00:39:32.801447+00:00", "symbol": "ETH-USD"}, {"trade_id": 667689577, "side": "sell", "size": "0.00147736", "price": "3139.39000000", "time": "2025-07-16T00:39:13.444561Z", "fetched_at": "2025-07-16T00:39:32.801447+00:00", "symbol": "ETH-USD"}, {"trade_id": 667689576, "side": "sell", "size": "0.00147736", "price": "3139.39000000", "time": "2025-07-16T00:39:13.412198Z", "fetched_at": "2025-07-16T00:39:32.801447+00:00", "symbol": "ETH-USD"}, {"trade_id": 667689575, "side": "sell", "size": "0.00147736", "price": "3139.39000000", "time": "2025-07-16T00:39:13.379040Z", "fetched_at": "2025-07-16T00:39:32.801447+00:00", "symbol": "ETH-USD"}, {"trade_id": 667689574, "side": "sell", "size": "0.00147736", "price": "3139.39000000", "time": "2025-07-16T00:39:13.348101Z", "fetched_at": "2025-07-16T00:39:32.801447+00:00", "symbol": "ETH-USD"}, {"trade_id": 667689573, "side": "buy", "size": "0.15483405", "price": "3139.43000000", "time": "2025-07-16T00:39:13.321212Z", "fetched_at": "2025-07-16T00:39:32.801447+00:00", "symbol": "ETH-USD"}, {"trade_id": 667689572, "side": "buy", "size": "0.10000000", "price": "3139.44000000", "time": "2025-07-16T00:39:13.321212Z", "fetched_at": "2025-07-16T00:39:32.801447+00:00", "symbol": "ETH-USD"}, {"trade_id": 667689571, "side": "sell", "size": "0.00037216", "price": "3139.32000000", "time": "2025-07-16T00:39:13.016627Z", "fetched_at": "2025-07-16T00:39:32.801447+00:00", "symbol": "ETH-USD"}, {"trade_id": 667689570, "side": "sell", "size": "0.00008658", "price": "3139.32000000", "time": "2025-07-16T00:39:13.016627Z", "fetched_at": "2025-07-16T00:39:32.801447+00:00", "symbol": "ETH-USD"}, {"trade_id": 667689569, "side": "sell", "size": "0.00211262", "price": "3139.32000000", "time": "2025-07-16T00:39:13.016627Z", "fetched_at": "2025-07-16T00:39:32.801447+00:00", "symbol": "ETH-USD"}, {"trade_id": 667689568, "side": "buy", "size": "0.00001274", "price": "3139.36000000", "time": "2025-07-16T00:39:12.111551Z", "fetched_at": "2025-07-16T00:39:32.801447+00:00", "symbol": "ETH-USD"}, {"trade_id": 667689567, "side": "sell", "size": "0.00464359", "price": "3139.51000000", "time": "2025-07-16T00:39:10.574965Z", "fetched_at": "2025-07-16T00:39:32.801447+00:00", "symbol": "ETH-USD"}, {"trade_id": 667689566, "side": "sell", "size": "0.00630933", "price": "3139.51000000", "time": "2025-07-16T00:39:10.353346Z", "fetched_at": "2025-07-16T00:39:32.801447+00:00", "symbol": "ETH-USD"}, {"trade_id": 667689565, "side": "sell", "size": "0.00307575", "price": "3139.53000000", "time": "2025-07-16T00:39:10.104399Z", "fetched_at": "2025-07-16T00:39:32.801447+00:00", "symbol": "ETH-USD"}, {"trade_id": 667689564, "side": "sell", "size": "0.01338336", "price": "3139.55000000", "time": "2025-07-16T00:39:10.048305Z", "fetched_at": "2025-07-16T00:39:32.801447+00:00", "symbol": "ETH-USD"}, {"trade_id": 667689563, "side": "sell", "size": "0.00209899", "price": "3139.34000000", "time": "2025-07-16T00:39:10.048305Z", "fetched_at": "2025-07-16T00:39:32.801447+00:00", "symbol": "ETH-USD"}, {"trade_id": 667689562, "side": "sell", "size": "0.01379019", "price": "3139.55000000", "time": "2025-07-16T00:39:09.260160Z", "fetched_at": "2025-07-16T00:39:32.801447+00:00", "symbol": "ETH-USD"}, {"trade_id": 667689561, "side": "sell", "size": "0.00100000", "price": "3139.44000000", "time": "2025-07-16T00:39:09.260160Z", "fetched_at": "2025-07-16T00:39:32.801447+00:00", "symbol": "ETH-USD"}, {"trade_id": 667689560, "side": "sell", "size": "0.00010334", "price": "3139.42000000", "time": "2025-07-16T00:39:09.260160Z", "fetched_at": "2025-07-16T00:39:32.801447+00:00", "symbol": "ETH-USD"}, {"trade_id": 667689559, "side": "sell", "size": "0.00213824", "price": "3139.30000000", "time": "2025-07-16T00:39:09.260160Z", "fetched_at": "2025-07-16T00:39:32.801447+00:00", "symbol": "ETH-USD"}, {"trade_id": 667689558, "side": "sell", "size": "0.00386119", "price": "3139.42000000", "time": "2025-07-16T00:39:08.560053Z", "fetched_at": "2025-07-16T00:39:32.801447+00:00", "symbol": "ETH-USD"}, {"trade_id": 667689557, "side": "sell", "size": "0.00233142", "price": "3139.28000000", "time": "2025-07-16T00:39:08.560053Z", "fetched_at": "2025-07-16T00:39:32.801447+00:00", "symbol": "ETH-USD"}, {"trade_id": 667689556, "side": "sell", "size": "0.07557887", "price": "3139.28000000", "time": "2025-07-16T00:39:07.226540Z", "fetched_at": "2025-07-16T00:39:32.801447+00:00", "symbol": "ETH-USD"}, {"trade_id": 667689555, "side": "sell", "size": "0.00183956", "price": "3139.08000000", "time": "2025-07-16T00:39:07.226540Z", "fetched_at": "2025-07-16T00:39:32.801447+00:00", "symbol": "ETH-USD"}, {"trade_id": 667689554, "side": "sell", "size": "0.01314758", "price": "3139.30000000", "time": "2025-07-16T00:39:06.997014Z", "fetched_at": "2025-07-16T00:39:32.801447+00:00", "symbol": "ETH-USD"}, {"trade_id": 667689553, "side": "sell", "size": "0.00173991", "price": "3139.29000000", "time": "2025-07-16T00:39:06.997014Z", "fetched_at": "2025-07-16T00:39:32.801447+00:00", "symbol": "ETH-USD"}, {"trade_id": 667689552, "side": "sell", "size": "0.00012875", "price": "3139.03000000", "time": "2025-07-16T00:39:06.997014Z", "fetched_at": "2025-07-16T00:39:32.801447+00:00", "symbol": "ETH-USD"}, {"trade_id": 667689551, "side": "sell", "size": "0.00009309", "price": "3138.94000000", "time": "2025-07-16T00:39:06.997014Z", "fetched_at": "2025-07-16T00:39:32.801447+00:00", "symbol": "ETH-USD"}, {"trade_id": 667689550, "side": "buy", "size": "0.08427000", "price": "3138.93000000", "time": "2025-07-16T00:39:06.086102Z", "fetched_at": "2025-07-16T00:39:32.801447+00:00", "symbol": "ETH-USD"}, {"trade_id": 667689549, "side": "buy", "size": "0.06193000", "price": "3138.93000000", "time": "2025-07-16T00:39:06.086102Z", "fetched_at": "2025-07-16T00:39:32.801447+00:00", "symbol": "ETH-USD"}, {"trade_id": 667689548, "side": "sell", "size": "0.00017437", "price": "3138.94000000", "time": "2025-07-16T00:39:06.014836Z", "fetched_at": "2025-07-16T00:39:32.801447+00:00", "symbol": "ETH-USD"}, {"trade_id": 667689547, "side": "sell", "size": "0.00006223", "price": "3138.94000000", "time": "2025-07-16T00:39:06.014836Z", "fetched_at": "2025-07-16T00:39:32.801447+00:00", "symbol": "ETH-USD"}, {"trade_id": 667689546, "side": "buy", "size": "0.11890000", "price": "3138.93000000", "time": "2025-07-16T00:39:05.533683Z", "fetched_at": "2025-07-16T00:39:32.801447+00:00", "symbol": "ETH-USD"}, {"trade_id": 667689545, "side": "sell", "size": "0.06007033", "price": "3138.80000000", "time": "2025-07-16T00:39:04.667823Z", "fetched_at": "2025-07-16T00:39:32.801447+00:00", "symbol": "ETH-USD"}, {"trade_id": 667689544, "side": "sell", "size": "0.00186264", "price": "3138.80000000", "time": "2025-07-16T00:39:04.667823Z", "fetched_at": "2025-07-16T00:39:32.801447+00:00", "symbol": "ETH-USD"}, {"trade_id": 667689543, "side": "buy", "size": "0.00321797", "price": "3138.79000000", "time": "2025-07-16T00:39:04.588484Z", "fetched_at": "2025-07-16T00:39:32.801447+00:00", "symbol": "ETH-USD"}, {"trade_id": 667689542, "side": "sell", "size": "0.00774162", "price": "3139.03000000", "time": "2025-07-16T00:39:03.579902Z", "fetched_at": "2025-07-16T00:39:32.801447+00:00", "symbol": "ETH-USD"}, {"trade_id": 667689541, "side": "sell", "size": "0.00156324", "price": "3139.04000000", "time": "2025-07-16T00:39:02.747813Z", "fetched_at": "2025-07-16T00:39:32.801447+00:00", "symbol": "ETH-USD"}, {"trade_id": 667689540, "side": "sell", "size": "0.00391932", "price": "3139.08000000", "time": "2025-07-16T00:39:02.404220Z", "fetched_at": "2025-07-16T00:39:32.801447+00:00", "symbol": "ETH-USD"}, {"trade_id": 667689539, "side": "sell", "size": "0.00227329", "price": "3138.75000000", "time": "2025-07-16T00:39:02.404220Z", "fetched_at": "2025-07-16T00:39:32.801447+00:00", "symbol": "ETH-USD"}, {"trade_id": 667689538, "side": "buy", "size": "0.00159635", "price": "3138.76000000", "time": "2025-07-16T00:39:02.389891Z", "fetched_at": "2025-07-16T00:39:32.801447+00:00", "symbol": "ETH-USD"}, {"trade_id": 667689537, "side": "buy", "size": "0.40048741", "price": "3138.72000000", "time": "2025-07-16T00:39:01.958701Z", "fetched_at": "2025-07-16T00:39:32.801447+00:00", "symbol": "ETH-USD"}, {"trade_id": 667689536, "side": "buy", "size": "0.11400168", "price": "3138.73000000", "time": "2025-07-16T00:39:01.958701Z", "fetched_at": "2025-07-16T00:39:32.801447+00:00", "symbol": "ETH-USD"}, {"trade_id": 667689535, "side": "buy", "size": "0.10000000", "price": "3138.74000000", "time": "2025-07-16T00:39:01.958701Z", "fetched_at": "2025-07-16T00:39:32.801447+00:00", "symbol": "ETH-USD"}, {"trade_id": 667689534, "side": "buy", "size": "0.15928568", "price": "3138.81000000", "time": "2025-07-16T00:39:01.958701Z", "fetched_at": "2025-07-16T00:39:32.801447+00:00", "symbol": "ETH-USD"}, {"trade_id": 667689533, "side": "buy", "size": "0.12740517", "price": "3138.83000000", "time": "2025-07-16T00:39:01.958701Z", "fetched_at": "2025-07-16T00:39:32.801447+00:00", "symbol": "ETH-USD"}, {"trade_id": 667689532, "side": "buy", "size": "0.00241872", "price": "3138.84000000", "time": "2025-07-16T00:39:01.958701Z", "fetched_at": "2025-07-16T00:39:32.801447+00:00", "symbol": "ETH-USD"}, {"trade_id": 667689531, "side": "buy", "size": "0.05176078", "price": "3138.88000000", "time": "2025-07-16T00:39:01.958701Z", "fetched_at": "2025-07-16T00:39:32.801447+00:00", "symbol": "ETH-USD"}, {"trade_id": 667689530, "side": "buy", "size": "0.00046000", "price": "3138.89000000", "time": "2025-07-16T00:39:01.958701Z", "fetched_at": "2025-07-16T00:39:32.801447+00:00", "symbol": "ETH-USD"}, {"trade_id": 667689529, "side": "sell", "size": "0.00075822", "price": "3139.09000000", "time": "2025-07-16T00:39:01.265437Z", "fetched_at": "2025-07-16T00:39:32.801447+00:00", "symbol": "ETH-USD"}, {"trade_id": 667689528, "side": "sell", "size": "0.00226391", "price": "3139.08000000", "time": "2025-07-16T00:39:01.265437Z", "fetched_at": "2025-07-16T00:39:32.801447+00:00", "symbol": "ETH-USD"}, {"trade_id": 667689527, "side": "sell", "size": "0.26875684", "price": "3139.52000000", "time": "2025-07-16T00:39:00.123083Z", "fetched_at": "2025-07-16T00:39:32.801447+00:00", "symbol": "ETH-USD"}, {"trade_id": 667689526, "side": "sell", "size": "0.00100000", "price": "3139.44000000", "time": "2025-07-16T00:39:00.123083Z", "fetched_at": "2025-07-16T00:39:32.801447+00:00", "symbol": "ETH-USD"}, {"trade_id": 667689525, "side": "sell", "size": "0.15926660", "price": "3139.39000000", "time": "2025-07-16T00:39:00.123083Z", "fetched_at": "2025-07-16T00:39:32.801447+00:00", "symbol": "ETH-USD"}, {"trade_id": 667689524, "side": "sell", "size": "0.01577347", "price": "3139.42000000", "time": "2025-07-16T00:38:59.903666Z", "fetched_at": "2025-07-16T00:39:32.801447+00:00", "symbol": "ETH-USD"}, {"trade_id": 667689523, "side": "sell", "size": "0.00684696", "price": "3139.30000000", "time": "2025-07-16T00:38:59.769936Z", "fetched_at": "2025-07-16T00:39:32.801447+00:00", "symbol": "ETH-USD"}, {"trade_id": 667689522, "side": "sell", "size": "0.00001885", "price": "3139.25000000", "time": "2025-07-16T00:38:59.769936Z", "fetched_at": "2025-07-16T00:39:32.801447+00:00", "symbol": "ETH-USD"}, {"trade_id": 667689521, "side": "sell", "size": "0.00008043", "price": "3139.25000000", "time": "2025-07-16T00:38:59.769936Z", "fetched_at": "2025-07-16T00:39:32.801447+00:00", "symbol": "ETH-USD"}, {"trade_id": 667689520, "side": "sell", "size": "0.00234425", "price": "3139.08000000", "time": "2025-07-16T00:38:59.769936Z", "fetched_at": "2025-07-16T00:39:32.801447+00:00", "symbol": "ETH-USD"}, {"trade_id": 667689519, "side": "buy", "size": "0.00003308", "price": "3139.07000000", "time": "2025-07-16T00:38:59.668810Z", "fetched_at": "2025-07-16T00:39:32.801447+00:00", "symbol": "ETH-USD"}, {"trade_id": 667689518, "side": "sell", "size": "0.00453629", "price": "3139.26000000", "time": "2025-07-16T00:38:59.202578Z", "fetched_at": "2025-07-16T00:39:32.801447+00:00", "symbol": "ETH-USD"}, {"trade_id": 667689517, "side": "sell", "size": "0.00196188", "price": "3139.25000000", "time": "2025-07-16T00:38:59.202578Z", "fetched_at": "2025-07-16T00:39:32.801447+00:00", "symbol": "ETH-USD"}, {"trade_id": 667689516, "side": "sell", "size": "0.00100000", "price": "3139.20000000", "time": "2025-07-16T00:38:59.202578Z", "fetched_at": "2025-07-16T00:39:32.801447+00:00", "symbol": "ETH-USD"}, {"trade_id": 667689515, "side": "sell", "size": "0.00100000", "price": "3138.96000000", "time": "2025-07-16T00:38:59.202578Z", "fetched_at": "2025-07-16T00:39:32.801447+00:00", "symbol": "ETH-USD"}, {"trade_id": 667689514, "side": "sell", "size": "0.00016766", "price": "3138.79000000", "time": "2025-07-16T00:38:59.202578Z", "fetched_at": "2025-07-16T00:39:32.801447+00:00", "symbol": "ETH-USD"}, {"trade_id": 667689513, "side": "sell", "size": "0.00072008", "price": "3138.79000000", "time": "2025-07-16T00:38:59.202578Z", "fetched_at": "2025-07-16T00:39:32.801447+00:00", "symbol": "ETH-USD"}, {"trade_id": 667689512, "side": "sell", "size": "0.00007796", "price": "3138.79000000", "time": "2025-07-16T00:38:59.202578Z", "fetched_at": "2025-07-16T00:39:32.801447+00:00", "symbol": "ETH-USD"}, {"trade_id": 667689511, "side": "sell", "size": "0.15773924", "price": "3138.79000000", "time": "2025-07-16T00:38:57.320765Z", "fetched_at": "2025-07-16T00:39:32.801447+00:00", "symbol": "ETH-USD"}, {"trade_id": 667689510, "side": "sell", "size": "0.01270618", "price": "3138.81000000", "time": "2025-07-16T00:38:57.247621Z", "fetched_at": "2025-07-16T00:39:32.801447+00:00", "symbol": "ETH-USD"}, {"trade_id": 667689509, "side": "sell", "size": "0.00100000", "price": "3138.72000000", "time": "2025-07-16T00:38:57.247621Z", "fetched_at": "2025-07-16T00:39:32.801447+00:00", "symbol": "ETH-USD"}, {"trade_id": 667689508, "side": "sell", "size": "0.00024007", "price": "3138.70000000", "time": "2025-07-16T00:38:57.247621Z", "fetched_at": "2025-07-16T00:39:32.801447+00:00", "symbol": "ETH-USD"}, {"trade_id": 667689507, "side": "sell", "size": "0.00005588", "price": "3138.70000000", "time": "2025-07-16T00:38:57.247621Z", "fetched_at": "2025-07-16T00:39:32.801447+00:00", "symbol": "ETH-USD"}, {"trade_id": 667689506, "side": "sell", "size": "0.00127500", "price": "3138.63000000", "time": "2025-07-16T00:38:57.247621Z", "fetched_at": "2025-07-16T00:39:32.801447+00:00", "symbol": "ETH-USD"}, {"trade_id": 667689505, "side": "sell", "size": "0.00020670", "price": "3138.63000000", "time": "2025-07-16T00:38:57.247621Z", "fetched_at": "2025-07-16T00:39:32.801447+00:00", "symbol": "ETH-USD"}, {"trade_id": 667689504, "side": "sell", "size": "0.29746602", "price": "3138.64000000", "time": "2025-07-16T00:38:55.819009Z", "fetched_at": "2025-07-16T00:39:32.801447+00:00", "symbol": "ETH-USD"}, {"trade_id": 667689503, "side": "sell", "size": "0.00042599", "price": "3138.63000000", "time": "2025-07-16T00:38:55.819009Z", "fetched_at": "2025-07-16T00:39:32.801447+00:00", "symbol": "ETH-USD"}, {"trade_id": 667689502, "side": "sell", "size": "0.00010335", "price": "3138.55000000", "time": "2025-07-16T00:38:55.819009Z", "fetched_at": "2025-07-16T00:39:32.801447+00:00", "symbol": "ETH-USD"}, {"trade_id": 667689501, "side": "sell", "size": "0.00041609", "price": "3138.34000000", "time": "2025-07-16T00:38:55.819009Z", "fetched_at": "2025-07-16T00:39:32.801447+00:00", "symbol": "ETH-USD"}, {"trade_id": 667689500, "side": "sell", "size": "0.00381236", "price": "3138.21000000", "time": "2025-07-16T00:38:55.819009Z", "fetched_at": "2025-07-16T00:39:32.801447+00:00", "symbol": "ETH-USD"}, {"trade_id": 667689499, "side": "sell", "size": "0.00150919", "price": "3138.21000000", "time": "2025-07-16T00:38:55.268920Z", "fetched_at": "2025-07-16T00:39:32.801447+00:00", "symbol": "ETH-USD"}, {"trade_id": 667689498, "side": "sell", "size": "0.00264477", "price": "3138.21000000", "time": "2025-07-16T00:38:54.985366Z", "fetched_at": "2025-07-16T00:39:32.801447+00:00", "symbol": "ETH-USD"}, {"trade_id": 667689497, "side": "sell", "size": "0.30961058", "price": "3138.18000000", "time": "2025-07-16T00:38:54.016575Z", "fetched_at": "2025-07-16T00:39:32.801447+00:00", "symbol": "ETH-USD"}, {"trade_id": 667689496, "side": "sell", "size": "0.01548054", "price": "3138.18000000", "time": "2025-07-16T00:38:53.551640Z", "fetched_at": "2025-07-16T00:39:32.801447+00:00", "symbol": "ETH-USD"}, {"trade_id": 667689495, "side": "sell", "size": "0.01400168", "price": "3138.01000000", "time": "2025-07-16T00:38:50.030680Z", "fetched_at": "2025-07-16T00:39:32.801447+00:00", "symbol": "ETH-USD"}, {"trade_id": 667689494, "side": "sell", "size": "0.00222832", "price": "3138.01000000", "time": "2025-07-16T00:38:50.030680Z", "fetched_at": "2025-07-16T00:39:32.801447+00:00", "symbol": "ETH-USD"}, {"trade_id": 667689493, "side": "sell", "size": "0.00315447", "price": "3138.01000000", "time": "2025-07-16T00:38:49.979858Z", "fetched_at": "2025-07-16T00:39:32.801447+00:00", "symbol": "ETH-USD"}, {"trade_id": 667689492, "side": "sell", "size": "0.17665052", "price": "3138.01000000", "time": "2025-07-16T00:38:49.616739Z", "fetched_at": "2025-07-16T00:39:32.801447+00:00", "symbol": "ETH-USD"}, {"trade_id": 667689491, "side": "buy", "size": "0.00098429", "price": "3138.08000000", "time": "2025-07-16T00:38:49.343657Z", "fetched_at": "2025-07-16T00:39:32.801447+00:00", "symbol": "ETH-USD"}, {"trade_id": 667689490, "side": "buy", "size": "0.00063000", "price": "3138.08000000", "time": "2025-07-16T00:38:49.343657Z", "fetched_at": "2025-07-16T00:39:32.801447+00:00", "symbol": "ETH-USD"}, {"trade_id": 667689489, "side": "sell", "size": "0.01510993", "price": "3138.09000000", "time": "2025-07-16T00:38:48.595279Z", "fetched_at": "2025-07-16T00:39:32.801447+00:00", "symbol": "ETH-USD"}, {"trade_id": 667689488, "side": "sell", "size": "0.00063637", "price": "3138.09000000", "time": "2025-07-16T00:38:47.756021Z", "fetched_at": "2025-07-16T00:39:32.801447+00:00", "symbol": "ETH-USD"}, {"trade_id": 667689487, "side": "sell", "size": "0.69376762", "price": "3138.32000000", "time": "2025-07-16T00:38:47.453535Z", "fetched_at": "2025-07-16T00:39:32.801447+00:00", "symbol": "ETH-USD"}, {"trade_id": 667689486, "side": "sell", "size": "0.79663559", "price": "3138.20000000", "time": "2025-07-16T00:38:47.453535Z", "fetched_at": "2025-07-16T00:39:32.801447+00:00", "symbol": "ETH-USD"}, {"trade_id": 667689485, "side": "sell", "size": "0.10000000", "price": "3138.19000000", "time": "2025-07-16T00:38:47.453535Z", "fetched_at": "2025-07-16T00:39:32.801447+00:00", "symbol": "ETH-USD"}, {"trade_id": 667689484, "side": "sell", "size": "0.00177183", "price": "3138.18000000", "time": "2025-07-16T00:38:47.453535Z", "fetched_at": "2025-07-16T00:39:32.801447+00:00", "symbol": "ETH-USD"}, {"trade_id": 667689483, "side": "sell", "size": "0.15933456", "price": "3138.06000000", "time": "2025-07-16T00:38:47.453535Z", "fetched_at": "2025-07-16T00:39:32.801447+00:00", "symbol": "ETH-USD"}, {"trade_id": 667689482, "side": "sell", "size": "0.00063083", "price": "3138.19000000", "time": "2025-07-16T00:38:45.865416Z", "fetched_at": "2025-07-16T00:39:32.801447+00:00", "symbol": "ETH-USD"}, {"trade_id": 667689481, "side": "buy", "size": "0.30000000", "price": "3138.20000000", "time": "2025-07-16T00:38:44.294983Z", "fetched_at": "2025-07-16T00:39:32.801447+00:00", "symbol": "ETH-USD"}, {"trade_id": 667689480, "side": "buy", "size": "0.65441947", "price": "3138.19000000", "time": "2025-07-16T00:38:44.281578Z", "fetched_at": "2025-07-16T00:39:32.801447+00:00", "symbol": "ETH-USD"}, {"trade_id": 667689479, "side": "buy", "size": "0.30920061", "price": "3138.22000000", "time": "2025-07-16T00:38:44.281578Z", "fetched_at": "2025-07-16T00:39:32.801447+00:00", "symbol": "ETH-USD"}, {"trade_id": 667689478, "side": "buy", "size": "0.00063000", "price": "3138.23000000", "time": "2025-07-16T00:38:44.281578Z", "fetched_at": "2025-07-16T00:39:32.801447+00:00", "symbol": "ETH-USD"}, {"trade_id": 667689477, "side": "buy", "size": "2.09678547", "price": "3138.24000000", "time": "2025-07-16T00:38:44.281578Z", "fetched_at": "2025-07-16T00:39:32.801447+00:00", "symbol": "ETH-USD"}, {"trade_id": 667689476, "side": "buy", "size": "0.83128903", "price": "3138.24000000", "time": "2025-07-16T00:38:44.281380Z", "fetched_at": "2025-07-16T00:39:32.801447+00:00", "symbol": "ETH-USD"}, {"trade_id": 667689475, "side": "buy", "size": "0.00100000", "price": "3138.24000000", "time": "2025-07-16T00:38:44.281380Z", "fetched_at": "2025-07-16T00:39:32.801447+00:00", "symbol": "ETH-USD"}, {"trade_id": 667689474, "side": "buy", "size": "0.19232812", "price": "3138.35000000", "time": "2025-07-16T00:38:44.281196Z", "fetched_at": "2025-07-16T00:39:32.801447+00:00", "symbol": "ETH-USD"}, {"trade_id": 667689473, "side": "buy", "size": "0.38310805", "price": "3138.37000000", "time": "2025-07-16T00:38:44.281196Z", "fetched_at": "2025-07-16T00:39:32.801447+00:00", "symbol": "ETH-USD"}, {"trade_id": 667689472, "side": "buy", "size": "0.04423622", "price": "3138.38000000", "time": "2025-07-16T00:38:44.281196Z", "fetched_at": "2025-07-16T00:39:32.801447+00:00", "symbol": "ETH-USD"}, {"trade_id": 667689471, "side": "buy", "size": "0.00063000", "price": "3138.54000000", "time": "2025-07-16T00:38:44.281196Z", "fetched_at": "2025-07-16T00:39:32.801447+00:00", "symbol": "ETH-USD"}, {"trade_id": 667689470, "side": "buy", "size": "0.00318620", "price": "3138.54000000", "time": "2025-07-16T00:38:44.281196Z", "fetched_at": "2025-07-16T00:39:32.801447+00:00", "symbol": "ETH-USD"}, {"trade_id": 667689469, "side": "buy", "size": "0.07727393", "price": "3138.37000000", "time": "2025-07-16T00:38:43.332759Z", "fetched_at": "2025-07-16T00:39:32.801447+00:00", "symbol": "ETH-USD"}, {"trade_id": 667689468, "side": "buy", "size": "0.00318620", "price": "3138.54000000", "time": "2025-07-16T00:38:43.332759Z", "fetched_at": "2025-07-16T00:39:32.801447+00:00", "symbol": "ETH-USD"}, {"trade_id": 667689467, "side": "sell", "size": "0.35454592", "price": "3138.69000000", "time": "2025-07-16T00:38:42.958305Z", "fetched_at": "2025-07-16T00:39:32.801447+00:00", "symbol": "ETH-USD"}, {"trade_id": 667689466, "side": "sell", "size": "0.00116937", "price": "3138.66000000", "time": "2025-07-16T00:38:42.958305Z", "fetched_at": "2025-07-16T00:39:32.801447+00:00", "symbol": "ETH-USD"}, {"trade_id": 667689465, "side": "buy", "size": "0.00348247", "price": "3138.39000000", "time": "2025-07-16T00:38:42.884092Z", "fetched_at": "2025-07-16T00:39:32.801447+00:00", "symbol": "ETH-USD"}, {"trade_id": 667689464, "side": "buy", "size": "0.00318634", "price": "3138.40000000", "time": "2025-07-16T00:38:42.884092Z", "fetched_at": "2025-07-16T00:39:32.801447+00:00", "symbol": "ETH-USD"}, {"trade_id": 667689463, "side": "sell", "size": "0.02650000", "price": "3138.66000000", "time": "2025-07-16T00:38:41.554015Z", "fetched_at": "2025-07-16T00:39:32.801447+00:00", "symbol": "ETH-USD"}, {"trade_id": 667689462, "side": "buy", "size": "0.01126301", "price": "3138.72000000", "time": "2025-07-16T00:38:41.338741Z", "fetched_at": "2025-07-16T00:39:32.801447+00:00", "symbol": "ETH-USD"}, {"trade_id": 667689461, "side": "sell", "size": "0.03352113", "price": "3138.95000000", "time": "2025-07-16T00:38:41.229129Z", "fetched_at": "2025-07-16T00:39:32.801447+00:00", "symbol": "ETH-USD"}, {"trade_id": 667689460, "side": "sell", "size": "0.00123609", "price": "3138.94000000", "time": "2025-07-16T00:38:41.229129Z", "fetched_at": "2025-07-16T00:39:32.801447+00:00", "symbol": "ETH-USD"}, {"trade_id": 667689459, "side": "buy", "size": "0.06431160", "price": "3138.72000000", "time": "2025-07-16T00:38:39.956343Z", "fetched_at": "2025-07-16T00:39:32.801447+00:00", "symbol": "ETH-USD"}, {"trade_id": 667689458, "side": "sell", "size": "0.00559343", "price": "3138.92000000", "time": "2025-07-16T00:38:39.446161Z", "fetched_at": "2025-07-16T00:39:32.801447+00:00", "symbol": "ETH-USD"}, {"trade_id": 667689457, "side": "sell", "size": "0.00174747", "price": "3138.91000000", "time": "2025-07-16T00:38:39.446161Z", "fetched_at": "2025-07-16T00:39:32.801447+00:00", "symbol": "ETH-USD"}, {"trade_id": 667689456, "side": "sell", "size": "0.00024009", "price": "3138.68000000", "time": "2025-07-16T00:38:39.446161Z", "fetched_at": "2025-07-16T00:39:32.801447+00:00", "symbol": "ETH-USD"}, {"trade_id": 667689455, "side": "sell", "size": "0.00005590", "price": "3138.68000000", "time": "2025-07-16T00:38:39.446161Z", "fetched_at": "2025-07-16T00:39:32.801447+00:00", "symbol": "ETH-USD"}, {"trade_id": 667689454, "side": "sell", "size": "0.00010335", "price": "3138.55000000", "time": "2025-07-16T00:38:39.446161Z", "fetched_at": "2025-07-16T00:39:32.801447+00:00", "symbol": "ETH-USD"}, {"trade_id": 667689453, "side": "buy", "size": "0.00406024", "price": "3138.14000000", "time": "2025-07-16T00:38:36.762155Z", "fetched_at": "2025-07-16T00:39:32.801447+00:00", "symbol": "ETH-USD"}, {"trade_id": 667689452, "side": "buy", "size": "0.00113792", "price": "3138.15000000", "time": "2025-07-16T00:38:36.762155Z", "fetched_at": "2025-07-16T00:39:32.801447+00:00", "symbol": "ETH-USD"}, {"trade_id": 667689451, "side": "buy", "size": "0.00100000", "price": "3138.24000000", "time": "2025-07-16T00:38:36.762155Z", "fetched_at": "2025-07-16T00:39:32.801447+00:00", "symbol": "ETH-USD"}, {"trade_id": 667689450, "side": "buy", "size": "0.00061100", "price": "3138.39000000", "time": "2025-07-16T00:38:36.762155Z", "fetched_at": "2025-07-16T00:39:32.801447+00:00", "symbol": "ETH-USD"}, {"trade_id": 667689449, "side": "sell", "size": "0.00236880", "price": "3138.40000000", "time": "2025-07-16T00:38:36.631653Z", "fetched_at": "2025-07-16T00:39:32.801447+00:00", "symbol": "ETH-USD"}, {"trade_id": 667689448, "side": "sell", "size": "0.10400000", "price": "3138.40000000", "time": "2025-07-16T00:38:36.590784Z", "fetched_at": "2025-07-16T00:39:32.801447+00:00", "symbol": "ETH-USD"}, {"trade_id": 667689447, "side": "buy", "size": "0.00001900", "price": "3138.39000000", "time": "2025-07-16T00:38:35.734418Z", "fetched_at": "2025-07-16T00:39:32.801447+00:00", "symbol": "ETH-USD"}, {"trade_id": 667689446, "side": "sell", "size": "0.00619053", "price": "3138.40000000", "time": "2025-07-16T00:38:34.604735Z", "fetched_at": "2025-07-16T00:39:32.801447+00:00", "symbol": "ETH-USD"}, {"trade_id": 667689445, "side": "sell", "size": "0.00904348", "price": "3138.40000000", "time": "2025-07-16T00:38:34.264401Z", "fetched_at": "2025-07-16T00:39:32.801447+00:00", "symbol": "ETH-USD"}, {"trade_id": 667689444, "side": "sell", "size": "0.00304515", "price": "3138.40000000", "time": "2025-07-16T00:38:34.264401Z", "fetched_at": "2025-07-16T00:39:32.801447+00:00", "symbol": "ETH-USD"}, {"trade_id": 667689443, "side": "buy", "size": "0.00318630", "price": "3138.44000000", "time": "2025-07-16T00:38:33.878569Z", "fetched_at": "2025-07-16T00:39:32.801447+00:00", "symbol": "ETH-USD"}, {"trade_id": 667689442, "side": "buy", "size": "0.00063000", "price": "3138.51000000", "time": "2025-07-16T00:38:33.878569Z", "fetched_at": "2025-07-16T00:39:32.801447+00:00", "symbol": "ETH-USD"}, {"trade_id": 667689441, "side": "sell", "size": "0.05817570", "price": "3138.77000000", "time": "2025-07-16T00:38:33.644054Z", "fetched_at": "2025-07-16T00:39:32.801447+00:00", "symbol": "ETH-USD"}, {"trade_id": 667689440, "side": "sell", "size": "0.15929983", "price": "3138.74000000", "time": "2025-07-16T00:38:33.644054Z", "fetched_at": "2025-07-16T00:39:32.801447+00:00", "symbol": "ETH-USD"}, {"trade_id": 667689439, "side": "sell", "size": "0.00024001", "price": "3138.73000000", "time": "2025-07-16T00:38:33.644054Z", "fetched_at": "2025-07-16T00:39:32.801447+00:00", "symbol": "ETH-USD"}, {"trade_id": 667689438, "side": "sell", "size": "0.00005588", "price": "3138.73000000", "time": "2025-07-16T00:38:33.644054Z", "fetched_at": "2025-07-16T00:39:32.801447+00:00", "symbol": "ETH-USD"}, {"trade_id": 667689437, "side": "sell", "size": "0.00233377", "price": "3138.66000000", "time": "2025-07-16T00:38:33.644054Z", "fetched_at": "2025-07-16T00:39:32.801447+00:00", "symbol": "ETH-USD"}, {"trade_id": 667689436, "side": "sell", "size": "0.00010334", "price": "3138.65000000", "time": "2025-07-16T00:38:33.644054Z", "fetched_at": "2025-07-16T00:39:32.801447+00:00", "symbol": "ETH-USD"}, {"trade_id": 667689435, "side": "sell", "size": "0.56110770", "price": "3138.65000000", "time": "2025-07-16T00:38:33.644054Z", "fetched_at": "2025-07-16T00:39:32.801447+00:00", "symbol": "ETH-USD"}, {"trade_id": 667689434, "side": "sell", "size": "0.04874871", "price": "3138.73000000", "time": "2025-07-16T00:38:32.691629Z", "fetched_at": "2025-07-16T00:39:32.801447+00:00", "symbol": "ETH-USD"}, {"trade_id": 667689433, "side": "sell", "size": "0.00111932", "price": "3138.73000000", "time": "2025-07-16T00:38:32.691629Z", "fetched_at": "2025-07-16T00:39:32.801447+00:00", "symbol": "ETH-USD"}, {"trade_id": 667689432, "side": "sell", "size": "0.00149900", "price": "3138.73000000", "time": "2025-07-16T00:38:31.949180Z", "fetched_at": "2025-07-16T00:39:32.801447+00:00", "symbol": "ETH-USD"}, {"trade_id": 667689431, "side": "buy", "size": "0.00767188", "price": "3138.52000000", "time": "2025-07-16T00:38:31.427070Z", "fetched_at": "2025-07-16T00:39:32.801447+00:00", "symbol": "ETH-USD"}, {"trade_id": 667689430, "side": "sell", "size": "0.31508178", "price": "3138.77000000", "time": "2025-07-16T00:38:31.084740Z", "fetched_at": "2025-07-16T00:39:32.801447+00:00", "symbol": "ETH-USD"}, {"trade_id": 667689429, "side": "sell", "size": "0.00036864", "price": "3138.76000000", "time": "2025-07-16T00:38:31.084740Z", "fetched_at": "2025-07-16T00:39:32.801447+00:00", "symbol": "ETH-USD"}, {"trade_id": 667689428, "side": "sell", "size": "0.01505784", "price": "3138.68000000", "time": "2025-07-16T00:38:30.746540Z", "fetched_at": "2025-07-16T00:39:32.801447+00:00", "symbol": "ETH-USD"}, {"trade_id": 667689427, "side": "sell", "size": "0.00042511", "price": "3138.67000000", "time": "2025-07-16T00:38:30.746540Z", "fetched_at": "2025-07-16T00:39:32.801447+00:00", "symbol": "ETH-USD"}, {"trade_id": 667689426, "side": "sell", "size": "0.18060348", "price": "3138.69000000", "time": "2025-07-16T00:38:30.449991Z", "fetched_at": "2025-07-16T00:39:32.801447+00:00", "symbol": "ETH-USD"}, {"trade_id": 667689425, "side": "sell", "size": "0.07981385", "price": "3138.68000000", "time": "2025-07-16T00:38:30.449991Z", "fetched_at": "2025-07-16T00:39:32.801447+00:00", "symbol": "ETH-USD"}, {"trade_id": 667689424, "side": "sell", "size": "0.02691581", "price": "3138.65000000", "time": "2025-07-16T00:38:30.449991Z", "fetched_at": "2025-07-16T00:39:32.801447+00:00", "symbol": "ETH-USD"}, {"trade_id": 667689423, "side": "sell", "size": "0.00266686", "price": "3138.64000000", "time": "2025-07-16T00:38:30.449991Z", "fetched_at": "2025-07-16T00:39:32.801447+00:00", "symbol": "ETH-USD"}, {"trade_id": 667689422, "side": "buy", "size": "0.00010000", "price": "3138.43000000", "time": "2025-07-16T00:38:30.014234Z", "fetched_at": "2025-07-16T00:39:32.801447+00:00", "symbol": "ETH-USD"}, {"trade_id": 667689421, "side": "sell", "size": "0.79640238", "price": "3139.12000000", "time": "2025-07-16T00:38:29.084423Z", "fetched_at": "2025-07-16T00:39:32.801447+00:00", "symbol": "ETH-USD"}, {"trade_id": 667689420, "side": "sell", "size": "0.94500000", "price": "3139.08000000", "time": "2025-07-16T00:38:29.084423Z", "fetched_at": "2025-07-16T00:39:32.801447+00:00", "symbol": "ETH-USD"}, {"trade_id": 667689419, "side": "sell", "size": "0.82731949", "price": "3138.84000000", "time": "2025-07-16T00:38:29.083356Z", "fetched_at": "2025-07-16T00:39:32.801447+00:00", "symbol": "ETH-USD"}, {"trade_id": 667689418, "side": "sell", "size": "0.00010563", "price": "3138.83000000", "time": "2025-07-16T00:38:29.083356Z", "fetched_at": "2025-07-16T00:39:32.801447+00:00", "symbol": "ETH-USD"}, {"trade_id": 667689417, "side": "sell", "size": "0.00024001", "price": "3138.83000000", "time": "2025-07-16T00:38:29.083356Z", "fetched_at": "2025-07-16T00:39:32.801447+00:00", "symbol": "ETH-USD"}, {"trade_id": 667689416, "side": "sell", "size": "0.00005589", "price": "3138.83000000", "time": "2025-07-16T00:38:29.083356Z", "fetched_at": "2025-07-16T00:39:32.801447+00:00", "symbol": "ETH-USD"}, {"trade_id": 667689415, "side": "sell", "size": "0.79648828", "price": "3138.78000000", "time": "2025-07-16T00:38:29.083356Z", "fetched_at": "2025-07-16T00:39:32.801447+00:00", "symbol": "ETH-USD"}, {"trade_id": 667689414, "side": "sell", "size": "0.10000000", "price": "3138.77000000", "time": "2025-07-16T00:38:29.083356Z", "fetched_at": "2025-07-16T00:39:32.801447+00:00", "symbol": "ETH-USD"}, {"trade_id": 667689413, "side": "sell", "size": "0.00247211", "price": "3138.76000000", "time": "2025-07-16T00:38:29.083356Z", "fetched_at": "2025-07-16T00:39:32.801447+00:00", "symbol": "ETH-USD"}, {"trade_id": 667689412, "side": "sell", "size": "0.02787379", "price": "3138.74000000", "time": "2025-07-16T00:38:29.026901Z", "fetched_at": "2025-07-16T00:39:32.801447+00:00", "symbol": "ETH-USD"}, {"trade_id": 667689411, "side": "sell", "size": "0.00247211", "price": "3138.73000000", "time": "2025-07-16T00:38:29.026901Z", "fetched_at": "2025-07-16T00:39:32.801447+00:00", "symbol": "ETH-USD"}, {"trade_id": 667689410, "side": "buy", "size": "0.47253064", "price": "3138.37000000", "time": "2025-07-16T00:38:28.725530Z", "fetched_at": "2025-07-16T00:39:32.801447+00:00", "symbol": "ETH-USD"}, {"trade_id": 667689409, "side": "buy", "size": "0.33367008", "price": "3138.38000000", "time": "2025-07-16T00:38:28.725530Z", "fetched_at": "2025-07-16T00:39:32.801447+00:00", "symbol": "ETH-USD"}, {"trade_id": 667689408, "side": "buy", "size": "0.14458206", "price": "3138.39000000", "time": "2025-07-16T00:38:28.725530Z", "fetched_at": "2025-07-16T00:39:32.801447+00:00", "symbol": "ETH-USD"}, {"trade_id": 667689407, "side": "buy", "size": "0.00318634", "price": "3138.40000000", "time": "2025-07-16T00:38:28.725530Z", "fetched_at": "2025-07-16T00:39:32.801447+00:00", "symbol": "ETH-USD"}, {"trade_id": 667689406, "side": "buy", "size": "0.00082405", "price": "3138.55000000", "time": "2025-07-16T00:38:28.725530Z", "fetched_at": "2025-07-16T00:39:32.801447+00:00", "symbol": "ETH-USD"}, {"trade_id": 667689405, "side": "buy", "size": "0.04229337", "price": "3138.55000000", "time": "2025-07-16T00:38:28.725530Z", "fetched_at": "2025-07-16T00:39:32.801447+00:00", "symbol": "ETH-USD"}, {"trade_id": 667689404, "side": "buy", "size": "0.00063000", "price": "3138.63000000", "time": "2025-07-16T00:38:28.725530Z", "fetched_at": "2025-07-16T00:39:32.801447+00:00", "symbol": "ETH-USD"}, {"trade_id": 667689403, "side": "sell", "size": "0.09025333", "price": "3138.78000000", "time": "2025-07-16T00:38:28.467421Z", "fetched_at": "2025-07-16T00:39:32.801447+00:00", "symbol": "ETH-USD"}, {"trade_id": 667689402, "side": "sell", "size": "0.00265442", "price": "3138.77000000", "time": "2025-07-16T00:38:28.467421Z", "fetched_at": "2025-07-16T00:39:32.801447+00:00", "symbol": "ETH-USD"}, {"trade_id": 667689401, "side": "buy", "size": "0.07981385", "price": "3138.58000000", "time": "2025-07-16T00:38:27.212129Z", "fetched_at": "2025-07-16T00:39:32.801447+00:00", "symbol": "ETH-USD"}, {"trade_id": 667689400, "side": "buy", "size": "0.00318615", "price": "3138.59000000", "time": "2025-07-16T00:38:27.212129Z", "fetched_at": "2025-07-16T00:39:32.801447+00:00", "symbol": "ETH-USD"}, {"trade_id": 667689399, "side": "sell", "size": "1.18027958", "price": "3139.56000000", "time": "2025-07-16T00:38:27.062171Z", "fetched_at": "2025-07-16T00:39:32.801447+00:00", "symbol": "ETH-USD"}, {"trade_id": 667689398, "side": "sell", "size": "0.10112070", "price": "3139.55000000", "time": "2025-07-16T00:38:27.062171Z", "fetched_at": "2025-07-16T00:39:32.801447+00:00", "symbol": "ETH-USD"}, {"trade_id": 667689397, "side": "sell", "size": "0.05529473", "price": "3139.43000000", "time": "2025-07-16T00:38:27.062171Z", "fetched_at": "2025-07-16T00:39:32.801447+00:00", "symbol": "ETH-USD"}, {"trade_id": 667689396, "side": "sell", "size": "0.03619585", "price": "3139.42000000", "time": "2025-07-16T00:38:27.062171Z", "fetched_at": "2025-07-16T00:39:32.801447+00:00", "symbol": "ETH-USD"}, {"trade_id": 667689395, "side": "sell", "size": "0.02118966", "price": "3139.41000000", "time": "2025-07-16T00:38:27.062171Z", "fetched_at": "2025-07-16T00:39:32.801447+00:00", "symbol": "ETH-USD"}, {"trade_id": 667689394, "side": "sell", "size": "0.01959501", "price": "3139.40000000", "time": "2025-07-16T00:38:27.062171Z", "fetched_at": "2025-07-16T00:39:32.801447+00:00", "symbol": "ETH-USD"}, {"trade_id": 667689393, "side": "sell", "size": "0.01141454", "price": "3139.39000000", "time": "2025-07-16T00:38:27.062171Z", "fetched_at": "2025-07-16T00:39:32.801447+00:00", "symbol": "ETH-USD"}, {"trade_id": 667689392, "side": "sell", "size": "0.01142565", "price": "3139.38000000", "time": "2025-07-16T00:38:27.062171Z", "fetched_at": "2025-07-16T00:39:32.801447+00:00", "symbol": "ETH-USD"}, {"trade_id": 667689391, "side": "sell", "size": "0.40000000", "price": "3139.31000000", "time": "2025-07-16T00:38:27.062171Z", "fetched_at": "2025-07-16T00:39:32.801447+00:00", "symbol": "ETH-USD"}, {"trade_id": 667689390, "side": "sell", "size": "0.20000000", "price": "3139.31000000", "time": "2025-07-16T00:38:27.062171Z", "fetched_at": "2025-07-16T00:39:32.801447+00:00", "symbol": "ETH-USD"}, {"trade_id": 667689389, "side": "sell", "size": "0.39483204", "price": "3139.28000000", "time": "2025-07-16T00:38:27.062171Z", "fetched_at": "2025-07-16T00:39:32.801447+00:00", "symbol": "ETH-USD"}, {"trade_id": 667689388, "side": "sell", "size": "0.81189000", "price": "3139.27000000", "time": "2025-07-16T00:38:27.062171Z", "fetched_at": "2025-07-16T00:39:32.801447+00:00", "symbol": "ETH-USD"}, {"trade_id": 667689387, "side": "sell", "size": "0.79640238", "price": "3139.12000000", "time": "2025-07-16T00:38:27.062171Z", "fetched_at": "2025-07-16T00:39:32.801447+00:00", "symbol": "ETH-USD"}, {"trade_id": 667689386, "side": "sell", "size": "0.10000000", "price": "3139.11000000", "time": "2025-07-16T00:38:27.062171Z", "fetched_at": "2025-07-16T00:39:32.801447+00:00", "symbol": "ETH-USD"}, {"trade_id": 667689385, "side": "sell", "size": "0.12160674", "price": "3139.06000000", "time": "2025-07-16T00:38:27.062171Z", "fetched_at": "2025-07-16T00:39:32.801447+00:00", "symbol": "ETH-USD"}, {"trade_id": 667689384, "side": "sell", "size": "0.08725518", "price": "3139.05000000", "time": "2025-07-16T00:38:27.062171Z", "fetched_at": "2025-07-16T00:39:32.801447+00:00", "symbol": "ETH-USD"}, {"trade_id": 667689383, "side": "sell", "size": "0.12110592", "price": "3139.04000000", "time": "2025-07-16T00:38:27.062171Z", "fetched_at": "2025-07-16T00:39:32.801447+00:00", "symbol": "ETH-USD"}, {"trade_id": 667689382, "side": "sell", "size": "0.09153432", "price": "3139.03000000", "time": "2025-07-16T00:38:27.062171Z", "fetched_at": "2025-07-16T00:39:32.801447+00:00", "symbol": "ETH-USD"}, {"trade_id": 667689381, "side": "sell", "size": "0.15928588", "price": "3139.01000000", "time": "2025-07-16T00:38:27.062171Z", "fetched_at": "2025-07-16T00:39:32.801447+00:00", "symbol": "ETH-USD"}, {"trade_id": 667689380, "side": "sell", "size": "0.04331659", "price": "3139.00000000", "time": "2025-07-16T00:38:27.062171Z", "fetched_at": "2025-07-16T00:39:32.801447+00:00", "symbol": "ETH-USD"}, {"trade_id": 667689379, "side": "sell", "size": "0.00247567", "price": "3138.99000000", "time": "2025-07-16T00:38:27.062171Z", "fetched_at": "2025-07-16T00:39:32.801447+00:00", "symbol": "ETH-USD"}, {"trade_id": 667689378, "side": "buy", "size": "0.01461392", "price": "3138.65000000", "time": "2025-07-16T00:38:26.918429Z", "fetched_at": "2025-07-16T00:39:32.801447+00:00", "symbol": "ETH-USD"}, {"trade_id": 667689377, "side": "buy", "size": "0.10000000", "price": "3138.66000000", "time": "2025-07-16T00:38:26.918429Z", "fetched_at": "2025-07-16T00:39:32.801447+00:00", "symbol": "ETH-USD"}, {"trade_id": 667689376, "side": "buy", "size": "0.00318608", "price": "3138.66000000", "time": "2025-07-16T00:38:26.918429Z", "fetched_at": "2025-07-16T00:39:32.801447+00:00", "symbol": "ETH-USD"}, {"trade_id": 667689375, "side": "buy", "size": "0.18031386", "price": "3138.59000000", "time": "2025-07-16T00:38:26.625079Z", "fetched_at": "2025-07-16T00:39:32.801447+00:00", "symbol": "ETH-USD"}, {"trade_id": 667689374, "side": "buy", "size": "0.00318614", "price": "3138.60000000", "time": "2025-07-16T00:38:26.625079Z", "fetched_at": "2025-07-16T00:39:32.801447+00:00", "symbol": "ETH-USD"}, {"trade_id": 667689373, "side": "buy", "size": "0.00318598", "price": "3138.76000000", "time": "2025-07-16T00:38:26.504551Z", "fetched_at": "2025-07-16T00:39:32.801447+00:00", "symbol": "ETH-USD"}, {"trade_id": 667689372, "side": "buy", "size": "0.65268221", "price": "3139.04000000", "time": "2025-07-16T00:38:26.486701Z", "fetched_at": "2025-07-16T00:39:32.801447+00:00", "symbol": "ETH-USD"}, {"trade_id": 667689371, "side": "buy", "size": "0.31442920", "price": "3139.06000000", "time": "2025-07-16T00:38:26.486701Z", "fetched_at": "2025-07-16T00:39:32.801447+00:00", "symbol": "ETH-USD"}, {"trade_id": 667689370, "side": "buy", "size": "0.81640572", "price": "3139.07000000", "time": "2025-07-16T00:38:26.486701Z", "fetched_at": "2025-07-16T00:39:32.801447+00:00", "symbol": "ETH-USD"}, {"trade_id": 667689369, "side": "buy", "size": "0.12100000", "price": "3139.08000000", "time": "2025-07-16T00:38:26.486701Z", "fetched_at": "2025-07-16T00:39:32.801447+00:00", "symbol": "ETH-USD"}, {"trade_id": 667689368, "side": "buy", "size": "0.04996785", "price": "3139.13000000", "time": "2025-07-16T00:38:26.486701Z", "fetched_at": "2025-07-16T00:39:32.801447+00:00", "symbol": "ETH-USD"}, {"trade_id": 667689367, "side": "buy", "size": "0.30668487", "price": "3139.13000000", "time": "2025-07-16T00:38:26.486342Z", "fetched_at": "2025-07-16T00:39:32.801447+00:00", "symbol": "ETH-USD"}, {"trade_id": 667689366, "side": "buy", "size": "0.24334728", "price": "3139.13000000", "time": "2025-07-16T00:38:26.486289Z", "fetched_at": "2025-07-16T00:39:32.801447+00:00", "symbol": "ETH-USD"}, {"trade_id": 667689365, "side": "sell", "size": "0.00196065", "price": "3139.21000000", "time": "2025-07-16T00:38:26.401991Z", "fetched_at": "2025-07-16T00:39:32.801447+00:00", "symbol": "ETH-USD"}, {"trade_id": 667689364, "side": "buy", "size": "0.07900000", "price": "3139.31000000", "time": "2025-07-16T00:38:25.915584Z", "fetched_at": "2025-07-16T00:39:32.801447+00:00", "symbol": "ETH-USD"}, {"trade_id": 667689363, "side": "buy", "size": "0.03670000", "price": "3139.31000000", "time": "2025-07-16T00:38:25.915584Z", "fetched_at": "2025-07-16T00:39:32.801447+00:00", "symbol": "ETH-USD"}, {"trade_id": 667689362, "side": "buy", "size": "0.03490765", "price": "3139.52000000", "time": "2025-07-16T00:38:25.672836Z", "fetched_at": "2025-07-16T00:39:32.801447+00:00", "symbol": "ETH-USD"}, {"trade_id": 667689361, "side": "buy", "size": "0.04200727", "price": "3139.53000000", "time": "2025-07-16T00:38:25.672836Z", "fetched_at": "2025-07-16T00:39:32.801447+00:00", "symbol": "ETH-USD"}, {"trade_id": 667689360, "side": "sell", "size": "0.48460000", "price": "3139.99000000", "time": "2025-07-16T00:38:25.649535Z", "fetched_at": "2025-07-16T00:39:32.801447+00:00", "symbol": "ETH-USD"}, {"trade_id": 667689359, "side": "sell", "size": "1.49246600", "price": "3139.99000000", "time": "2025-07-16T00:38:25.647970Z", "fetched_at": "2025-07-16T00:39:32.801447+00:00", "symbol": "ETH-USD"}, {"trade_id": 667689358, "side": "sell", "size": "0.10000000", "price": "3139.72000000", "time": "2025-07-16T00:38:25.647970Z", "fetched_at": "2025-07-16T00:39:32.801447+00:00", "symbol": "ETH-USD"}, {"trade_id": 667689357, "side": "sell", "size": "0.07114022", "price": "3139.99000000", "time": "2025-07-16T00:38:25.639305Z", "fetched_at": "2025-07-16T00:39:32.801447+00:00", "symbol": "ETH-USD"}, {"trade_id": 667689356, "side": "sell", "size": "0.00319270", "price": "3139.98000000", "time": "2025-07-16T00:38:25.639305Z", "fetched_at": "2025-07-16T00:39:32.801447+00:00", "symbol": "ETH-USD"}, {"trade_id": 667689355, "side": "sell", "size": "0.00100000", "price": "3139.92000000", "time": "2025-07-16T00:38:25.639305Z", "fetched_at": "2025-07-16T00:39:32.801447+00:00", "symbol": "ETH-USD"}, {"trade_id": 667689354, "side": "sell", "size": "0.00047867", "price": "3139.91000000", "time": "2025-07-16T00:38:25.639305Z", "fetched_at": "2025-07-16T00:39:32.801447+00:00", "symbol": "ETH-USD"}, {"trade_id": 667689353, "side": "sell", "size": "0.59089221", "price": "3139.83000000", "time": "2025-07-16T00:38:25.639305Z", "fetched_at": "2025-07-16T00:39:32.801447+00:00", "symbol": "ETH-USD"}, {"trade_id": 667689352, "side": "sell", "size": "0.19994380", "price": "3139.82000000", "time": "2025-07-16T00:38:25.639305Z", "fetched_at": "2025-07-16T00:39:32.801447+00:00", "symbol": "ETH-USD"}, {"trade_id": 667689351, "side": "sell", "size": "0.01839044", "price": "3139.81000000", "time": "2025-07-16T00:38:25.639305Z", "fetched_at": "2025-07-16T00:39:32.801447+00:00", "symbol": "ETH-USD"}, {"trade_id": 667689350, "side": "sell", "size": "0.19956915", "price": "3139.81000000", "time": "2025-07-16T00:38:25.639305Z", "fetched_at": "2025-07-16T00:39:32.801447+00:00", "symbol": "ETH-USD"}, {"trade_id": 667689349, "side": "sell", "size": "0.10199619", "price": "3139.81000000", "time": "2025-07-16T00:38:25.639305Z", "fetched_at": "2025-07-16T00:39:32.801447+00:00", "symbol": "ETH-USD"}, {"trade_id": 667689348, "side": "sell", "size": "0.67358111", "price": "3139.81000000", "time": "2025-07-16T00:38:25.639305Z", "fetched_at": "2025-07-16T00:39:32.801447+00:00", "symbol": "ETH-USD"}, {"trade_id": 667689347, "side": "sell", "size": "3.67778268", "price": "3139.76000000", "time": "2025-07-16T00:38:25.639305Z", "fetched_at": "2025-07-16T00:39:32.801447+00:00", "symbol": "ETH-USD"}, {"trade_id": 667689346, "side": "sell", "size": "0.19982696", "price": "3139.74000000", "time": "2025-07-16T00:38:25.639305Z", "fetched_at": "2025-07-16T00:39:32.801447+00:00", "symbol": "ETH-USD"}, {"trade_id": 667689345, "side": "sell", "size": "0.02558775", "price": "3139.73000000", "time": "2025-07-16T00:38:25.639305Z", "fetched_at": "2025-07-16T00:39:32.801447+00:00", "symbol": "ETH-USD"}, {"trade_id": 667689344, "side": "sell", "size": "1.37961256", "price": "3139.73000000", "time": "2025-07-16T00:38:25.635639Z", "fetched_at": "2025-07-16T00:39:32.801447+00:00", "symbol": "ETH-USD"}, {"trade_id": 667689343, "side": "sell", "size": "0.94500000", "price": "3139.52000000", "time": "2025-07-16T00:38:25.635639Z", "fetched_at": "2025-07-16T00:39:32.801447+00:00", "symbol": "ETH-USD"}, {"trade_id": 667689342, "side": "sell", "size": "0.52548744", "price": "3139.41000000", "time": "2025-07-16T00:38:25.635639Z", "fetched_at": "2025-07-16T00:39:32.801447+00:00", "symbol": "ETH-USD"}, {"trade_id": 667689341, "side": "buy", "size": "0.67145011", "price": "3139.19000000", "time": "2025-07-16T00:38:25.621404Z", "fetched_at": "2025-07-16T00:39:32.801447+00:00", "symbol": "ETH-USD"}, {"trade_id": 667689340, "side": "buy", "size": "0.08882270", "price": "3139.19000000", "time": "2025-07-16T00:38:25.621404Z", "fetched_at": "2025-07-16T00:39:32.801447+00:00", "symbol": "ETH-USD"}, {"trade_id": 667689339, "side": "buy", "size": "0.18352000", "price": "3139.19000000", "time": "2025-07-16T00:38:25.621404Z", "fetched_at": "2025-07-16T00:39:32.801447+00:00", "symbol": "ETH-USD"}, {"trade_id": 667689338, "side": "buy", "size": "0.07443400", "price": "3139.20000000", "time": "2025-07-16T00:38:25.621404Z", "fetched_at": "2025-07-16T00:39:32.801447+00:00", "symbol": "ETH-USD"}, {"trade_id": 667689337, "side": "sell", "size": "0.15931912", "price": "3139.70000000", "time": "2025-07-16T00:38:25.616132Z", "fetched_at": "2025-07-16T00:39:32.801447+00:00", "symbol": "ETH-USD"}, {"trade_id": 667689336, "side": "sell", "size": "0.65333239", "price": "3139.70000000", "time": "2025-07-16T00:38:25.614914Z", "fetched_at": "2025-07-16T00:39:32.801447+00:00", "symbol": "ETH-USD"}, {"trade_id": 667689335, "side": "sell", "size": "0.00100000", "price": "3139.68000000", "time": "2025-07-16T00:38:25.614914Z", "fetched_at": "2025-07-16T00:39:32.801447+00:00", "symbol": "ETH-USD"}, {"trade_id": 667689334, "side": "sell", "size": "0.12748984", "price": "3139.64000000", "time": "2025-07-16T00:38:25.614914Z", "fetched_at": "2025-07-16T00:39:32.801447+00:00", "symbol": "ETH-USD"}, {"trade_id": 667689333, "side": "sell", "size": "0.81189000", "price": "3139.56000000", "time": "2025-07-16T00:38:25.614914Z", "fetched_at": "2025-07-16T00:39:32.801447+00:00", "symbol": "ETH-USD"}, {"trade_id": 667689332, "side": "sell", "size": "0.00100000", "price": "3139.20000000", "time": "2025-07-16T00:38:25.614914Z", "fetched_at": "2025-07-16T00:39:32.801447+00:00", "symbol": "ETH-USD"}, {"trade_id": 667689331, "side": "sell", "size": "9.13757732", "price": "3139.44000000", "time": "2025-07-16T00:38:25.597442Z", "fetched_at": "2025-07-16T00:39:32.801447+00:00", "symbol": "ETH-USD"}, {"trade_id": 667689330, "side": "sell", "size": "0.00100000", "price": "3139.44000000", "time": "2025-07-16T00:38:25.597442Z", "fetched_at": "2025-07-16T00:39:32.801447+00:00", "symbol": "ETH-USD"}, {"trade_id": 667689329, "side": "sell", "size": "0.73761272", "price": "3139.42000000", "time": "2025-07-16T00:38:25.597442Z", "fetched_at": "2025-07-16T00:39:32.801447+00:00", "symbol": "ETH-USD"}, {"trade_id": 667689328, "side": "sell", "size": "7.22564497", "price": "3139.42000000", "time": "2025-07-16T00:38:25.597279Z", "fetched_at": "2025-07-16T00:39:32.801447+00:00", "symbol": "ETH-USD"}, {"trade_id": 667689327, "side": "sell", "size": "1.18178442", "price": "3139.41000000", "time": "2025-07-16T00:38:25.597279Z", "fetched_at": "2025-07-16T00:39:32.801447+00:00", "symbol": "ETH-USD"}, {"trade_id": 667689326, "side": "sell", "size": "0.63737189", "price": "3139.40000000", "time": "2025-07-16T00:38:25.597279Z", "fetched_at": "2025-07-16T00:39:32.801447+00:00", "symbol": "ETH-USD"}, {"trade_id": 667689325, "side": "sell", "size": "11.36282527", "price": "3139.36000000", "time": "2025-07-16T00:38:25.597279Z", "fetched_at": "2025-07-16T00:39:32.801447+00:00", "symbol": "ETH-USD"}, {"trade_id": 667689324, "side": "sell", "size": "0.94500000", "price": "3139.35000000", "time": "2025-07-16T00:38:25.597279Z", "fetched_at": "2025-07-16T00:39:32.801447+00:00", "symbol": "ETH-USD"}, {"trade_id": 667689323, "side": "sell", "size": "0.79072806", "price": "3139.31000000", "time": "2025-07-16T00:38:25.597279Z", "fetched_at": "2025-07-16T00:39:32.801447+00:00", "symbol": "ETH-USD"}, {"trade_id": 667689322, "side": "sell", "size": "1.04143684", "price": "3139.30000000", "time": "2025-07-16T00:38:25.597279Z", "fetched_at": "2025-07-16T00:39:32.801447+00:00", "symbol": "ETH-USD"}, {"trade_id": 667689321, "side": "sell", "size": "0.00100000", "price": "3139.20000000", "time": "2025-07-16T00:38:25.597279Z", "fetched_at": "2025-07-16T00:39:32.801447+00:00", "symbol": "ETH-USD"}, {"trade_id": 667689320, "side": "sell", "size": "0.00003543", "price": "3139.20000000", "time": "2025-07-16T00:38:25.597279Z", "fetched_at": "2025-07-16T00:39:32.801447+00:00", "symbol": "ETH-USD"}, {"trade_id": 667689319, "side": "sell", "size": "0.11144800", "price": "3139.16000000", "time": "2025-07-16T00:38:25.597279Z", "fetched_at": "2025-07-16T00:39:32.801447+00:00", "symbol": "ETH-USD"}, {"trade_id": 667689318, "side": "sell", "size": "0.18399811", "price": "3139.16000000", "time": "2025-07-16T00:38:25.597268Z", "fetched_at": "2025-07-16T00:39:32.801447+00:00", "symbol": "ETH-USD"}, {"trade_id": 667689317, "side": "sell", "size": "0.35794114", "price": "3139.12000000", "time": "2025-07-16T00:38:25.597268Z", "fetched_at": "2025-07-16T00:39:32.801447+00:00", "symbol": "ETH-USD"}, {"trade_id": 667689316, "side": "sell", "size": "0.44768736", "price": "3139.12000000", "time": "2025-07-16T00:38:25.597101Z", "fetched_at": "2025-07-16T00:39:32.801447+00:00", "symbol": "ETH-USD"}, {"trade_id": 667689315, "side": "sell", "size": "0.23477903", "price": "3139.10000000", "time": "2025-07-16T00:38:25.597101Z", "fetched_at": "2025-07-16T00:39:32.801447+00:00", "symbol": "ETH-USD"}, {"trade_id": 667689314, "side": "sell", "size": "1.29772257", "price": "3139.08000000", "time": "2025-07-16T00:38:25.597101Z", "fetched_at": "2025-07-16T00:39:32.801447+00:00", "symbol": "ETH-USD"}, {"trade_id": 667689313, "side": "sell", "size": "0.31868089", "price": "3139.06000000", "time": "2025-07-16T00:38:25.597101Z", "fetched_at": "2025-07-16T00:39:32.801447+00:00", "symbol": "ETH-USD"}, {"trade_id": 667689312, "side": "sell", "size": "0.81189000", "price": "3139.06000000", "time": "2025-07-16T00:38:25.597101Z", "fetched_at": "2025-07-16T00:39:32.801447+00:00", "symbol": "ETH-USD"}, {"trade_id": 667689311, "side": "sell", "size": "0.63908309", "price": "3139.05000000", "time": "2025-07-16T00:38:25.597101Z", "fetched_at": "2025-07-16T00:39:32.801447+00:00", "symbol": "ETH-USD"}, {"trade_id": 667689310, "side": "sell", "size": "1.49778604", "price": "3139.05000000", "time": "2025-07-16T00:38:25.597101Z", "fetched_at": "2025-07-16T00:39:32.801447+00:00", "symbol": "ETH-USD"}, {"trade_id": 667689309, "side": "sell", "size": "0.94500000", "price": "3139.03000000", "time": "2025-07-16T00:38:25.597101Z", "fetched_at": "2025-07-16T00:39:32.801447+00:00", "symbol": "ETH-USD"}, {"trade_id": 667689308, "side": "sell", "size": "0.14892399", "price": "3139.02000000", "time": "2025-07-16T00:38:25.597101Z", "fetched_at": "2025-07-16T00:39:32.801447+00:00", "symbol": "ETH-USD"}, {"trade_id": 667689307, "side": "sell", "size": "0.00047809", "price": "3138.97000000", "time": "2025-07-16T00:38:25.597101Z", "fetched_at": "2025-07-16T00:39:32.801447+00:00", "symbol": "ETH-USD"}, {"trade_id": 667689306, "side": "sell", "size": "0.00100000", "price": "3138.96000000", "time": "2025-07-16T00:38:25.597101Z", "fetched_at": "2025-07-16T00:39:32.801447+00:00", "symbol": "ETH-USD"}, {"trade_id": 667689305, "side": "sell", "size": "0.00827051", "price": "3138.93000000", "time": "2025-07-16T00:38:25.597101Z", "fetched_at": "2025-07-16T00:39:32.801447+00:00", "symbol": "ETH-USD"}, {"trade_id": 667689304, "side": "sell", "size": "0.64615217", "price": "3138.90000000", "time": "2025-07-16T00:38:25.597101Z", "fetched_at": "2025-07-16T00:39:32.801447+00:00", "symbol": "ETH-USD"}, {"trade_id": 667689303, "side": "sell", "size": "0.66124361", "price": "3138.82000000", "time": "2025-07-16T00:38:25.596883Z", "fetched_at": "2025-07-16T00:39:32.801447+00:00", "symbol": "ETH-USD"}, {"trade_id": 667689302, "side": "sell", "size": "0.82770499", "price": "3138.82000000", "time": "2025-07-16T00:38:25.596883Z", "fetched_at": "2025-07-16T00:39:32.801447+00:00", "symbol": "ETH-USD"}, {"trade_id": 667689301, "side": "sell", "size": "0.15934044", "price": "3138.79000000", "time": "2025-07-16T00:38:25.596883Z", "fetched_at": "2025-07-16T00:39:32.801447+00:00", "symbol": "ETH-USD"}, {"trade_id": 667689300, "side": "sell", "size": "0.32427913", "price": "3138.79000000", "time": "2025-07-16T00:38:25.596883Z", "fetched_at": "2025-07-16T00:39:32.801447+00:00", "symbol": "ETH-USD"}, {"trade_id": 667689299, "side": "sell", "size": "1.28134290", "price": "3138.75000000", "time": "2025-07-16T00:38:25.596529Z", "fetched_at": "2025-07-16T00:39:32.801447+00:00", "symbol": "ETH-USD"}, {"trade_id": 667689298, "side": "sell", "size": "0.32146800", "price": "3138.73000000", "time": "2025-07-16T00:38:25.596529Z", "fetched_at": "2025-07-16T00:39:32.801447+00:00", "symbol": "ETH-USD"}, {"trade_id": 667689297, "side": "sell", "size": "1.79246228", "price": "3138.72000000", "time": "2025-07-16T00:38:25.596529Z", "fetched_at": "2025-07-16T00:39:32.801447+00:00", "symbol": "ETH-USD"}, {"trade_id": 667689296, "side": "sell", "size": "0.00100000", "price": "3138.72000000", "time": "2025-07-16T00:38:25.596529Z", "fetched_at": "2025-07-16T00:39:32.801447+00:00", "symbol": "ETH-USD"}, {"trade_id": 667689295, "side": "sell", "size": "0.32448744", "price": "3138.70000000", "time": "2025-07-16T00:38:25.596529Z", "fetched_at": "2025-07-16T00:39:32.801447+00:00", "symbol": "ETH-USD"}, {"trade_id": 667689294, "side": "sell", "size": "0.94500000", "price": "3138.69000000", "time": "2025-07-16T00:38:25.596529Z", "fetched_at": "2025-07-16T00:39:32.801447+00:00", "symbol": "ETH-USD"}, {"trade_id": 667689293, "side": "sell", "size": "0.97731341", "price": "3138.57000000", "time": "2025-07-16T00:38:25.596529Z", "fetched_at": "2025-07-16T00:39:32.801447+00:00", "symbol": "ETH-USD"}, {"trade_id": 667689292, "side": "sell", "size": "0.19999842", "price": "3138.53000000", "time": "2025-07-16T00:38:25.596387Z", "fetched_at": "2025-07-16T00:39:32.801447+00:00", "symbol": "ETH-USD"}, {"trade_id": 667689291, "side": "sell", "size": "0.29910557", "price": "3138.52000000", "time": "2025-07-16T00:38:25.596387Z", "fetched_at": "2025-07-16T00:39:32.801447+00:00", "symbol": "ETH-USD"}, {"trade_id": 667689290, "side": "sell", "size": "0.29975244", "price": "3138.52000000", "time": "2025-07-16T00:38:25.596387Z", "fetched_at": "2025-07-16T00:39:32.801447+00:00", "symbol": "ETH-USD"}, {"trade_id": 667689289, "side": "sell", "size": "0.00011608", "price": "3138.51000000", "time": "2025-07-16T00:38:25.596387Z", "fetched_at": "2025-07-16T00:39:32.801447+00:00", "symbol": "ETH-USD"}, {"trade_id": 667689288, "side": "sell", "size": "0.79657811", "price": "3138.43000000", "time": "2025-07-16T00:38:25.596387Z", "fetched_at": "2025-07-16T00:39:32.801447+00:00", "symbol": "ETH-USD"}, {"trade_id": 667689287, "side": "sell", "size": "0.85745324", "price": "3138.42000000", "time": "2025-07-16T00:38:25.596387Z", "fetched_at": "2025-07-16T00:39:32.801447+00:00", "symbol": "ETH-USD"}, {"trade_id": 667689286, "side": "sell", "size": "0.10000000", "price": "3138.33000000", "time": "2025-07-16T00:38:25.596387Z", "fetched_at": "2025-07-16T00:39:32.801447+00:00", "symbol": "ETH-USD"}, {"trade_id": 667689285, "side": "sell", "size": "0.12534192", "price": "3138.42000000", "time": "2025-07-16T00:38:25.596113Z", "fetched_at": "2025-07-16T00:39:32.801447+00:00", "symbol": "ETH-USD"}, {"trade_id": 667689284, "side": "sell", "size": "0.15931912", "price": "3138.36000000", "time": "2025-07-16T00:38:25.596113Z", "fetched_at": "2025-07-16T00:39:32.801447+00:00", "symbol": "ETH-USD"}, {"trade_id": 667689283, "side": "sell", "size": "0.79659693", "price": "3138.35000000", "time": "2025-07-16T00:38:25.596113Z", "fetched_at": "2025-07-16T00:39:32.801447+00:00", "symbol": "ETH-USD"}, {"trade_id": 667689282, "side": "sell", "size": "0.60149807", "price": "3138.34000000", "time": "2025-07-16T00:38:25.596113Z", "fetched_at": "2025-07-16T00:39:32.801447+00:00", "symbol": "ETH-USD"}, {"trade_id": 667689281, "side": "sell", "size": "0.09661723", "price": "3138.32000000", "time": "2025-07-16T00:38:25.596113Z", "fetched_at": "2025-07-16T00:39:32.801447+00:00", "symbol": "ETH-USD"}, {"trade_id": 667689280, "side": "buy", "size": "0.00772864", "price": "3137.77000000", "time": "2025-07-16T00:38:25.453736Z", "fetched_at": "2025-07-16T00:39:32.801447+00:00", "symbol": "ETH-USD"}, {"trade_id": 667689279, "side": "buy", "size": "0.18802178", "price": "3137.78000000", "time": "2025-07-16T00:38:25.453736Z", "fetched_at": "2025-07-16T00:39:32.801447+00:00", "symbol": "ETH-USD"}, {"trade_id": 667689278, "side": "buy", "size": "0.44415479", "price": "3137.83000000", "time": "2025-07-16T00:38:25.453736Z", "fetched_at": "2025-07-16T00:39:32.801447+00:00", "symbol": "ETH-USD"}, {"trade_id": 667689277, "side": "buy", "size": "0.00318691", "price": "3137.84000000", "time": "2025-07-16T00:38:25.453736Z", "fetched_at": "2025-07-16T00:39:32.801447+00:00", "symbol": "ETH-USD"}, {"trade_id": 667689276, "side": "buy", "size": "0.00063000", "price": "3138.05000000", "time": "2025-07-16T00:38:25.453736Z", "fetched_at": "2025-07-16T00:39:32.801447+00:00", "symbol": "ETH-USD"}, {"trade_id": 667689275, "side": "sell", "size": "0.44112832", "price": "3138.06000000", "time": "2025-07-16T00:38:24.906266Z", "fetched_at": "2025-07-16T00:39:32.801447+00:00", "symbol": "ETH-USD"}, {"trade_id": 667689274, "side": "sell", "size": "0.02973661", "price": "3138.34000000", "time": "2025-07-16T00:38:23.795158Z", "fetched_at": "2025-07-16T00:39:32.801447+00:00", "symbol": "ETH-USD"}, {"trade_id": 667689273, "side": "sell", "size": "0.00124132", "price": "3138.34000000", "time": "2025-07-16T00:38:23.795158Z", "fetched_at": "2025-07-16T00:39:32.801447+00:00", "symbol": "ETH-USD"}, {"trade_id": 667689272, "side": "buy", "size": "0.04828038", "price": "3138.18000000", "time": "2025-07-16T00:38:23.479665Z", "fetched_at": "2025-07-16T00:39:32.801447+00:00", "symbol": "ETH-USD"}, {"trade_id": 667689271, "side": "sell", "size": "0.06322012", "price": "3138.51000000", "time": "2025-07-16T00:38:23.365478Z", "fetched_at": "2025-07-16T00:39:32.801447+00:00", "symbol": "ETH-USD"}, {"trade_id": 667689270, "side": "sell", "size": "0.00042972", "price": "3138.50000000", "time": "2025-07-16T00:38:23.365478Z", "fetched_at": "2025-07-16T00:39:32.801447+00:00", "symbol": "ETH-USD"}, {"trade_id": 667689269, "side": "sell", "size": "0.00100000", "price": "3138.48000000", "time": "2025-07-16T00:38:23.365478Z", "fetched_at": "2025-07-16T00:39:32.801447+00:00", "symbol": "ETH-USD"}, {"trade_id": 667689268, "side": "sell", "size": "0.00008832", "price": "3138.29000000", "time": "2025-07-16T00:38:23.365478Z", "fetched_at": "2025-07-16T00:39:32.801447+00:00", "symbol": "ETH-USD"}, {"trade_id": 667689267, "side": "sell", "size": "0.02789264", "price": "3138.24000000", "time": "2025-07-16T00:38:23.365478Z", "fetched_at": "2025-07-16T00:39:32.801447+00:00", "symbol": "ETH-USD"}, {"trade_id": 667689266, "side": "sell", "size": "0.00024001", "price": "3137.97000000", "time": "2025-07-16T00:38:23.365478Z", "fetched_at": "2025-07-16T00:39:32.801447+00:00", "symbol": "ETH-USD"}, {"trade_id": 667689265, "side": "sell", "size": "0.00005589", "price": "3137.97000000", "time": "2025-07-16T00:38:23.365478Z", "fetched_at": "2025-07-16T00:39:32.801447+00:00", "symbol": "ETH-USD"}, {"trade_id": 667689264, "side": "buy", "size": "0.00387981", "price": "3137.96000000", "time": "2025-07-16T00:38:23.018506Z", "fetched_at": "2025-07-16T00:39:32.801447+00:00", "symbol": "ETH-USD"}, {"trade_id": 667689263, "side": "buy", "size": "0.02575076", "price": "3138.03000000", "time": "2025-07-16T00:38:22.427537Z", "fetched_at": "2025-07-16T00:39:32.801447+00:00", "symbol": "ETH-USD"}, {"trade_id": 667689262, "side": "buy", "size": "0.01912022", "price": "3138.03000000", "time": "2025-07-16T00:38:22.161888Z", "fetched_at": "2025-07-16T00:39:32.801447+00:00", "symbol": "ETH-USD"}, {"trade_id": 667689261, "side": "sell", "size": "0.00938026", "price": "3138.24000000", "time": "2025-07-16T00:38:21.918184Z", "fetched_at": "2025-07-16T00:39:32.801447+00:00", "symbol": "ETH-USD"}, {"trade_id": 667689260, "side": "sell", "size": "0.00125731", "price": "3137.95000000", "time": "2025-07-16T00:38:21.918184Z", "fetched_at": "2025-07-16T00:39:32.801447+00:00", "symbol": "ETH-USD"}, {"trade_id": 667689259, "side": "sell", "size": "0.02977193", "price": "3138.24000000", "time": "2025-07-16T00:38:21.518661Z", "fetched_at": "2025-07-16T00:39:32.801447+00:00", "symbol": "ETH-USD"}, {"trade_id": 667689258, "side": "sell", "size": "0.00120601", "price": "3138.22000000", "time": "2025-07-16T00:38:21.518661Z", "fetched_at": "2025-07-16T00:39:32.801447+00:00", "symbol": "ETH-USD"}, {"trade_id": 667689257, "side": "sell", "size": "0.01894406", "price": "3138.24000000", "time": "2025-07-16T00:38:21.117618Z", "fetched_at": "2025-07-16T00:39:32.801447+00:00", "symbol": "ETH-USD"}, {"trade_id": 667689256, "side": "sell", "size": "0.00116594", "price": "3138.23000000", "time": "2025-07-16T00:38:21.117618Z", "fetched_at": "2025-07-16T00:39:32.801447+00:00", "symbol": "ETH-USD"}, {"trade_id": 667689255, "side": "sell", "size": "0.02842875", "price": "3138.24000000", "time": "2025-07-16T00:38:19.201697Z", "fetched_at": "2025-07-16T00:39:32.801447+00:00", "symbol": "ETH-USD"}, {"trade_id": 667689254, "side": "sell", "size": "0.00254443", "price": "3137.97000000", "time": "2025-07-16T00:38:19.201697Z", "fetched_at": "2025-07-16T00:39:32.801447+00:00", "symbol": "ETH-USD"}, {"trade_id": 667689253, "side": "sell", "size": "0.00028564", "price": "3138.23000000", "time": "2025-07-16T00:38:18.423686Z", "fetched_at": "2025-07-16T00:39:32.801447+00:00", "symbol": "ETH-USD"}, {"trade_id": 667689252, "side": "sell", "size": "0.00680000", "price": "3138.24000000", "time": "2025-07-16T00:38:18.084075Z", "fetched_at": "2025-07-16T00:39:32.801447+00:00", "symbol": "ETH-USD"}, {"trade_id": 667689251, "side": "sell", "size": "0.01867183", "price": "3138.27000000", "time": "2025-07-16T00:38:17.748006Z", "fetched_at": "2025-07-16T00:39:32.801447+00:00", "symbol": "ETH-USD"}, {"trade_id": 667689250, "side": "sell", "size": "0.00232668", "price": "3138.26000000", "time": "2025-07-16T00:38:17.748006Z", "fetched_at": "2025-07-16T00:39:32.801447+00:00", "symbol": "ETH-USD"}, {"trade_id": 667689249, "side": "sell", "size": "0.00100000", "price": "3138.24000000", "time": "2025-07-16T00:38:17.748006Z", "fetched_at": "2025-07-16T00:39:32.801447+00:00", "symbol": "ETH-USD"}, {"trade_id": 667689248, "side": "sell", "size": "0.00024001", "price": "3138.03000000", "time": "2025-07-16T00:38:17.748006Z", "fetched_at": "2025-07-16T00:39:32.801447+00:00", "symbol": "ETH-USD"}, {"trade_id": 667689247, "side": "sell", "size": "0.00005589", "price": "3138.03000000", "time": "2025-07-16T00:38:17.748006Z", "fetched_at": "2025-07-16T00:39:32.801447+00:00", "symbol": "ETH-USD"}, {"trade_id": 667689246, "side": "sell", "size": "0.00010335", "price": "3138.03000000", "time": "2025-07-16T00:38:17.748006Z", "fetched_at": "2025-07-16T00:39:32.801447+00:00", "symbol": "ETH-USD"}, {"trade_id": 667689245, "side": "buy", "size": "0.06362625", "price": "3137.42000000", "time": "2025-07-16T00:38:16.041149Z", "fetched_at": "2025-07-16T00:39:32.801447+00:00", "symbol": "ETH-USD"}, {"trade_id": 667689244, "side": "buy", "size": "0.00134774", "price": "3137.43000000", "time": "2025-07-16T00:38:16.041149Z", "fetched_at": "2025-07-16T00:39:32.801447+00:00", "symbol": "ETH-USD"}, {"trade_id": 667689243, "side": "buy", "size": "0.00583241", "price": "3137.41000000", "time": "2025-07-16T00:38:15.524855Z", "fetched_at": "2025-07-16T00:39:32.801447+00:00", "symbol": "ETH-USD"}, {"trade_id": 667689242, "side": "sell", "size": "0.01088440", "price": "3138.04000000", "time": "2025-07-16T00:38:15.150960Z", "fetched_at": "2025-07-16T00:39:32.801447+00:00", "symbol": "ETH-USD"}, {"trade_id": 667689241, "side": "sell", "size": "0.00995434", "price": "3138.06000000", "time": "2025-07-16T00:38:15.054409Z", "fetched_at": "2025-07-16T00:39:32.801447+00:00", "symbol": "ETH-USD"}, {"trade_id": 667689240, "side": "sell", "size": "0.01213912", "price": "3138.07000000", "time": "2025-07-16T00:38:14.986361Z", "fetched_at": "2025-07-16T00:39:32.801447+00:00", "symbol": "ETH-USD"}, {"trade_id": 667689239, "side": "sell", "size": "0.00297693", "price": "3138.06000000", "time": "2025-07-16T00:38:14.986361Z", "fetched_at": "2025-07-16T00:39:32.801447+00:00", "symbol": "ETH-USD"}, {"trade_id": 667689238, "side": "sell", "size": "0.05616551", "price": "3138.11000000", "time": "2025-07-16T00:38:14.358973Z", "fetched_at": "2025-07-16T00:39:32.801447+00:00", "symbol": "ETH-USD"}, {"trade_id": 667689237, "side": "sell", "size": "0.00318700", "price": "3138.10000000", "time": "2025-07-16T00:38:14.358973Z", "fetched_at": "2025-07-16T00:39:32.801447+00:00", "symbol": "ETH-USD"}, {"trade_id": 667689236, "side": "sell", "size": "0.00100000", "price": "3138.00000000", "time": "2025-07-16T00:38:14.358973Z", "fetched_at": "2025-07-16T00:39:32.801447+00:00", "symbol": "ETH-USD"}, {"trade_id": 667689235, "side": "sell", "size": "0.00031003", "price": "3137.76000000", "time": "2025-07-16T00:38:14.358973Z", "fetched_at": "2025-07-16T00:39:32.801447+00:00", "symbol": "ETH-USD"}, {"trade_id": 667689234, "side": "sell", "size": "0.00024001", "price": "3137.76000000", "time": "2025-07-16T00:38:14.358973Z", "fetched_at": "2025-07-16T00:39:32.801447+00:00", "symbol": "ETH-USD"}, {"trade_id": 667689233, "side": "sell", "size": "0.00005589", "price": "3137.76000000", "time": "2025-07-16T00:38:14.358973Z", "fetched_at": "2025-07-16T00:39:32.801447+00:00", "symbol": "ETH-USD"}, {"trade_id": 667689232, "side": "sell", "size": "0.00100000", "price": "3137.76000000", "time": "2025-07-16T00:38:14.358973Z", "fetched_at": "2025-07-16T00:39:32.801447+00:00", "symbol": "ETH-USD"}, {"trade_id": 667689231, "side": "sell", "size": "0.00010000", "price": "3137.72000000", "time": "2025-07-16T00:38:11.878918Z", "fetched_at": "2025-07-16T00:39:32.801447+00:00", "symbol": "ETH-USD"}, {"trade_id": 667689230, "side": "sell", "size": "1.59394047", "price": "3137.59000000", "time": "2025-07-16T00:38:11.870389Z", "fetched_at": "2025-07-16T00:39:32.801447+00:00", "symbol": "ETH-USD"}, {"trade_id": 667689229, "side": "sell", "size": "0.00011120", "price": "3137.55000000", "time": "2025-07-16T00:38:11.870389Z", "fetched_at": "2025-07-16T00:39:32.801447+00:00", "symbol": "ETH-USD"}, {"trade_id": 667689228, "side": "sell", "size": "0.00100000", "price": "3137.52000000", "time": "2025-07-16T00:38:11.870389Z", "fetched_at": "2025-07-16T00:39:32.801447+00:00", "symbol": "ETH-USD"}, {"trade_id": 667689227, "side": "sell", "size": "0.00094339", "price": "3137.46000000", "time": "2025-07-16T00:38:11.870389Z", "fetched_at": "2025-07-16T00:39:32.801447+00:00", "symbol": "ETH-USD"}, {"trade_id": 667689226, "side": "sell", "size": "0.00010000", "price": "3137.46000000", "time": "2025-07-16T00:38:11.870389Z", "fetched_at": "2025-07-16T00:39:32.801447+00:00", "symbol": "ETH-USD"}, {"trade_id": 667689225, "side": "buy", "size": "0.02423698", "price": "3137.13000000", "time": "2025-07-16T00:38:11.745666Z", "fetched_at": "2025-07-16T00:39:32.801447+00:00", "symbol": "ETH-USD"}, {"trade_id": 667689224, "side": "buy", "size": "0.00149052", "price": "3137.14000000", "time": "2025-07-16T00:38:11.745666Z", "fetched_at": "2025-07-16T00:39:32.801447+00:00", "symbol": "ETH-USD"}, {"trade_id": 667689223, "side": "buy", "size": "0.00268390", "price": "3137.14000000", "time": "2025-07-16T00:38:11.292139Z", "fetched_at": "2025-07-16T00:39:32.801447+00:00", "symbol": "ETH-USD"}, {"trade_id": 667689222, "side": "buy", "size": "0.00150180", "price": "3137.15000000", "time": "2025-07-16T00:38:11.292139Z", "fetched_at": "2025-07-16T00:39:32.801447+00:00", "symbol": "ETH-USD"}, {"trade_id": 667689221, "side": "sell", "size": "0.15878886", "price": "3137.39000000", "time": "2025-07-16T00:38:11.291349Z", "fetched_at": "2025-07-16T00:39:32.801447+00:00", "symbol": "ETH-USD"}, {"trade_id": 667689220, "side": "sell", "size": "0.00247745", "price": "3137.40000000", "time": "2025-07-16T00:38:11.119696Z", "fetched_at": "2025-07-16T00:39:32.801447+00:00", "symbol": "ETH-USD"}, {"trade_id": 667689219, "side": "buy", "size": "0.00012686", "price": "3137.14000000", "time": "2025-07-16T00:38:10.724706Z", "fetched_at": "2025-07-16T00:39:32.801447+00:00", "symbol": "ETH-USD"}, {"trade_id": 667689218, "side": "buy", "size": "0.00150086", "price": "3137.15000000", "time": "2025-07-16T00:38:10.724706Z", "fetched_at": "2025-07-16T00:39:32.801447+00:00", "symbol": "ETH-USD"}, {"trade_id": 667689217, "side": "buy", "size": "0.00286896", "price": "3137.09000000", "time": "2025-07-16T00:38:10.536387Z", "fetched_at": "2025-07-16T00:39:32.801447+00:00", "symbol": "ETH-USD"}, {"trade_id": 667689216, "side": "buy", "size": "0.04506102", "price": "3137.10000000", "time": "2025-07-16T00:38:10.536387Z", "fetched_at": "2025-07-16T00:39:32.801447+00:00", "symbol": "ETH-USD"}, {"trade_id": 667689215, "side": "buy", "size": "0.00150088", "price": "3137.11000000", "time": "2025-07-16T00:38:10.536387Z", "fetched_at": "2025-07-16T00:39:32.801447+00:00", "symbol": "ETH-USD"}, {"trade_id": 667689214, "side": "buy", "size": "0.06815934", "price": "3137.27000000", "time": "2025-07-16T00:38:10.536387Z", "fetched_at": "2025-07-16T00:39:32.801447+00:00", "symbol": "ETH-USD"}, {"trade_id": 667689213, "side": "sell", "size": "0.00185842", "price": "3137.41000000", "time": "2025-07-16T00:38:09.909739Z", "fetched_at": "2025-07-16T00:39:32.801447+00:00", "symbol": "ETH-USD"}, {"trade_id": 667689212, "side": "sell", "size": "0.00318788", "price": "3137.40000000", "time": "2025-07-16T00:38:09.909739Z", "fetched_at": "2025-07-16T00:39:32.801447+00:00", "symbol": "ETH-USD"}, {"trade_id": 667689211, "side": "sell", "size": "0.00100000", "price": "3137.28000000", "time": "2025-07-16T00:38:09.909739Z", "fetched_at": "2025-07-16T00:39:32.801447+00:00", "symbol": "ETH-USD"}, {"trade_id": 667689210, "side": "buy", "size": "0.00007206", "price": "3137.16000000", "time": "2025-07-16T00:38:09.424929Z", "fetched_at": "2025-07-16T00:39:32.801447+00:00", "symbol": "ETH-USD"}, {"trade_id": 667689209, "side": "sell", "size": "0.15939353", "price": "3136.89000000", "time": "2025-07-16T00:38:08.392766Z", "fetched_at": "2025-07-16T00:39:32.801447+00:00", "symbol": "ETH-USD"}, {"trade_id": 667689208, "side": "sell", "size": "0.00024001", "price": "3136.89000000", "time": "2025-07-16T00:38:08.392766Z", "fetched_at": "2025-07-16T00:39:32.801447+00:00", "symbol": "ETH-USD"}, {"trade_id": 667689207, "side": "sell", "size": "0.00005588", "price": "3136.89000000", "time": "2025-07-16T00:38:08.392766Z", "fetched_at": "2025-07-16T00:39:32.801447+00:00", "symbol": "ETH-USD"}, {"trade_id": 667689206, "side": "sell", "size": "0.42736175", "price": "3136.99000000", "time": "2025-07-16T00:38:07.553151Z", "fetched_at": "2025-07-16T00:39:32.801447+00:00", "symbol": "ETH-USD"}, {"trade_id": 667689205, "side": "sell", "size": "0.95631292", "price": "3136.98000000", "time": "2025-07-16T00:38:07.553151Z", "fetched_at": "2025-07-16T00:39:32.801447+00:00", "symbol": "ETH-USD"}, {"trade_id": 667689204, "side": "sell", "size": "0.00265437", "price": "3136.97000000", "time": "2025-07-16T00:38:07.553151Z", "fetched_at": "2025-07-16T00:39:32.801447+00:00", "symbol": "ETH-USD"}, {"trade_id": 667689203, "side": "sell", "size": "0.15939353", "price": "3136.89000000", "time": "2025-07-16T00:38:07.553151Z", "fetched_at": "2025-07-16T00:39:32.801447+00:00", "symbol": "ETH-USD"}, {"trade_id": 667689202, "side": "sell", "size": "0.00157804", "price": "3136.90000000", "time": "2025-07-16T00:38:07.148891Z", "fetched_at": "2025-07-16T00:39:32.801447+00:00", "symbol": "ETH-USD"}, {"trade_id": 667689201, "side": "sell", "size": "0.00631252", "price": "3136.91000000", "time": "2025-07-16T00:38:06.975394Z", "fetched_at": "2025-07-16T00:39:32.801447+00:00", "symbol": "ETH-USD"}, {"trade_id": 667689200, "side": "sell", "size": "0.00149914", "price": "3136.93000000", "time": "2025-07-16T00:38:06.874905Z", "fetched_at": "2025-07-16T00:39:32.801447+00:00", "symbol": "ETH-USD"}, {"trade_id": 667689199, "side": "sell", "size": "0.29662234", "price": "3137.11000000", "time": "2025-07-16T00:38:06.766918Z", "fetched_at": "2025-07-16T00:39:32.801447+00:00", "symbol": "ETH-USD"}, {"trade_id": 667689198, "side": "sell", "size": "0.79694307", "price": "3136.99000000", "time": "2025-07-16T00:38:06.766918Z", "fetched_at": "2025-07-16T00:39:32.801447+00:00", "symbol": "ETH-USD"}, {"trade_id": 667689197, "side": "sell", "size": "1.01631292", "price": "3136.98000000", "time": "2025-07-16T00:38:06.766918Z", "fetched_at": "2025-07-16T00:39:32.801447+00:00", "symbol": "ETH-USD"}, {"trade_id": 667689196, "side": "sell", "size": "0.10000000", "price": "3136.98000000", "time": "2025-07-16T00:38:06.766918Z", "fetched_at": "2025-07-16T00:39:32.801447+00:00", "symbol": "ETH-USD"}, {"trade_id": 667689195, "side": "sell", "size": "0.07112764", "price": "3136.97000000", "time": "2025-07-16T00:38:06.766918Z", "fetched_at": "2025-07-16T00:39:32.801447+00:00", "symbol": "ETH-USD"}, {"trade_id": 667689194, "side": "sell", "size": "0.00210568", "price": "3136.96000000", "time": "2025-07-16T00:38:06.766918Z", "fetched_at": "2025-07-16T00:39:32.801447+00:00", "symbol": "ETH-USD"}, {"trade_id": 667689193, "side": "sell", "size": "0.02887236", "price": "3136.97000000", "time": "2025-07-16T00:38:06.692667Z", "fetched_at": "2025-07-16T00:39:32.801447+00:00", "symbol": "ETH-USD"}, {"trade_id": 667689192, "side": "sell", "size": "0.00210568", "price": "3136.96000000", "time": "2025-07-16T00:38:06.692667Z", "fetched_at": "2025-07-16T00:39:32.801447+00:00", "symbol": "ETH-USD"}, {"trade_id": 667689191, "side": "sell", "size": "0.00154831", "price": "3136.88000000", "time": "2025-07-16T00:38:04.494027Z", "fetched_at": "2025-07-16T00:39:32.801447+00:00", "symbol": "ETH-USD"}, {"trade_id": 667689190, "side": "sell", "size": "0.44268116", "price": "3136.96000000", "time": "2025-07-16T00:38:04.138939Z", "fetched_at": "2025-07-16T00:39:32.801447+00:00", "symbol": "ETH-USD"}