[{"trade_id": 667715125, "side": "sell", "size": "0.07092079", "price": "3140.17000000", "time": "2025-07-16T01:39:31.968054Z", "fetched_at": "2025-07-16T01:39:33.942494+00:00", "symbol": "ETH-USD"}, {"trade_id": 667715124, "side": "buy", "size": "0.00100000", "price": "3140.40000000", "time": "2025-07-16T01:39:30.700344Z", "fetched_at": "2025-07-16T01:39:33.942494+00:00", "symbol": "ETH-USD"}, {"trade_id": 667715123, "side": "buy", "size": "0.12841731", "price": "3140.62000000", "time": "2025-07-16T01:39:30.304969Z", "fetched_at": "2025-07-16T01:39:33.942494+00:00", "symbol": "ETH-USD"}, {"trade_id": 667715122, "side": "sell", "size": "0.01880525", "price": "3140.86000000", "time": "2025-07-16T01:39:29.911007Z", "fetched_at": "2025-07-16T01:39:33.942494+00:00", "symbol": "ETH-USD"}, {"trade_id": 667715121, "side": "sell", "size": "0.05572720", "price": "3140.92000000", "time": "2025-07-16T01:39:29.442375Z", "fetched_at": "2025-07-16T01:39:33.942494+00:00", "symbol": "ETH-USD"}, {"trade_id": 667715120, "side": "sell", "size": "0.20000000", "price": "3140.91000000", "time": "2025-07-16T01:39:29.442375Z", "fetched_at": "2025-07-16T01:39:33.942494+00:00", "symbol": "ETH-USD"}, {"trade_id": 667715119, "side": "sell", "size": "0.00010334", "price": "3140.90000000", "time": "2025-07-16T01:39:29.442375Z", "fetched_at": "2025-07-16T01:39:33.942494+00:00", "symbol": "ETH-USD"}, {"trade_id": 667715118, "side": "sell", "size": "0.15851837", "price": "3140.90000000", "time": "2025-07-16T01:39:29.442375Z", "fetched_at": "2025-07-16T01:39:33.942494+00:00", "symbol": "ETH-USD"}, {"trade_id": 667715117, "side": "sell", "size": "0.00067167", "price": "3140.90000000", "time": "2025-07-16T01:39:28.157585Z", "fetched_at": "2025-07-16T01:39:33.942494+00:00", "symbol": "ETH-USD"}, {"trade_id": 667715116, "side": "sell", "size": "0.04516431", "price": "3140.92000000", "time": "2025-07-16T01:39:28.116051Z", "fetched_at": "2025-07-16T01:39:33.942494+00:00", "symbol": "ETH-USD"}, {"trade_id": 667715115, "side": "sell", "size": "0.00211231", "price": "3140.71000000", "time": "2025-07-16T01:39:28.116051Z", "fetched_at": "2025-07-16T01:39:33.942494+00:00", "symbol": "ETH-USD"}, {"trade_id": 667715114, "side": "sell", "size": "0.00046204", "price": "3140.71000000", "time": "2025-07-16T01:39:28.060295Z", "fetched_at": "2025-07-16T01:39:33.942494+00:00", "symbol": "ETH-USD"}, {"trade_id": 667715113, "side": "sell", "size": "0.02165723", "price": "3140.90000000", "time": "2025-07-16T01:39:27.282499Z", "fetched_at": "2025-07-16T01:39:33.942494+00:00", "symbol": "ETH-USD"}, {"trade_id": 667715112, "side": "buy", "size": "0.08834003", "price": "3140.89000000", "time": "2025-07-16T01:39:26.959622Z", "fetched_at": "2025-07-16T01:39:33.942494+00:00", "symbol": "ETH-USD"}, {"trade_id": 667715111, "side": "sell", "size": "0.02733732", "price": "3140.80000000", "time": "2025-07-16T01:39:26.450684Z", "fetched_at": "2025-07-16T01:39:33.942494+00:00", "symbol": "ETH-USD"}, {"trade_id": 667715110, "side": "sell", "size": "0.00296268", "price": "3140.63000000", "time": "2025-07-16T01:39:26.450684Z", "fetched_at": "2025-07-16T01:39:33.942494+00:00", "symbol": "ETH-USD"}, {"trade_id": 667715109, "side": "sell", "size": "0.01361855", "price": "3140.80000000", "time": "2025-07-16T01:39:25.178739Z", "fetched_at": "2025-07-16T01:39:33.942494+00:00", "symbol": "ETH-USD"}, {"trade_id": 667715108, "side": "sell", "size": "0.00010335", "price": "3140.74000000", "time": "2025-07-16T01:39:25.178739Z", "fetched_at": "2025-07-16T01:39:33.942494+00:00", "symbol": "ETH-USD"}, {"trade_id": 667715107, "side": "sell", "size": "0.00203470", "price": "3140.70000000", "time": "2025-07-16T01:39:25.178739Z", "fetched_at": "2025-07-16T01:39:33.942494+00:00", "symbol": "ETH-USD"}, {"trade_id": 667715106, "side": "buy", "size": "0.07248403", "price": "3140.65000000", "time": "2025-07-16T01:39:25.016490Z", "fetched_at": "2025-07-16T01:39:33.942494+00:00", "symbol": "ETH-USD"}, {"trade_id": 667715105, "side": "sell", "size": "0.11912105", "price": "3140.74000000", "time": "2025-07-16T01:39:24.484911Z", "fetched_at": "2025-07-16T01:39:33.942494+00:00", "symbol": "ETH-USD"}, {"trade_id": 667715104, "side": "sell", "size": "0.00167162", "price": "3140.63000000", "time": "2025-07-16T01:39:24.484911Z", "fetched_at": "2025-07-16T01:39:33.942494+00:00", "symbol": "ETH-USD"}, {"trade_id": 667715103, "side": "sell", "size": "0.00012962", "price": "3140.80000000", "time": "2025-07-16T01:39:23.399335Z", "fetched_at": "2025-07-16T01:39:33.942494+00:00", "symbol": "ETH-USD"}, {"trade_id": 667715102, "side": "sell", "size": "0.00077495", "price": "3140.65000000", "time": "2025-07-16T01:39:23.399335Z", "fetched_at": "2025-07-16T01:39:33.942494+00:00", "symbol": "ETH-USD"}, {"trade_id": 667715101, "side": "buy", "size": "0.19903924", "price": "3140.64000000", "time": "2025-07-16T01:39:23.356426Z", "fetched_at": "2025-07-16T01:39:33.942494+00:00", "symbol": "ETH-USD"}, {"trade_id": 667715100, "side": "buy", "size": "0.00100000", "price": "3140.64000000", "time": "2025-07-16T01:39:23.356426Z", "fetched_at": "2025-07-16T01:39:33.942494+00:00", "symbol": "ETH-USD"}, {"trade_id": 667715099, "side": "buy", "size": "0.51888479", "price": "3140.74000000", "time": "2025-07-16T01:39:23.002439Z", "fetched_at": "2025-07-16T01:39:33.942494+00:00", "symbol": "ETH-USD"}, {"trade_id": 667715098, "side": "buy", "size": "0.00100000", "price": "3140.88000000", "time": "2025-07-16T01:39:23.002439Z", "fetched_at": "2025-07-16T01:39:33.942494+00:00", "symbol": "ETH-USD"}, {"trade_id": 667715097, "side": "buy", "size": "0.00383020", "price": "3140.89000000", "time": "2025-07-16T01:39:23.002439Z", "fetched_at": "2025-07-16T01:39:33.942494+00:00", "symbol": "ETH-USD"}, {"trade_id": 667715096, "side": "buy", "size": "0.59576482", "price": "3140.98000000", "time": "2025-07-16T01:39:23.002439Z", "fetched_at": "2025-07-16T01:39:33.942494+00:00", "symbol": "ETH-USD"}, {"trade_id": 667715095, "side": "buy", "size": "0.02898939", "price": "3140.98000000", "time": "2025-07-16T01:39:23.002439Z", "fetched_at": "2025-07-16T01:39:33.942494+00:00", "symbol": "ETH-USD"}, {"trade_id": 667715094, "side": "buy", "size": "0.10094000", "price": "3141.26000000", "time": "2025-07-16T01:39:22.272003Z", "fetched_at": "2025-07-16T01:39:33.942494+00:00", "symbol": "ETH-USD"}, {"trade_id": 667715093, "side": "buy", "size": "0.15500000", "price": "3141.27000000", "time": "2025-07-16T01:39:22.261020Z", "fetched_at": "2025-07-16T01:39:33.942494+00:00", "symbol": "ETH-USD"}, {"trade_id": 667715092, "side": "sell", "size": "0.01701075", "price": "3141.28000000", "time": "2025-07-16T01:39:21.968036Z", "fetched_at": "2025-07-16T01:39:33.942494+00:00", "symbol": "ETH-USD"}, {"trade_id": 667715091, "side": "buy", "size": "0.10000000", "price": "3141.48000000", "time": "2025-07-16T01:39:21.561955Z", "fetched_at": "2025-07-16T01:39:33.942494+00:00", "symbol": "ETH-USD"}, {"trade_id": 667715090, "side": "sell", "size": "0.01622211", "price": "3141.77000000", "time": "2025-07-16T01:39:21.552295Z", "fetched_at": "2025-07-16T01:39:33.942494+00:00", "symbol": "ETH-USD"}, {"trade_id": 667715089, "side": "sell", "size": "0.63256080", "price": "3141.75000000", "time": "2025-07-16T01:39:21.552295Z", "fetched_at": "2025-07-16T01:39:33.942494+00:00", "symbol": "ETH-USD"}, {"trade_id": 667715088, "side": "sell", "size": "0.94500000", "price": "3141.74000000", "time": "2025-07-16T01:39:21.552295Z", "fetched_at": "2025-07-16T01:39:33.942494+00:00", "symbol": "ETH-USD"}, {"trade_id": 667715087, "side": "sell", "size": "0.45830992", "price": "3141.74000000", "time": "2025-07-16T01:39:21.552295Z", "fetched_at": "2025-07-16T01:39:33.942494+00:00", "symbol": "ETH-USD"}, {"trade_id": 667715086, "side": "sell", "size": "0.58410248", "price": "3141.73000000", "time": "2025-07-16T01:39:21.552295Z", "fetched_at": "2025-07-16T01:39:33.942494+00:00", "symbol": "ETH-USD"}, {"trade_id": 667715085, "side": "sell", "size": "1.96355155", "price": "3141.72000000", "time": "2025-07-16T01:39:21.552295Z", "fetched_at": "2025-07-16T01:39:33.942494+00:00", "symbol": "ETH-USD"}, {"trade_id": 667715084, "side": "sell", "size": "0.58695385", "price": "3141.65000000", "time": "2025-07-16T01:39:21.552295Z", "fetched_at": "2025-07-16T01:39:33.942494+00:00", "symbol": "ETH-USD"}, {"trade_id": 667715083, "side": "sell", "size": "0.64950521", "price": "3141.63000000", "time": "2025-07-16T01:39:21.552295Z", "fetched_at": "2025-07-16T01:39:33.942494+00:00", "symbol": "ETH-USD"}, {"trade_id": 667715082, "side": "sell", "size": "0.00100000", "price": "3141.60000000", "time": "2025-07-16T01:39:21.552295Z", "fetched_at": "2025-07-16T01:39:33.942494+00:00", "symbol": "ETH-USD"}, {"trade_id": 667715081, "side": "sell", "size": "3.85358836", "price": "3141.59000000", "time": "2025-07-16T01:39:21.552295Z", "fetched_at": "2025-07-16T01:39:33.942494+00:00", "symbol": "ETH-USD"}, {"trade_id": 667715080, "side": "sell", "size": "0.10960685", "price": "3141.58000000", "time": "2025-07-16T01:39:21.552295Z", "fetched_at": "2025-07-16T01:39:33.942494+00:00", "symbol": "ETH-USD"}, {"trade_id": 667715079, "side": "sell", "size": "0.00010000", "price": "3141.51000000", "time": "2025-07-16T01:39:21.552295Z", "fetched_at": "2025-07-16T01:39:33.942494+00:00", "symbol": "ETH-USD"}, {"trade_id": 667715078, "side": "sell", "size": "0.89059057", "price": "3141.48000000", "time": "2025-07-16T01:39:21.552295Z", "fetched_at": "2025-07-16T01:39:33.942494+00:00", "symbol": "ETH-USD"}, {"trade_id": 667715077, "side": "sell", "size": "0.79584278", "price": "3141.33000000", "time": "2025-07-16T01:39:21.552295Z", "fetched_at": "2025-07-16T01:39:33.942494+00:00", "symbol": "ETH-USD"}, {"trade_id": 667715076, "side": "sell", "size": "0.30000000", "price": "3141.30000000", "time": "2025-07-16T01:39:21.552295Z", "fetched_at": "2025-07-16T01:39:33.942494+00:00", "symbol": "ETH-USD"}, {"trade_id": 667715075, "side": "sell", "size": "0.30000000", "price": "3141.29000000", "time": "2025-07-16T01:39:21.552295Z", "fetched_at": "2025-07-16T01:39:33.942494+00:00", "symbol": "ETH-USD"}, {"trade_id": 667715074, "side": "sell", "size": "0.15917167", "price": "3141.27000000", "time": "2025-07-16T01:39:21.552295Z", "fetched_at": "2025-07-16T01:39:33.942494+00:00", "symbol": "ETH-USD"}, {"trade_id": 667715073, "side": "sell", "size": "0.79586322", "price": "3141.25000000", "time": "2025-07-16T01:39:21.552295Z", "fetched_at": "2025-07-16T01:39:33.942494+00:00", "symbol": "ETH-USD"}, {"trade_id": 667715072, "side": "sell", "size": "0.36331468", "price": "3141.25000000", "time": "2025-07-16T01:39:21.552295Z", "fetched_at": "2025-07-16T01:39:33.942494+00:00", "symbol": "ETH-USD"}, {"trade_id": 667715071, "side": "sell", "size": "0.30000000", "price": "3141.20000000", "time": "2025-07-16T01:39:21.552295Z", "fetched_at": "2025-07-16T01:39:33.942494+00:00", "symbol": "ETH-USD"}, {"trade_id": 667715070, "side": "sell", "size": "0.15461663", "price": "3141.19000000", "time": "2025-07-16T01:39:21.552295Z", "fetched_at": "2025-07-16T01:39:33.942494+00:00", "symbol": "ETH-USD"}, {"trade_id": 667715069, "side": "sell", "size": "0.00280115", "price": "3141.08000000", "time": "2025-07-16T01:39:21.552295Z", "fetched_at": "2025-07-16T01:39:33.942494+00:00", "symbol": "ETH-USD"}, {"trade_id": 667715068, "side": "sell", "size": "0.00680824", "price": "3141.08000000", "time": "2025-07-16T01:39:21.430838Z", "fetched_at": "2025-07-16T01:39:33.942494+00:00", "symbol": "ETH-USD"}, {"trade_id": 667715067, "side": "sell", "size": "0.00592051", "price": "3141.19000000", "time": "2025-07-16T01:39:21.098061Z", "fetched_at": "2025-07-16T01:39:33.942494+00:00", "symbol": "ETH-USD"}, {"trade_id": 667715066, "side": "sell", "size": "0.00010334", "price": "3141.11000000", "time": "2025-07-16T01:39:21.098061Z", "fetched_at": "2025-07-16T01:39:33.942494+00:00", "symbol": "ETH-USD"}, {"trade_id": 667715065, "side": "sell", "size": "0.00303553", "price": "3141.08000000", "time": "2025-07-16T01:39:21.098061Z", "fetched_at": "2025-07-16T01:39:33.942494+00:00", "symbol": "ETH-USD"}, {"trade_id": 667715064, "side": "sell", "size": "0.01205891", "price": "3141.10000000", "time": "2025-07-16T01:39:19.825178Z", "fetched_at": "2025-07-16T01:39:33.942494+00:00", "symbol": "ETH-USD"}, {"trade_id": 667715063, "side": "sell", "size": "0.00303572", "price": "3140.90000000", "time": "2025-07-16T01:39:19.825178Z", "fetched_at": "2025-07-16T01:39:33.942494+00:00", "symbol": "ETH-USD"}, {"trade_id": 667715062, "side": "sell", "size": "0.00723694", "price": "3141.10000000", "time": "2025-07-16T01:39:18.669769Z", "fetched_at": "2025-07-16T01:39:33.942494+00:00", "symbol": "ETH-USD"}, {"trade_id": 667715061, "side": "sell", "size": "0.00024005", "price": "3140.90000000", "time": "2025-07-16T01:39:18.669769Z", "fetched_at": "2025-07-16T01:39:33.942494+00:00", "symbol": "ETH-USD"}, {"trade_id": 667715060, "side": "sell", "size": "0.00005590", "price": "3140.90000000", "time": "2025-07-16T01:39:18.669769Z", "fetched_at": "2025-07-16T01:39:33.942494+00:00", "symbol": "ETH-USD"}, {"trade_id": 667715059, "side": "sell", "size": "0.00303567", "price": "3140.90000000", "time": "2025-07-16T01:39:18.669769Z", "fetched_at": "2025-07-16T01:39:33.942494+00:00", "symbol": "ETH-USD"}, {"trade_id": 667715058, "side": "buy", "size": "0.11889616", "price": "3140.89000000", "time": "2025-07-16T01:39:17.508096Z", "fetched_at": "2025-07-16T01:39:33.942494+00:00", "symbol": "ETH-USD"}, {"trade_id": 667715057, "side": "buy", "size": "0.04519631", "price": "3140.90000000", "time": "2025-07-16T01:39:17.508096Z", "fetched_at": "2025-07-16T01:39:33.942494+00:00", "symbol": "ETH-USD"}, {"trade_id": 667715056, "side": "buy", "size": "0.15500000", "price": "3140.94000000", "time": "2025-07-16T01:39:17.508096Z", "fetched_at": "2025-07-16T01:39:33.942494+00:00", "symbol": "ETH-USD"}, {"trade_id": 667715055, "side": "buy", "size": "0.15500000", "price": "3141.24000000", "time": "2025-07-16T01:39:16.675311Z", "fetched_at": "2025-07-16T01:39:33.942494+00:00", "symbol": "ETH-USD"}, {"trade_id": 667715054, "side": "buy", "size": "0.15500000", "price": "3141.24000000", "time": "2025-07-16T01:39:15.705399Z", "fetched_at": "2025-07-16T01:39:33.942494+00:00", "symbol": "ETH-USD"}, {"trade_id": 667715053, "side": "sell", "size": "0.26587164", "price": "3141.43000000", "time": "2025-07-16T01:39:15.697359Z", "fetched_at": "2025-07-16T01:39:33.942494+00:00", "symbol": "ETH-USD"}, {"trade_id": 667715052, "side": "sell", "size": "0.20061319", "price": "3141.42000000", "time": "2025-07-16T01:39:15.697359Z", "fetched_at": "2025-07-16T01:39:33.942494+00:00", "symbol": "ETH-USD"}, {"trade_id": 667715051, "side": "sell", "size": "0.00100000", "price": "3141.36000000", "time": "2025-07-16T01:39:15.697359Z", "fetched_at": "2025-07-16T01:39:33.942494+00:00", "symbol": "ETH-USD"}, {"trade_id": 667715050, "side": "sell", "size": "0.79584278", "price": "3141.33000000", "time": "2025-07-16T01:39:15.697359Z", "fetched_at": "2025-07-16T01:39:33.942494+00:00", "symbol": "ETH-USD"}, {"trade_id": 667715049, "side": "sell", "size": "0.00010000", "price": "3141.25000000", "time": "2025-07-16T01:39:15.697359Z", "fetched_at": "2025-07-16T01:39:33.942494+00:00", "symbol": "ETH-USD"}, {"trade_id": 667715048, "side": "sell", "size": "0.15917403", "price": "3141.22000000", "time": "2025-07-16T01:39:15.697359Z", "fetched_at": "2025-07-16T01:39:33.942494+00:00", "symbol": "ETH-USD"}, {"trade_id": 667715047, "side": "sell", "size": "0.00100000", "price": "3141.12000000", "time": "2025-07-16T01:39:15.697359Z", "fetched_at": "2025-07-16T01:39:33.942494+00:00", "symbol": "ETH-USD"}, {"trade_id": 667715046, "side": "sell", "size": "0.30000000", "price": "3141.10000000", "time": "2025-07-16T01:39:15.697359Z", "fetched_at": "2025-07-16T01:39:33.942494+00:00", "symbol": "ETH-USD"}, {"trade_id": 667715045, "side": "sell", "size": "0.35695462", "price": "3141.09000000", "time": "2025-07-16T01:39:15.697359Z", "fetched_at": "2025-07-16T01:39:33.942494+00:00", "symbol": "ETH-USD"}, {"trade_id": 667715044, "side": "sell", "size": "0.81640802", "price": "3141.08000000", "time": "2025-07-16T01:39:15.697359Z", "fetched_at": "2025-07-16T01:39:33.942494+00:00", "symbol": "ETH-USD"}, {"trade_id": 667715043, "side": "sell", "size": "0.30000000", "price": "3141.00000000", "time": "2025-07-16T01:39:15.697359Z", "fetched_at": "2025-07-16T01:39:33.942494+00:00", "symbol": "ETH-USD"}, {"trade_id": 667715042, "side": "sell", "size": "0.00303572", "price": "3140.90000000", "time": "2025-07-16T01:39:15.697359Z", "fetched_at": "2025-07-16T01:39:33.942494+00:00", "symbol": "ETH-USD"}, {"trade_id": 667715041, "side": "sell", "size": "0.08536197", "price": "3141.04000000", "time": "2025-07-16T01:39:14.663969Z", "fetched_at": "2025-07-16T01:39:33.942494+00:00", "symbol": "ETH-USD"}, {"trade_id": 667715040, "side": "sell", "size": "0.30000000", "price": "3141.00000000", "time": "2025-07-16T01:39:14.663969Z", "fetched_at": "2025-07-16T01:39:33.942494+00:00", "symbol": "ETH-USD"}, {"trade_id": 667715039, "side": "sell", "size": "0.00010335", "price": "3140.90000000", "time": "2025-07-16T01:39:14.663969Z", "fetched_at": "2025-07-16T01:39:33.942494+00:00", "symbol": "ETH-USD"}, {"trade_id": 667715038, "side": "sell", "size": "0.00294487", "price": "3140.90000000", "time": "2025-07-16T01:39:14.663969Z", "fetched_at": "2025-07-16T01:39:33.942494+00:00", "symbol": "ETH-USD"}, {"trade_id": 667715037, "side": "sell", "size": "0.01055000", "price": "3140.90000000", "time": "2025-07-16T01:39:14.663969Z", "fetched_at": "2025-07-16T01:39:33.942494+00:00", "symbol": "ETH-USD"}, {"trade_id": 667715036, "side": "sell", "size": "0.23006013", "price": "3140.90000000", "time": "2025-07-16T01:39:14.663969Z", "fetched_at": "2025-07-16T01:39:33.942494+00:00", "symbol": "ETH-USD"}, {"trade_id": 667715035, "side": "sell", "size": "0.05938987", "price": "3140.90000000", "time": "2025-07-16T01:39:14.368961Z", "fetched_at": "2025-07-16T01:39:33.942494+00:00", "symbol": "ETH-USD"}, {"trade_id": 667715034, "side": "sell", "size": "0.01256546", "price": "3140.90000000", "time": "2025-07-16T01:39:12.960547Z", "fetched_at": "2025-07-16T01:39:33.942494+00:00", "symbol": "ETH-USD"}, {"trade_id": 667715033, "side": "sell", "size": "0.00005588", "price": "3140.89000000", "time": "2025-07-16T01:39:12.960547Z", "fetched_at": "2025-07-16T01:39:33.942494+00:00", "symbol": "ETH-USD"}, {"trade_id": 667715032, "side": "sell", "size": "0.00024002", "price": "3140.89000000", "time": "2025-07-16T01:39:12.960547Z", "fetched_at": "2025-07-16T01:39:33.942494+00:00", "symbol": "ETH-USD"}, {"trade_id": 667715031, "side": "sell", "size": "0.00303582", "price": "3140.89000000", "time": "2025-07-16T01:39:12.960547Z", "fetched_at": "2025-07-16T01:39:33.942494+00:00", "symbol": "ETH-USD"}, {"trade_id": 667715030, "side": "sell", "size": "0.01055900", "price": "3140.90000000", "time": "2025-07-16T01:39:12.216894Z", "fetched_at": "2025-07-16T01:39:33.942494+00:00", "symbol": "ETH-USD"}, {"trade_id": 667715029, "side": "sell", "size": "0.00024001", "price": "3140.89000000", "time": "2025-07-16T01:39:12.216894Z", "fetched_at": "2025-07-16T01:39:33.942494+00:00", "symbol": "ETH-USD"}, {"trade_id": 667715028, "side": "sell", "size": "0.00005589", "price": "3140.89000000", "time": "2025-07-16T01:39:12.216894Z", "fetched_at": "2025-07-16T01:39:33.942494+00:00", "symbol": "ETH-USD"}, {"trade_id": 667715027, "side": "sell", "size": "0.00303573", "price": "3140.80000000", "time": "2025-07-16T01:39:12.216894Z", "fetched_at": "2025-07-16T01:39:33.942494+00:00", "symbol": "ETH-USD"}, {"trade_id": 667715026, "side": "sell", "size": "0.01589718", "price": "3140.80000000", "time": "2025-07-16T01:39:10.425473Z", "fetched_at": "2025-07-16T01:39:33.942494+00:00", "symbol": "ETH-USD"}, {"trade_id": 667715025, "side": "buy", "size": "0.03340904", "price": "3140.79000000", "time": "2025-07-16T01:39:08.922135Z", "fetched_at": "2025-07-16T01:39:33.942494+00:00", "symbol": "ETH-USD"}, {"trade_id": 667715024, "side": "sell", "size": "0.16964404", "price": "3140.80000000", "time": "2025-07-16T01:39:08.822610Z", "fetched_at": "2025-07-16T01:39:33.942494+00:00", "symbol": "ETH-USD"}, {"trade_id": 667715023, "side": "sell", "size": "0.30000000", "price": "3140.70000000", "time": "2025-07-16T01:39:08.822610Z", "fetched_at": "2025-07-16T01:39:33.942494+00:00", "symbol": "ETH-USD"}, {"trade_id": 667715022, "side": "sell", "size": "0.00010334", "price": "3140.63000000", "time": "2025-07-16T01:39:08.822610Z", "fetched_at": "2025-07-16T01:39:33.942494+00:00", "symbol": "ETH-USD"}, {"trade_id": 667715021, "side": "sell", "size": "0.00303573", "price": "3140.63000000", "time": "2025-07-16T01:39:08.822610Z", "fetched_at": "2025-07-16T01:39:33.942494+00:00", "symbol": "ETH-USD"}, {"trade_id": 667715020, "side": "buy", "size": "0.06259611", "price": "3140.19000000", "time": "2025-07-16T01:39:08.231597Z", "fetched_at": "2025-07-16T01:39:33.942494+00:00", "symbol": "ETH-USD"}, {"trade_id": 667715019, "side": "buy", "size": "0.10000000", "price": "3140.20000000", "time": "2025-07-16T01:39:08.231597Z", "fetched_at": "2025-07-16T01:39:33.942494+00:00", "symbol": "ETH-USD"}, {"trade_id": 667715018, "side": "buy", "size": "0.00303638", "price": "3140.21000000", "time": "2025-07-16T01:39:08.231597Z", "fetched_at": "2025-07-16T01:39:33.942494+00:00", "symbol": "ETH-USD"}, {"trade_id": 667715017, "side": "buy", "size": "0.00100000", "price": "3140.40000000", "time": "2025-07-16T01:39:08.231597Z", "fetched_at": "2025-07-16T01:39:33.942494+00:00", "symbol": "ETH-USD"}, {"trade_id": 667715016, "side": "buy", "size": "0.15500000", "price": "3140.63000000", "time": "2025-07-16T01:39:08.231597Z", "fetched_at": "2025-07-16T01:39:33.942494+00:00", "symbol": "ETH-USD"}, {"trade_id": 667715015, "side": "buy", "size": "0.00100000", "price": "3140.64000000", "time": "2025-07-16T01:39:08.033022Z", "fetched_at": "2025-07-16T01:39:33.942494+00:00", "symbol": "ETH-USD"}, {"trade_id": 667715014, "side": "buy", "size": "0.04091210", "price": "3140.88000000", "time": "2025-07-16T01:39:08.011119Z", "fetched_at": "2025-07-16T01:39:33.942494+00:00", "symbol": "ETH-USD"}, {"trade_id": 667715013, "side": "buy", "size": "0.15500000", "price": "3140.88000000", "time": "2025-07-16T01:39:08.011119Z", "fetched_at": "2025-07-16T01:39:33.942494+00:00", "symbol": "ETH-USD"}, {"trade_id": 667715012, "side": "buy", "size": "0.00100000", "price": "3140.88000000", "time": "2025-07-16T01:39:08.011119Z", "fetched_at": "2025-07-16T01:39:33.942494+00:00", "symbol": "ETH-USD"}, {"trade_id": 667715011, "side": "buy", "size": "0.53583056", "price": "3141.01000000", "time": "2025-07-16T01:39:06.518421Z", "fetched_at": "2025-07-16T01:39:33.942494+00:00", "symbol": "ETH-USD"}, {"trade_id": 667715010, "side": "buy", "size": "0.00100000", "price": "3141.12000000", "time": "2025-07-16T01:39:06.496603Z", "fetched_at": "2025-07-16T01:39:33.942494+00:00", "symbol": "ETH-USD"}, {"trade_id": 667715009, "side": "buy", "size": "0.01666268", "price": "3141.15000000", "time": "2025-07-16T01:39:06.496603Z", "fetched_at": "2025-07-16T01:39:33.942494+00:00", "symbol": "ETH-USD"}, {"trade_id": 667715008, "side": "buy", "size": "0.00303540", "price": "3141.22000000", "time": "2025-07-16T01:39:06.491340Z", "fetched_at": "2025-07-16T01:39:33.942494+00:00", "symbol": "ETH-USD"}, {"trade_id": 667715007, "side": "buy", "size": "0.59438885", "price": "3141.21000000", "time": "2025-07-16T01:39:06.487755Z", "fetched_at": "2025-07-16T01:39:33.942494+00:00", "symbol": "ETH-USD"}, {"trade_id": 667715006, "side": "buy", "size": "0.57672617", "price": "3141.17000000", "time": "2025-07-16T01:39:06.483672Z", "fetched_at": "2025-07-16T01:39:33.942494+00:00", "symbol": "ETH-USD"}, {"trade_id": 667715005, "side": "buy", "size": "0.36827383", "price": "3141.17000000", "time": "2025-07-16T01:39:06.483640Z", "fetched_at": "2025-07-16T01:39:33.942494+00:00", "symbol": "ETH-USD"}, {"trade_id": 667715004, "side": "buy", "size": "0.10000000", "price": "3141.19000000", "time": "2025-07-16T01:39:06.483640Z", "fetched_at": "2025-07-16T01:39:33.942494+00:00", "symbol": "ETH-USD"}, {"trade_id": 667715003, "side": "buy", "size": "0.10000000", "price": "3141.20000000", "time": "2025-07-16T01:39:06.483640Z", "fetched_at": "2025-07-16T01:39:33.942494+00:00", "symbol": "ETH-USD"}, {"trade_id": 667715002, "side": "buy", "size": "0.00303541", "price": "3141.21000000", "time": "2025-07-16T01:39:06.483640Z", "fetched_at": "2025-07-16T01:39:33.942494+00:00", "symbol": "ETH-USD"}, {"trade_id": 667715001, "side": "buy", "size": "0.15500000", "price": "3141.70000000", "time": "2025-07-16T01:39:06.482347Z", "fetched_at": "2025-07-16T01:39:33.942494+00:00", "symbol": "ETH-USD"}, {"trade_id": 667715000, "side": "sell", "size": "0.55142447", "price": "3141.70000000", "time": "2025-07-16T01:39:05.228639Z", "fetched_at": "2025-07-16T01:39:33.942494+00:00", "symbol": "ETH-USD"}, {"trade_id": 667714999, "side": "sell", "size": "0.30000000", "price": "3141.60000000", "time": "2025-07-16T01:39:05.228639Z", "fetched_at": "2025-07-16T01:39:33.942494+00:00", "symbol": "ETH-USD"}, {"trade_id": 667714998, "side": "sell", "size": "0.00100000", "price": "3141.60000000", "time": "2025-07-16T01:39:05.228639Z", "fetched_at": "2025-07-16T01:39:33.942494+00:00", "symbol": "ETH-USD"}, {"trade_id": 667714997, "side": "sell", "size": "0.19244944", "price": "3141.59000000", "time": "2025-07-16T01:39:05.228639Z", "fetched_at": "2025-07-16T01:39:33.942494+00:00", "symbol": "ETH-USD"}, {"trade_id": 667714996, "side": "sell", "size": "0.19999796", "price": "3141.59000000", "time": "2025-07-16T01:39:05.228639Z", "fetched_at": "2025-07-16T01:39:33.942494+00:00", "symbol": "ETH-USD"}, {"trade_id": 667714995, "side": "sell", "size": "0.00222768", "price": "3141.58000000", "time": "2025-07-16T01:39:05.228639Z", "fetched_at": "2025-07-16T01:39:33.942494+00:00", "symbol": "ETH-USD"}, {"trade_id": 667714994, "side": "sell", "size": "0.32883753", "price": "3141.56000000", "time": "2025-07-16T01:39:05.228639Z", "fetched_at": "2025-07-16T01:39:33.942494+00:00", "symbol": "ETH-USD"}, {"trade_id": 667714993, "side": "buy", "size": "0.04776294", "price": "3141.54000000", "time": "2025-07-16T01:39:04.928011Z", "fetched_at": "2025-07-16T01:39:33.942494+00:00", "symbol": "ETH-USD"}, {"trade_id": 667714992, "side": "sell", "size": "0.09061620", "price": "3141.34000000", "time": "2025-07-16T01:39:04.620911Z", "fetched_at": "2025-07-16T01:39:33.942494+00:00", "symbol": "ETH-USD"}, {"trade_id": 667714991, "side": "sell", "size": "0.79587644", "price": "3141.20000000", "time": "2025-07-16T01:39:04.536689Z", "fetched_at": "2025-07-16T01:39:33.942494+00:00", "symbol": "ETH-USD"}, {"trade_id": 667714990, "side": "sell", "size": "0.00010335", "price": "3141.20000000", "time": "2025-07-16T01:39:04.536689Z", "fetched_at": "2025-07-16T01:39:33.942494+00:00", "symbol": "ETH-USD"}, {"trade_id": 667714989, "side": "sell", "size": "0.07378095", "price": "3141.20000000", "time": "2025-07-16T01:39:04.536689Z", "fetched_at": "2025-07-16T01:39:33.942494+00:00", "symbol": "ETH-USD"}, {"trade_id": 667714988, "side": "sell", "size": "0.00009866", "price": "3141.20000000", "time": "2025-07-16T01:39:04.536689Z", "fetched_at": "2025-07-16T01:39:33.942494+00:00", "symbol": "ETH-USD"}, {"trade_id": 667714987, "side": "sell", "size": "0.00042373", "price": "3141.20000000", "time": "2025-07-16T01:39:04.536689Z", "fetched_at": "2025-07-16T01:39:33.942494+00:00", "symbol": "ETH-USD"}, {"trade_id": 667714986, "side": "sell", "size": "0.15658746", "price": "3141.19000000", "time": "2025-07-16T01:39:04.375035Z", "fetched_at": "2025-07-16T01:39:33.942494+00:00", "symbol": "ETH-USD"}, {"trade_id": 667714985, "side": "sell", "size": "0.00097871", "price": "3141.19000000", "time": "2025-07-16T01:39:04.375035Z", "fetched_at": "2025-07-16T01:39:33.942494+00:00", "symbol": "ETH-USD"}, {"trade_id": 667714984, "side": "sell", "size": "0.31771297", "price": "3141.20000000", "time": "2025-07-16T01:39:03.238285Z", "fetched_at": "2025-07-16T01:39:33.942494+00:00", "symbol": "ETH-USD"}, {"trade_id": 667714983, "side": "buy", "size": "0.01363905", "price": "3140.98000000", "time": "2025-07-16T01:39:02.425310Z", "fetched_at": "2025-07-16T01:39:33.942494+00:00", "symbol": "ETH-USD"}, {"trade_id": 667714982, "side": "buy", "size": "0.05453625", "price": "3141.58000000", "time": "2025-07-16T01:39:01.679543Z", "fetched_at": "2025-07-16T01:39:33.942494+00:00", "symbol": "ETH-USD"}, {"trade_id": 667714981, "side": "buy", "size": "0.00664272", "price": "3141.58000000", "time": "2025-07-16T01:39:01.656769Z", "fetched_at": "2025-07-16T01:39:33.942494+00:00", "symbol": "ETH-USD"}, {"trade_id": 667714980, "side": "sell", "size": "0.00688068", "price": "3141.36000000", "time": "2025-07-16T01:39:00.403426Z", "fetched_at": "2025-07-16T01:39:33.942494+00:00", "symbol": "ETH-USD"}, {"trade_id": 667714979, "side": "sell", "size": "0.00100000", "price": "3141.36000000", "time": "2025-07-16T01:39:00.403426Z", "fetched_at": "2025-07-16T01:39:33.942494+00:00", "symbol": "ETH-USD"}, {"trade_id": 667714978, "side": "sell", "size": "0.15916839", "price": "3141.33000000", "time": "2025-07-16T01:39:00.289332Z", "fetched_at": "2025-07-16T01:39:33.942494+00:00", "symbol": "ETH-USD"}, {"trade_id": 667714977, "side": "sell", "size": "0.79584568", "price": "3141.32000000", "time": "2025-07-16T01:39:00.289332Z", "fetched_at": "2025-07-16T01:39:33.942494+00:00", "symbol": "ETH-USD"}, {"trade_id": 667714976, "side": "sell", "size": "0.02885234", "price": "3141.30000000", "time": "2025-07-16T01:39:00.276021Z", "fetched_at": "2025-07-16T01:39:33.942494+00:00", "symbol": "ETH-USD"}, {"trade_id": 667714975, "side": "sell", "size": "0.00208441", "price": "3141.16000000", "time": "2025-07-16T01:39:00.276021Z", "fetched_at": "2025-07-16T01:39:33.942494+00:00", "symbol": "ETH-USD"}, {"trade_id": 667714974, "side": "sell", "size": "0.00649436", "price": "3141.16000000", "time": "2025-07-16T01:38:59.989441Z", "fetched_at": "2025-07-16T01:39:33.942494+00:00", "symbol": "ETH-USD"}, {"trade_id": 667714973, "side": "buy", "size": "0.15500000", "price": "3141.35000000", "time": "2025-07-16T01:38:59.653429Z", "fetched_at": "2025-07-16T01:39:33.942494+00:00", "symbol": "ETH-USD"}, {"trade_id": 667714972, "side": "buy", "size": "0.15500000", "price": "3141.35000000", "time": "2025-07-16T01:38:59.606776Z", "fetched_at": "2025-07-16T01:39:33.942494+00:00", "symbol": "ETH-USD"}, {"trade_id": 667714971, "side": "buy", "size": "0.15500000", "price": "3141.33000000", "time": "2025-07-16T01:38:59.542653Z", "fetched_at": "2025-07-16T01:39:33.942494+00:00", "symbol": "ETH-USD"}, {"trade_id": 667714970, "side": "sell", "size": "0.15200395", "price": "3141.34000000", "time": "2025-07-16T01:38:59.530661Z", "fetched_at": "2025-07-16T01:39:33.942494+00:00", "symbol": "ETH-USD"}, {"trade_id": 667714969, "side": "sell", "size": "0.00010335", "price": "3141.24000000", "time": "2025-07-16T01:38:59.530661Z", "fetched_at": "2025-07-16T01:39:33.942494+00:00", "symbol": "ETH-USD"}, {"trade_id": 667714968, "side": "sell", "size": "0.32636510", "price": "3141.23000000", "time": "2025-07-16T01:38:59.530661Z", "fetched_at": "2025-07-16T01:39:33.942494+00:00", "symbol": "ETH-USD"}, {"trade_id": 667714967, "side": "sell", "size": "0.15567832", "price": "3141.23000000", "time": "2025-07-16T01:38:59.530661Z", "fetched_at": "2025-07-16T01:39:33.942494+00:00", "symbol": "ETH-USD"}, {"trade_id": 667714966, "side": "sell", "size": "0.00349499", "price": "3141.23000000", "time": "2025-07-16T01:38:59.343440Z", "fetched_at": "2025-07-16T01:39:33.942494+00:00", "symbol": "ETH-USD"}, {"trade_id": 667714965, "side": "sell", "size": "0.00244026", "price": "3141.22000000", "time": "2025-07-16T01:38:59.343440Z", "fetched_at": "2025-07-16T01:39:33.942494+00:00", "symbol": "ETH-USD"}, {"trade_id": 667714964, "side": "buy", "size": "0.16414589", "price": "3141.23000000", "time": "2025-07-16T01:38:58.881778Z", "fetched_at": "2025-07-16T01:39:33.942494+00:00", "symbol": "ETH-USD"}, {"trade_id": 667714963, "side": "buy", "size": "0.15500000", "price": "3141.34000000", "time": "2025-07-16T01:38:58.529234Z", "fetched_at": "2025-07-16T01:39:33.942494+00:00", "symbol": "ETH-USD"}, {"trade_id": 667714962, "side": "buy", "size": "0.15500000", "price": "3141.35000000", "time": "2025-07-16T01:38:58.511305Z", "fetched_at": "2025-07-16T01:39:33.942494+00:00", "symbol": "ETH-USD"}, {"trade_id": 667714961, "side": "sell", "size": "0.34286436", "price": "3141.12000000", "time": "2025-07-16T01:38:58.289683Z", "fetched_at": "2025-07-16T01:39:33.942494+00:00", "symbol": "ETH-USD"}, {"trade_id": 667714960, "side": "sell", "size": "0.00100000", "price": "3141.12000000", "time": "2025-07-16T01:38:58.289683Z", "fetched_at": "2025-07-16T01:39:33.942494+00:00", "symbol": "ETH-USD"}, {"trade_id": 667714959, "side": "sell", "size": "0.30000000", "price": "3141.00000000", "time": "2025-07-16T01:38:58.236962Z", "fetched_at": "2025-07-16T01:39:33.942494+00:00", "symbol": "ETH-USD"}, {"trade_id": 667714958, "side": "sell", "size": "0.33017415", "price": "3140.98000000", "time": "2025-07-16T01:38:58.236962Z", "fetched_at": "2025-07-16T01:39:33.942494+00:00", "symbol": "ETH-USD"}, {"trade_id": 667714957, "side": "sell", "size": "0.00263687", "price": "3140.73000000", "time": "2025-07-16T01:38:58.236962Z", "fetched_at": "2025-07-16T01:39:33.942494+00:00", "symbol": "ETH-USD"}, {"trade_id": 667714956, "side": "buy", "size": "0.00557272", "price": "3140.72000000", "time": "2025-07-16T01:38:57.092097Z", "fetched_at": "2025-07-16T01:39:33.942494+00:00", "symbol": "ETH-USD"}, {"trade_id": 667714955, "side": "buy", "size": "0.01899207", "price": "3140.75000000", "time": "2025-07-16T01:38:56.622369Z", "fetched_at": "2025-07-16T01:39:33.942494+00:00", "symbol": "ETH-USD"}, {"trade_id": 667714954, "side": "sell", "size": "0.01680000", "price": "3140.97000000", "time": "2025-07-16T01:38:56.578641Z", "fetched_at": "2025-07-16T01:39:33.942494+00:00", "symbol": "ETH-USD"}, {"trade_id": 667714953, "side": "sell", "size": "0.01856332", "price": "3140.98000000", "time": "2025-07-16T01:38:56.278159Z", "fetched_at": "2025-07-16T01:39:33.942494+00:00", "symbol": "ETH-USD"}, {"trade_id": 667714952, "side": "sell", "size": "0.00755056", "price": "3140.97000000", "time": "2025-07-16T01:38:56.261937Z", "fetched_at": "2025-07-16T01:39:33.942494+00:00", "symbol": "ETH-USD"}, {"trade_id": 667714951, "side": "sell", "size": "0.02901161", "price": "3140.97000000", "time": "2025-07-16T01:38:55.924661Z", "fetched_at": "2025-07-16T01:39:33.942494+00:00", "symbol": "ETH-USD"}, {"trade_id": 667714950, "side": "sell", "size": "0.00201910", "price": "3140.73000000", "time": "2025-07-16T01:38:55.924661Z", "fetched_at": "2025-07-16T01:39:33.942494+00:00", "symbol": "ETH-USD"}, {"trade_id": 667714949, "side": "sell", "size": "0.00766381", "price": "3140.97000000", "time": "2025-07-16T01:38:55.298241Z", "fetched_at": "2025-07-16T01:39:33.942494+00:00", "symbol": "ETH-USD"}, {"trade_id": 667714948, "side": "sell", "size": "0.00005630", "price": "3140.95000000", "time": "2025-07-16T01:38:55.298241Z", "fetched_at": "2025-07-16T01:39:33.942494+00:00", "symbol": "ETH-USD"}, {"trade_id": 667714947, "side": "sell", "size": "0.00001311", "price": "3140.95000000", "time": "2025-07-16T01:38:55.298241Z", "fetched_at": "2025-07-16T01:39:33.942494+00:00", "symbol": "ETH-USD"}, {"trade_id": 667714946, "side": "sell", "size": "0.22296754", "price": "3140.95000000", "time": "2025-07-16T01:38:55.135143Z", "fetched_at": "2025-07-16T01:39:33.942494+00:00", "symbol": "ETH-USD"}, {"trade_id": 667714945, "side": "sell", "size": "0.00264968", "price": "3140.74000000", "time": "2025-07-16T01:38:55.135143Z", "fetched_at": "2025-07-16T01:39:33.942494+00:00", "symbol": "ETH-USD"}, {"trade_id": 667714944, "side": "sell", "size": "0.01155986", "price": "3140.95000000", "time": "2025-07-16T01:38:53.951392Z", "fetched_at": "2025-07-16T01:39:33.942494+00:00", "symbol": "ETH-USD"}, {"trade_id": 667714943, "side": "sell", "size": "0.00016768", "price": "3140.88000000", "time": "2025-07-16T01:38:53.951392Z", "fetched_at": "2025-07-16T01:39:33.942494+00:00", "symbol": "ETH-USD"}, {"trade_id": 667714942, "side": "sell", "size": "0.00289182", "price": "3140.87000000", "time": "2025-07-16T01:38:53.951392Z", "fetched_at": "2025-07-16T01:39:33.942494+00:00", "symbol": "ETH-USD"}, {"trade_id": 667714941, "side": "sell", "size": "0.00013144", "price": "3140.87000000", "time": "2025-07-16T01:38:53.951392Z", "fetched_at": "2025-07-16T01:39:33.942494+00:00", "symbol": "ETH-USD"}, {"trade_id": 667714940, "side": "sell", "size": "0.00072012", "price": "3140.87000000", "time": "2025-07-16T01:38:53.951392Z", "fetched_at": "2025-07-16T01:39:33.942494+00:00", "symbol": "ETH-USD"}, {"trade_id": 667714939, "side": "sell", "size": "0.01819745", "price": "3140.95000000", "time": "2025-07-16T01:38:53.726555Z", "fetched_at": "2025-07-16T01:39:33.942494+00:00", "symbol": "ETH-USD"}, {"trade_id": 667714938, "side": "sell", "size": "0.00033378", "price": "3140.93000000", "time": "2025-07-16T01:38:53.726555Z", "fetched_at": "2025-07-16T01:39:33.942494+00:00", "symbol": "ETH-USD"}, {"trade_id": 667714937, "side": "sell", "size": "0.00007771", "price": "3140.93000000", "time": "2025-07-16T01:38:53.726555Z", "fetched_at": "2025-07-16T01:39:33.942494+00:00", "symbol": "ETH-USD"}, {"trade_id": 667714936, "side": "sell", "size": "0.00100000", "price": "3140.88000000", "time": "2025-07-16T01:38:53.726555Z", "fetched_at": "2025-07-16T01:39:33.942494+00:00", "symbol": "ETH-USD"}, {"trade_id": 667714935, "side": "sell", "size": "0.00303609", "price": "3140.87000000", "time": "2025-07-16T01:38:53.726555Z", "fetched_at": "2025-07-16T01:39:33.942494+00:00", "symbol": "ETH-USD"}, {"trade_id": 667714934, "side": "sell", "size": "0.00100000", "price": "3140.64000000", "time": "2025-07-16T01:38:53.163242Z", "fetched_at": "2025-07-16T01:39:33.942494+00:00", "symbol": "ETH-USD"}, {"trade_id": 667714933, "side": "sell", "size": "0.30000000", "price": "3140.60000000", "time": "2025-07-16T01:38:53.159598Z", "fetched_at": "2025-07-16T01:39:33.942494+00:00", "symbol": "ETH-USD"}, {"trade_id": 667714932, "side": "sell", "size": "0.00153957", "price": "3140.51000000", "time": "2025-07-16T01:38:53.159598Z", "fetched_at": "2025-07-16T01:39:33.942494+00:00", "symbol": "ETH-USD"}, {"trade_id": 667714931, "side": "sell", "size": "0.00149678", "price": "3140.51000000", "time": "2025-07-16T01:38:52.846619Z", "fetched_at": "2025-07-16T01:39:33.942494+00:00", "symbol": "ETH-USD"}, {"trade_id": 667714930, "side": "sell", "size": "0.00003708", "price": "3140.51000000", "time": "2025-07-16T01:38:51.331278Z", "fetched_at": "2025-07-16T01:39:33.942494+00:00", "symbol": "ETH-USD"}, {"trade_id": 667714929, "side": "sell", "size": "0.00303639", "price": "3140.49000000", "time": "2025-07-16T01:38:51.331278Z", "fetched_at": "2025-07-16T01:39:33.942494+00:00", "symbol": "ETH-USD"}, {"trade_id": 667714928, "side": "sell", "size": "0.01547136", "price": "3140.25000000", "time": "2025-07-16T01:38:49.941653Z", "fetched_at": "2025-07-16T01:39:33.942494+00:00", "symbol": "ETH-USD"}, {"trade_id": 667714927, "side": "sell", "size": "0.01660976", "price": "3140.21000000", "time": "2025-07-16T01:38:49.811110Z", "fetched_at": "2025-07-16T01:39:33.942494+00:00", "symbol": "ETH-USD"}, {"trade_id": 667714926, "side": "sell", "size": "0.00010000", "price": "3140.21000000", "time": "2025-07-16T01:38:49.509113Z", "fetched_at": "2025-07-16T01:39:33.942494+00:00", "symbol": "ETH-USD"}, {"trade_id": 667714925, "side": "sell", "size": "0.00301932", "price": "3140.25000000", "time": "2025-07-16T01:38:49.336746Z", "fetched_at": "2025-07-16T01:39:33.942494+00:00", "symbol": "ETH-USD"}, {"trade_id": 667714924, "side": "sell", "size": "0.15698614", "price": "3140.10000000", "time": "2025-07-16T01:38:49.322389Z", "fetched_at": "2025-07-16T01:39:33.942494+00:00", "symbol": "ETH-USD"}, {"trade_id": 667714923, "side": "buy", "size": "0.12434637", "price": "3140.18000000", "time": "2025-07-16T01:38:48.751666Z", "fetched_at": "2025-07-16T01:39:33.942494+00:00", "symbol": "ETH-USD"}, {"trade_id": 667714922, "side": "buy", "size": "0.00010000", "price": "3140.29000000", "time": "2025-07-16T01:38:48.751666Z", "fetched_at": "2025-07-16T01:39:33.942494+00:00", "symbol": "ETH-USD"}, {"trade_id": 667714921, "side": "buy", "size": "0.00303630", "price": "3140.29000000", "time": "2025-07-16T01:38:48.751666Z", "fetched_at": "2025-07-16T01:39:33.942494+00:00", "symbol": "ETH-USD"}, {"trade_id": 667714920, "side": "sell", "size": "0.00600000", "price": "3140.28000000", "time": "2025-07-16T01:38:47.677941Z", "fetched_at": "2025-07-16T01:39:33.942494+00:00", "symbol": "ETH-USD"}, {"trade_id": 667714919, "side": "sell", "size": "0.00307290", "price": "3140.28000000", "time": "2025-07-16T01:38:47.653239Z", "fetched_at": "2025-07-16T01:39:33.942494+00:00", "symbol": "ETH-USD"}, {"trade_id": 667714918, "side": "sell", "size": "0.00079148", "price": "3140.30000000", "time": "2025-07-16T01:38:47.564730Z", "fetched_at": "2025-07-16T01:39:33.942494+00:00", "symbol": "ETH-USD"}, {"trade_id": 667714917, "side": "sell", "size": "0.00007525", "price": "3140.30000000", "time": "2025-07-16T01:38:47.564730Z", "fetched_at": "2025-07-16T01:39:33.942494+00:00", "symbol": "ETH-USD"}, {"trade_id": 667714916, "side": "sell", "size": "0.00618564", "price": "3140.30000000", "time": "2025-07-16T01:38:47.405258Z", "fetched_at": "2025-07-16T01:39:33.942494+00:00", "symbol": "ETH-USD"}, {"trade_id": 667714915, "side": "sell", "size": "0.54743528", "price": "3140.23000000", "time": "2025-07-16T01:38:47.374012Z", "fetched_at": "2025-07-16T01:39:33.942494+00:00", "symbol": "ETH-USD"}, {"trade_id": 667714914, "side": "sell", "size": "0.00020668", "price": "3140.23000000", "time": "2025-07-16T01:38:47.374012Z", "fetched_at": "2025-07-16T01:39:33.942494+00:00", "symbol": "ETH-USD"}, {"trade_id": 667714913, "side": "sell", "size": "0.15762724", "price": "3140.23000000", "time": "2025-07-16T01:38:47.374012Z", "fetched_at": "2025-07-16T01:39:33.942494+00:00", "symbol": "ETH-USD"}, {"trade_id": 667714912, "side": "sell", "size": "0.00149676", "price": "3140.23000000", "time": "2025-07-16T01:38:47.229610Z", "fetched_at": "2025-07-16T01:39:33.942494+00:00", "symbol": "ETH-USD"}, {"trade_id": 667714911, "side": "sell", "size": "0.00010000", "price": "3140.23000000", "time": "2025-07-16T01:38:46.197435Z", "fetched_at": "2025-07-16T01:39:33.942494+00:00", "symbol": "ETH-USD"}, {"trade_id": 667714910, "side": "sell", "size": "0.15756056", "price": "3140.23000000", "time": "2025-07-16T01:38:45.942683Z", "fetched_at": "2025-07-16T01:39:33.942494+00:00", "symbol": "ETH-USD"}, {"trade_id": 667714909, "side": "sell", "size": "0.00618791", "price": "3140.23000000", "time": "2025-07-16T01:38:45.367375Z", "fetched_at": "2025-07-16T01:39:33.942494+00:00", "symbol": "ETH-USD"}, {"trade_id": 667714908, "side": "sell", "size": "0.00317174", "price": "3140.23000000", "time": "2025-07-16T01:38:45.304919Z", "fetched_at": "2025-07-16T01:39:33.942494+00:00", "symbol": "ETH-USD"}, {"trade_id": 667714907, "side": "sell", "size": "0.03321043", "price": "3140.22000000", "time": "2025-07-16T01:38:43.549383Z", "fetched_at": "2025-07-16T01:39:33.942494+00:00", "symbol": "ETH-USD"}, {"trade_id": 667714906, "side": "sell", "size": "0.00010335", "price": "3140.19000000", "time": "2025-07-16T01:38:43.549383Z", "fetched_at": "2025-07-16T01:39:33.942494+00:00", "symbol": "ETH-USD"}, {"trade_id": 667714905, "side": "buy", "size": "0.00564501", "price": "3140.02000000", "time": "2025-07-16T01:38:42.427887Z", "fetched_at": "2025-07-16T01:39:33.942494+00:00", "symbol": "ETH-USD"}, {"trade_id": 667714904, "side": "buy", "size": "0.00303641", "price": "3140.18000000", "time": "2025-07-16T01:38:42.427887Z", "fetched_at": "2025-07-16T01:39:33.942494+00:00", "symbol": "ETH-USD"}, {"trade_id": 667714903, "side": "buy", "size": "0.39767684", "price": "3140.26000000", "time": "2025-07-16T01:38:41.775634Z", "fetched_at": "2025-07-16T01:39:33.942494+00:00", "symbol": "ETH-USD"}, {"trade_id": 667714902, "side": "buy", "size": "0.00303632", "price": "3140.27000000", "time": "2025-07-16T01:38:41.775634Z", "fetched_at": "2025-07-16T01:39:33.942494+00:00", "symbol": "ETH-USD"}, {"trade_id": 667714901, "side": "buy", "size": "0.06481605", "price": "3140.58000000", "time": "2025-07-16T01:38:41.775634Z", "fetched_at": "2025-07-16T01:39:33.942494+00:00", "symbol": "ETH-USD"}, {"trade_id": 667714900, "side": "sell", "size": "0.03034107", "price": "3140.59000000", "time": "2025-07-16T01:38:40.178886Z", "fetched_at": "2025-07-16T01:39:33.942494+00:00", "symbol": "ETH-USD"}, {"trade_id": 667714899, "side": "sell", "size": "0.01100000", "price": "3140.59000000", "time": "2025-07-16T01:38:38.832820Z", "fetched_at": "2025-07-16T01:39:33.942494+00:00", "symbol": "ETH-USD"}, {"trade_id": 667714898, "side": "sell", "size": "0.00271270", "price": "3140.59000000", "time": "2025-07-16T01:38:38.304948Z", "fetched_at": "2025-07-16T01:39:33.942494+00:00", "symbol": "ETH-USD"}, {"trade_id": 667714897, "side": "buy", "size": "0.12271563", "price": "3140.92000000", "time": "2025-07-16T01:38:37.882550Z", "fetched_at": "2025-07-16T01:39:33.942494+00:00", "symbol": "ETH-USD"}, {"trade_id": 667714896, "side": "sell", "size": "0.00788062", "price": "3141.08000000", "time": "2025-07-16T01:38:37.767887Z", "fetched_at": "2025-07-16T01:39:33.942494+00:00", "symbol": "ETH-USD"}, {"trade_id": 667714895, "side": "buy", "size": "0.32728785", "price": "3140.98000000", "time": "2025-07-16T01:38:37.764887Z", "fetched_at": "2025-07-16T01:39:33.942494+00:00", "symbol": "ETH-USD"}, {"trade_id": 667714894, "side": "buy", "size": "0.94500000", "price": "3141.04000000", "time": "2025-07-16T01:38:37.747226Z", "fetched_at": "2025-07-16T01:39:33.942494+00:00", "symbol": "ETH-USD"}, {"trade_id": 667714893, "side": "buy", "size": "0.35597408", "price": "3141.05000000", "time": "2025-07-16T01:38:37.747226Z", "fetched_at": "2025-07-16T01:39:33.942494+00:00", "symbol": "ETH-USD"}, {"trade_id": 667714892, "side": "buy", "size": "0.05248647", "price": "3141.13000000", "time": "2025-07-16T01:38:37.747226Z", "fetched_at": "2025-07-16T01:39:33.942494+00:00", "symbol": "ETH-USD"}, {"trade_id": 667714891, "side": "buy", "size": "0.15917433", "price": "3141.21000000", "time": "2025-07-16T01:38:37.747226Z", "fetched_at": "2025-07-16T01:39:33.942494+00:00", "symbol": "ETH-USD"}, {"trade_id": 667714890, "side": "buy", "size": "0.54167951", "price": "3141.29000000", "time": "2025-07-16T01:38:37.747226Z", "fetched_at": "2025-07-16T01:39:33.942494+00:00", "symbol": "ETH-USD"}, {"trade_id": 667714889, "side": "buy", "size": "0.01623000", "price": "3141.29000000", "time": "2025-07-16T01:38:37.746463Z", "fetched_at": "2025-07-16T01:39:33.942494+00:00", "symbol": "ETH-USD"}, {"trade_id": 667714888, "side": "buy", "size": "0.01374000", "price": "3141.29000000", "time": "2025-07-16T01:38:37.746439Z", "fetched_at": "2025-07-16T01:39:33.942494+00:00", "symbol": "ETH-USD"}, {"trade_id": 667714887, "side": "buy", "size": "0.20868103", "price": "3141.42000000", "time": "2025-07-16T01:38:37.746308Z", "fetched_at": "2025-07-16T01:39:33.942494+00:00", "symbol": "ETH-USD"}, {"trade_id": 667714886, "side": "buy", "size": "0.00303520", "price": "3141.43000000", "time": "2025-07-16T01:38:37.746308Z", "fetched_at": "2025-07-16T01:39:33.942494+00:00", "symbol": "ETH-USD"}, {"trade_id": 667714885, "side": "buy", "size": "0.30536821", "price": "3141.39000000", "time": "2025-07-16T01:38:36.889406Z", "fetched_at": "2025-07-16T01:39:33.942494+00:00", "symbol": "ETH-USD"}, {"trade_id": 667714884, "side": "buy", "size": "0.62134997", "price": "3141.40000000", "time": "2025-07-16T01:38:36.889406Z", "fetched_at": "2025-07-16T01:39:33.942494+00:00", "symbol": "ETH-USD"}, {"trade_id": 667714883, "side": "buy", "size": "0.08754805", "price": "3141.40000000", "time": "2025-07-16T01:38:36.889406Z", "fetched_at": "2025-07-16T01:39:33.942494+00:00", "symbol": "ETH-USD"}, {"trade_id": 667714882, "side": "sell", "size": "0.02747665", "price": "3141.78000000", "time": "2025-07-16T01:38:36.694061Z", "fetched_at": "2025-07-16T01:39:33.942494+00:00", "symbol": "ETH-USD"}, {"trade_id": 667714881, "side": "sell", "size": "0.00303550", "price": "3141.77000000", "time": "2025-07-16T01:38:36.694061Z", "fetched_at": "2025-07-16T01:39:33.942494+00:00", "symbol": "ETH-USD"}, {"trade_id": 667714880, "side": "sell", "size": "0.00100000", "price": "3141.60000000", "time": "2025-07-16T01:38:36.694061Z", "fetched_at": "2025-07-16T01:39:33.942494+00:00", "symbol": "ETH-USD"}, {"trade_id": 667714879, "side": "buy", "size": "0.02175146", "price": "3141.22000000", "time": "2025-07-16T01:38:36.488097Z", "fetched_at": "2025-07-16T01:39:33.942494+00:00", "symbol": "ETH-USD"}, {"trade_id": 667714878, "side": "buy", "size": "0.00303540", "price": "3141.23000000", "time": "2025-07-16T01:38:36.488097Z", "fetched_at": "2025-07-16T01:39:33.942494+00:00", "symbol": "ETH-USD"}, {"trade_id": 667714877, "side": "buy", "size": "0.00000636", "price": "3141.45000000", "time": "2025-07-16T01:38:36.488097Z", "fetched_at": "2025-07-16T01:39:33.942494+00:00", "symbol": "ETH-USD"}, {"trade_id": 667714876, "side": "buy", "size": "0.00086778", "price": "3141.47000000", "time": "2025-07-16T01:38:36.488097Z", "fetched_at": "2025-07-16T01:39:33.942494+00:00", "symbol": "ETH-USD"}, {"trade_id": 667714875, "side": "sell", "size": "0.00100000", "price": "3141.36000000", "time": "2025-07-16T01:38:36.216414Z", "fetched_at": "2025-07-16T01:39:33.942494+00:00", "symbol": "ETH-USD"}, {"trade_id": 667714874, "side": "sell", "size": "0.30000000", "price": "3141.30000000", "time": "2025-07-16T01:38:36.216414Z", "fetched_at": "2025-07-16T01:39:33.942494+00:00", "symbol": "ETH-USD"}, {"trade_id": 667714873, "side": "sell", "size": "0.00012267", "price": "3141.20000000", "time": "2025-07-16T01:38:36.212512Z", "fetched_at": "2025-07-16T01:39:33.942494+00:00", "symbol": "ETH-USD"}, {"trade_id": 667714872, "side": "sell", "size": "0.29987733", "price": "3141.20000000", "time": "2025-07-16T01:38:36.212412Z", "fetched_at": "2025-07-16T01:39:33.942494+00:00", "symbol": "ETH-USD"}, {"trade_id": 667714871, "side": "sell", "size": "0.00012267", "price": "3141.20000000", "time": "2025-07-16T01:38:36.212412Z", "fetched_at": "2025-07-16T01:39:33.942494+00:00", "symbol": "ETH-USD"}, {"trade_id": 667714870, "side": "sell", "size": "0.00100000", "price": "3141.12000000", "time": "2025-07-16T01:38:36.212412Z", "fetched_at": "2025-07-16T01:39:33.942494+00:00", "symbol": "ETH-USD"}, {"trade_id": 667714869, "side": "buy", "size": "0.41997584", "price": "3141.11000000", "time": "2025-07-16T01:38:35.162699Z", "fetched_at": "2025-07-16T01:39:33.942494+00:00", "symbol": "ETH-USD"}, {"trade_id": 667714868, "side": "buy", "size": "0.01405109", "price": "3141.11000000", "time": "2025-07-16T01:38:34.688288Z", "fetched_at": "2025-07-16T01:39:33.942494+00:00", "symbol": "ETH-USD"}, {"trade_id": 667714867, "side": "sell", "size": "0.32832389", "price": "3140.93000000", "time": "2025-07-16T01:38:33.812298Z", "fetched_at": "2025-07-16T01:39:33.942494+00:00", "symbol": "ETH-USD"}, {"trade_id": 667714866, "side": "sell", "size": "0.00303587", "price": "3140.93000000", "time": "2025-07-16T01:38:33.812298Z", "fetched_at": "2025-07-16T01:39:33.942494+00:00", "symbol": "ETH-USD"}, {"trade_id": 667714865, "side": "sell", "size": "0.01509535", "price": "3140.93000000", "time": "2025-07-16T01:38:32.264307Z", "fetched_at": "2025-07-16T01:39:33.942494+00:00", "symbol": "ETH-USD"}, {"trade_id": 667714864, "side": "sell", "size": "0.00007036", "price": "3140.90000000", "time": "2025-07-16T01:38:31.685136Z", "fetched_at": "2025-07-16T01:39:33.942494+00:00", "symbol": "ETH-USD"}, {"trade_id": 667714863, "side": "sell", "size": "0.00030215", "price": "3140.90000000", "time": "2025-07-16T01:38:31.685136Z", "fetched_at": "2025-07-16T01:39:33.942494+00:00", "symbol": "ETH-USD"}, {"trade_id": 667714862, "side": "sell", "size": "0.33388868", "price": "3140.90000000", "time": "2025-07-16T01:38:31.685136Z", "fetched_at": "2025-07-16T01:39:33.942494+00:00", "symbol": "ETH-USD"}, {"trade_id": 667714861, "side": "sell", "size": "0.00303610", "price": "3140.61000000", "time": "2025-07-16T01:38:31.685136Z", "fetched_at": "2025-07-16T01:39:33.942494+00:00", "symbol": "ETH-USD"}, {"trade_id": 667714860, "side": "sell", "size": "0.15920068", "price": "3140.69000000", "time": "2025-07-16T01:38:30.818267Z", "fetched_at": "2025-07-16T01:39:33.942494+00:00", "symbol": "ETH-USD"}, {"trade_id": 667714859, "side": "sell", "size": "0.00303544", "price": "3140.50000000", "time": "2025-07-16T01:38:30.818267Z", "fetched_at": "2025-07-16T01:39:33.942494+00:00", "symbol": "ETH-USD"}, {"trade_id": 667714858, "side": "sell", "size": "0.00001961", "price": "3140.50000000", "time": "2025-07-16T01:38:30.818267Z", "fetched_at": "2025-07-16T01:39:33.942494+00:00", "symbol": "ETH-USD"}, {"trade_id": 667714857, "side": "sell", "size": "0.00008425", "price": "3140.50000000", "time": "2025-07-16T01:38:30.818267Z", "fetched_at": "2025-07-16T01:39:33.942494+00:00", "symbol": "ETH-USD"}, {"trade_id": 667714856, "side": "buy", "size": "0.08769612", "price": "3140.14000000", "time": "2025-07-16T01:38:30.566303Z", "fetched_at": "2025-07-16T01:39:33.942494+00:00", "symbol": "ETH-USD"}, {"trade_id": 667714855, "side": "buy", "size": "0.10000000", "price": "3140.14000000", "time": "2025-07-16T01:38:30.566303Z", "fetched_at": "2025-07-16T01:39:33.942494+00:00", "symbol": "ETH-USD"}, {"trade_id": 667714854, "side": "buy", "size": "0.00100000", "price": "3140.16000000", "time": "2025-07-16T01:38:30.566303Z", "fetched_at": "2025-07-16T01:39:33.942494+00:00", "symbol": "ETH-USD"}, {"trade_id": 667714853, "side": "buy", "size": "0.52513292", "price": "3140.32000000", "time": "2025-07-16T01:38:30.566303Z", "fetched_at": "2025-07-16T01:39:33.942494+00:00", "symbol": "ETH-USD"}, {"trade_id": 667714852, "side": "buy", "size": "0.00288075", "price": "3140.33000000", "time": "2025-07-16T01:38:30.566303Z", "fetched_at": "2025-07-16T01:39:33.942494+00:00", "symbol": "ETH-USD"}, {"trade_id": 667714851, "side": "buy", "size": "0.00100000", "price": "3140.40000000", "time": "2025-07-16T01:38:30.566303Z", "fetched_at": "2025-07-16T01:39:33.942494+00:00", "symbol": "ETH-USD"}, {"trade_id": 667714850, "side": "buy", "size": "0.00000318", "price": "3140.49000000", "time": "2025-07-16T01:38:30.566303Z", "fetched_at": "2025-07-16T01:39:33.942494+00:00", "symbol": "ETH-USD"}, {"trade_id": 667714849, "side": "buy", "size": "0.00000318", "price": "3140.49000000", "time": "2025-07-16T01:38:30.566303Z", "fetched_at": "2025-07-16T01:39:33.942494+00:00", "symbol": "ETH-USD"}, {"trade_id": 667714848, "side": "buy", "size": "0.61082882", "price": "3140.57000000", "time": "2025-07-16T01:38:28.917896Z", "fetched_at": "2025-07-16T01:39:33.942494+00:00", "symbol": "ETH-USD"}, {"trade_id": 667714847, "side": "buy", "size": "0.91372013", "price": "3140.62000000", "time": "2025-07-16T01:38:28.917077Z", "fetched_at": "2025-07-16T01:39:33.942494+00:00", "symbol": "ETH-USD"}, {"trade_id": 667714846, "side": "buy", "size": "1.01025537", "price": "3140.63000000", "time": "2025-07-16T01:38:28.917077Z", "fetched_at": "2025-07-16T01:39:33.942494+00:00", "symbol": "ETH-USD"}, {"trade_id": 667714845, "side": "buy", "size": "0.00100000", "price": "3140.64000000", "time": "2025-07-16T01:38:28.917077Z", "fetched_at": "2025-07-16T01:39:33.942494+00:00", "symbol": "ETH-USD"}, {"trade_id": 667714844, "side": "buy", "size": "0.94500000", "price": "3140.67000000", "time": "2025-07-16T01:38:28.917077Z", "fetched_at": "2025-07-16T01:39:33.942494+00:00", "symbol": "ETH-USD"}, {"trade_id": 667714843, "side": "buy", "size": "0.36821695", "price": "3140.67000000", "time": "2025-07-16T01:38:28.917077Z", "fetched_at": "2025-07-16T01:39:33.942494+00:00", "symbol": "ETH-USD"}, {"trade_id": 667714842, "side": "buy", "size": "0.15920066", "price": "3140.69000000", "time": "2025-07-16T01:38:28.917077Z", "fetched_at": "2025-07-16T01:39:33.942494+00:00", "symbol": "ETH-USD"}, {"trade_id": 667714841, "side": "buy", "size": "0.10000000", "price": "3140.79000000", "time": "2025-07-16T01:38:28.916121Z", "fetched_at": "2025-07-16T01:39:33.942494+00:00", "symbol": "ETH-USD"}, {"trade_id": 667714840, "side": "buy", "size": "0.00100000", "price": "3140.88000000", "time": "2025-07-16T01:38:28.916121Z", "fetched_at": "2025-07-16T01:39:33.942494+00:00", "symbol": "ETH-USD"}, {"trade_id": 667714839, "side": "buy", "size": "0.00000636", "price": "3141.10000000", "time": "2025-07-16T01:38:28.915833Z", "fetched_at": "2025-07-16T01:39:33.942494+00:00", "symbol": "ETH-USD"}, {"trade_id": 667714838, "side": "buy", "size": "0.20445117", "price": "3141.19000000", "time": "2025-07-16T01:38:28.915833Z", "fetched_at": "2025-07-16T01:39:33.942494+00:00", "symbol": "ETH-USD"}, {"trade_id": 667714837, "side": "buy", "size": "0.00303543", "price": "3141.19000000", "time": "2025-07-16T01:38:28.915833Z", "fetched_at": "2025-07-16T01:39:33.942494+00:00", "symbol": "ETH-USD"}, {"trade_id": 667714836, "side": "sell", "size": "0.00393746", "price": "3141.42000000", "time": "2025-07-16T01:38:27.910040Z", "fetched_at": "2025-07-16T01:39:33.942494+00:00", "symbol": "ETH-USD"}, {"trade_id": 667714835, "side": "sell", "size": "0.00193744", "price": "3141.41000000", "time": "2025-07-16T01:38:27.910040Z", "fetched_at": "2025-07-16T01:39:33.942494+00:00", "symbol": "ETH-USD"}, {"trade_id": 667714834, "side": "sell", "size": "0.17093894", "price": "3141.00000000", "time": "2025-07-16T01:38:26.892903Z", "fetched_at": "2025-07-16T01:39:33.942494+00:00", "symbol": "ETH-USD"}, {"trade_id": 667714833, "side": "buy", "size": "0.00100000", "price": "3141.12000000", "time": "2025-07-16T01:38:26.781429Z", "fetched_at": "2025-07-16T01:39:33.942494+00:00", "symbol": "ETH-USD"}, {"trade_id": 667714832, "side": "buy", "size": "0.12262472", "price": "3141.21000000", "time": "2025-07-16T01:38:26.781429Z", "fetched_at": "2025-07-16T01:39:33.942494+00:00", "symbol": "ETH-USD"}, {"trade_id": 667714831, "side": "buy", "size": "0.00000955", "price": "3141.21000000", "time": "2025-07-16T01:38:26.781429Z", "fetched_at": "2025-07-16T01:39:33.942494+00:00", "symbol": "ETH-USD"}, {"trade_id": 667714830, "side": "sell", "size": "0.00006367", "price": "3141.39000000", "time": "2025-07-16T01:38:26.398496Z", "fetched_at": "2025-07-16T01:39:33.942494+00:00", "symbol": "ETH-USD"}, {"trade_id": 667714829, "side": "sell", "size": "0.00200733", "price": "3141.22000000", "time": "2025-07-16T01:38:26.398496Z", "fetched_at": "2025-07-16T01:39:33.942494+00:00", "symbol": "ETH-USD"}, {"trade_id": 667714828, "side": "buy", "size": "0.78059649", "price": "3141.21000000", "time": "2025-07-16T01:38:25.382328Z", "fetched_at": "2025-07-16T01:39:33.942494+00:00", "symbol": "ETH-USD"}, {"trade_id": 667714827, "side": "buy", "size": "0.18394822", "price": "3141.21000000", "time": "2025-07-16T01:38:25.382328Z", "fetched_at": "2025-07-16T01:39:33.942494+00:00", "symbol": "ETH-USD"}, {"trade_id": 667714826, "side": "sell", "size": "0.07524417", "price": "3141.45000000", "time": "2025-07-16T01:38:24.999495Z", "fetched_at": "2025-07-16T01:39:33.942494+00:00", "symbol": "ETH-USD"}, {"trade_id": 667714825, "side": "sell", "size": "0.00205307", "price": "3141.34000000", "time": "2025-07-16T01:38:24.999495Z", "fetched_at": "2025-07-16T01:39:33.942494+00:00", "symbol": "ETH-USD"}, {"trade_id": 667714824, "side": "sell", "size": "0.03567169", "price": "3141.34000000", "time": "2025-07-16T01:38:24.973566Z", "fetched_at": "2025-07-16T01:39:33.942494+00:00", "symbol": "ETH-USD"}, {"trade_id": 667714823, "side": "sell", "size": "0.00583037", "price": "3141.88000000", "time": "2025-07-16T01:38:24.732039Z", "fetched_at": "2025-07-16T01:39:33.942494+00:00", "symbol": "ETH-USD"}, {"trade_id": 667714822, "side": "sell", "size": "0.37364316", "price": "3141.92000000", "time": "2025-07-16T01:38:24.527715Z", "fetched_at": "2025-07-16T01:39:33.942494+00:00", "symbol": "ETH-USD"}, {"trade_id": 667714821, "side": "sell", "size": "0.20000000", "price": "3141.91000000", "time": "2025-07-16T01:38:24.527715Z", "fetched_at": "2025-07-16T01:39:33.942494+00:00", "symbol": "ETH-USD"}, {"trade_id": 667714820, "side": "sell", "size": "0.00100000", "price": "3141.84000000", "time": "2025-07-16T01:38:24.527715Z", "fetched_at": "2025-07-16T01:39:33.942494+00:00", "symbol": "ETH-USD"}, {"trade_id": 667714819, "side": "sell", "size": "0.35016013", "price": "3141.65000000", "time": "2025-07-16T01:38:24.527715Z", "fetched_at": "2025-07-16T01:39:33.942494+00:00", "symbol": "ETH-USD"}, {"trade_id": 667714818, "side": "sell", "size": "0.00031180", "price": "3141.60000000", "time": "2025-07-16T01:38:24.527715Z", "fetched_at": "2025-07-16T01:39:33.942494+00:00", "symbol": "ETH-USD"}, {"trade_id": 667714817, "side": "sell", "size": "0.00007262", "price": "3141.60000000", "time": "2025-07-16T01:38:24.527715Z", "fetched_at": "2025-07-16T01:39:33.942494+00:00", "symbol": "ETH-USD"}, {"trade_id": 667714816, "side": "sell", "size": "0.00151008", "price": "3141.60000000", "time": "2025-07-16T01:38:24.527715Z", "fetched_at": "2025-07-16T01:39:33.942494+00:00", "symbol": "ETH-USD"}, {"trade_id": 667714815, "side": "sell", "size": "0.00100000", "price": "3141.60000000", "time": "2025-07-16T01:38:24.527715Z", "fetched_at": "2025-07-16T01:39:33.942494+00:00", "symbol": "ETH-USD"}, {"trade_id": 667714814, "side": "sell", "size": "0.00013636", "price": "3141.60000000", "time": "2025-07-16T01:38:24.527715Z", "fetched_at": "2025-07-16T01:39:33.942494+00:00", "symbol": "ETH-USD"}, {"trade_id": 667714813, "side": "buy", "size": "0.03906551", "price": "3141.59000000", "time": "2025-07-16T01:38:24.343745Z", "fetched_at": "2025-07-16T01:39:33.942494+00:00", "symbol": "ETH-USD"}, {"trade_id": 667714812, "side": "sell", "size": "0.30000000", "price": "3141.20000000", "time": "2025-07-16T01:38:23.314624Z", "fetched_at": "2025-07-16T01:39:33.942494+00:00", "symbol": "ETH-USD"}, {"trade_id": 667714811, "side": "sell", "size": "0.30000000", "price": "3141.10000000", "time": "2025-07-16T01:38:23.313799Z", "fetched_at": "2025-07-16T01:39:33.942494+00:00", "symbol": "ETH-USD"}, {"trade_id": 667714810, "side": "buy", "size": "0.08862508", "price": "3141.21000000", "time": "2025-07-16T01:38:23.170539Z", "fetched_at": "2025-07-16T01:39:33.942494+00:00", "symbol": "ETH-USD"}, {"trade_id": 667714809, "side": "sell", "size": "0.10000000", "price": "3141.22000000", "time": "2025-07-16T01:38:23.161428Z", "fetched_at": "2025-07-16T01:39:33.942494+00:00", "symbol": "ETH-USD"}, {"trade_id": 667714808, "side": "buy", "size": "0.01623000", "price": "3141.23000000", "time": "2025-07-16T01:38:23.132159Z", "fetched_at": "2025-07-16T01:39:33.942494+00:00", "symbol": "ETH-USD"}, {"trade_id": 667714807, "side": "buy", "size": "0.01623000", "price": "3141.23000000", "time": "2025-07-16T01:38:23.131607Z", "fetched_at": "2025-07-16T01:39:33.942494+00:00", "symbol": "ETH-USD"}, {"trade_id": 667714806, "side": "buy", "size": "0.01623000", "price": "3141.23000000", "time": "2025-07-16T01:38:23.131500Z", "fetched_at": "2025-07-16T01:39:33.942494+00:00", "symbol": "ETH-USD"}, {"trade_id": 667714805, "side": "buy", "size": "0.01623000", "price": "3141.23000000", "time": "2025-07-16T01:38:23.131250Z", "fetched_at": "2025-07-16T01:39:33.942494+00:00", "symbol": "ETH-USD"}, {"trade_id": 667714804, "side": "buy", "size": "1.02489407", "price": "3141.21000000", "time": "2025-07-16T01:38:22.904559Z", "fetched_at": "2025-07-16T01:39:33.942494+00:00", "symbol": "ETH-USD"}, {"trade_id": 667714803, "side": "buy", "size": "0.00000636", "price": "3141.21000000", "time": "2025-07-16T01:38:22.904559Z", "fetched_at": "2025-07-16T01:39:33.942494+00:00", "symbol": "ETH-USD"}, {"trade_id": 667714802, "side": "buy", "size": "0.87742286", "price": "3141.22000000", "time": "2025-07-16T01:38:22.904559Z", "fetched_at": "2025-07-16T01:39:33.942494+00:00", "symbol": "ETH-USD"}, {"trade_id": 667714801, "side": "buy", "size": "0.10000000", "price": "3141.22000000", "time": "2025-07-16T01:38:22.904559Z", "fetched_at": "2025-07-16T01:39:33.942494+00:00", "symbol": "ETH-USD"}, {"trade_id": 667714800, "side": "sell", "size": "0.00664714", "price": "3141.60000000", "time": "2025-07-16T01:38:22.796337Z", "fetched_at": "2025-07-16T01:39:33.942494+00:00", "symbol": "ETH-USD"}, {"trade_id": 667714799, "side": "sell", "size": "0.00005100", "price": "3141.59000000", "time": "2025-07-16T01:38:22.796337Z", "fetched_at": "2025-07-16T01:39:33.942494+00:00", "symbol": "ETH-USD"}, {"trade_id": 667714798, "side": "sell", "size": "0.00016823", "price": "3141.58000000", "time": "2025-07-16T01:38:22.796337Z", "fetched_at": "2025-07-16T01:39:33.942494+00:00", "symbol": "ETH-USD"}, {"trade_id": 667714797, "side": "sell", "size": "0.00003915", "price": "3141.58000000", "time": "2025-07-16T01:38:22.796337Z", "fetched_at": "2025-07-16T01:39:33.942494+00:00", "symbol": "ETH-USD"}, {"trade_id": 667714796, "side": "sell", "size": "0.00144734", "price": "3141.22000000", "time": "2025-07-16T01:38:22.796337Z", "fetched_at": "2025-07-16T01:39:33.942494+00:00", "symbol": "ETH-USD"}, {"trade_id": 667714795, "side": "sell", "size": "0.00010000", "price": "3141.22000000", "time": "2025-07-16T01:38:22.082935Z", "fetched_at": "2025-07-16T01:39:33.942494+00:00", "symbol": "ETH-USD"}, {"trade_id": 667714794, "side": "sell", "size": "0.00010000", "price": "3141.22000000", "time": "2025-07-16T01:38:21.288543Z", "fetched_at": "2025-07-16T01:39:33.942494+00:00", "symbol": "ETH-USD"}, {"trade_id": 667714793, "side": "sell", "size": "0.00002227", "price": "3141.22000000", "time": "2025-07-16T01:38:21.128855Z", "fetched_at": "2025-07-16T01:39:33.942494+00:00", "symbol": "ETH-USD"}, {"trade_id": 667714792, "side": "buy", "size": "0.67356752", "price": "3140.75000000", "time": "2025-07-16T01:38:21.081351Z", "fetched_at": "2025-07-16T01:39:33.942494+00:00", "symbol": "ETH-USD"}, {"trade_id": 667714791, "side": "buy", "size": "0.15919587", "price": "3140.78000000", "time": "2025-07-16T01:38:21.081351Z", "fetched_at": "2025-07-16T01:39:33.942494+00:00", "symbol": "ETH-USD"}, {"trade_id": 667714790, "side": "buy", "size": "0.82293047", "price": "3140.79000000", "time": "2025-07-16T01:38:21.081351Z", "fetched_at": "2025-07-16T01:39:33.942494+00:00", "symbol": "ETH-USD"}, {"trade_id": 667714789, "side": "buy", "size": "0.09607524", "price": "3140.80000000", "time": "2025-07-16T01:38:21.081351Z", "fetched_at": "2025-07-16T01:39:33.942494+00:00", "symbol": "ETH-USD"}, {"trade_id": 667714788, "side": "buy", "size": "0.10000000", "price": "3140.81000000", "time": "2025-07-16T01:38:21.081351Z", "fetched_at": "2025-07-16T01:39:33.942494+00:00", "symbol": "ETH-USD"}, {"trade_id": 667714787, "side": "buy", "size": "0.13296358", "price": "3140.86000000", "time": "2025-07-16T01:38:21.081351Z", "fetched_at": "2025-07-16T01:39:33.942494+00:00", "symbol": "ETH-USD"}, {"trade_id": 667714786, "side": "buy", "size": "0.00303574", "price": "3140.87000000", "time": "2025-07-16T01:38:21.081351Z", "fetched_at": "2025-07-16T01:39:33.942494+00:00", "symbol": "ETH-USD"}, {"trade_id": 667714785, "side": "buy", "size": "0.50223158", "price": "3141.21000000", "time": "2025-07-16T01:38:21.081351Z", "fetched_at": "2025-07-16T01:39:33.942494+00:00", "symbol": "ETH-USD"}, {"trade_id": 667714784, "side": "sell", "size": "0.01463245", "price": "3141.50000000", "time": "2025-07-16T01:38:21.000413Z", "fetched_at": "2025-07-16T01:39:33.942494+00:00", "symbol": "ETH-USD"}, {"trade_id": 667714783, "side": "sell", "size": "0.00144273", "price": "3141.22000000", "time": "2025-07-16T01:38:21.000413Z", "fetched_at": "2025-07-16T01:39:33.942494+00:00", "symbol": "ETH-USD"}, {"trade_id": 667714782, "side": "sell", "size": "0.46176119", "price": "3141.42000000", "time": "2025-07-16T01:38:19.855547Z", "fetched_at": "2025-07-16T01:39:33.942494+00:00", "symbol": "ETH-USD"}, {"trade_id": 667714781, "side": "sell", "size": "0.79582351", "price": "3141.40000000", "time": "2025-07-16T01:38:19.855547Z", "fetched_at": "2025-07-16T01:39:33.942494+00:00", "symbol": "ETH-USD"}, {"trade_id": 667714780, "side": "sell", "size": "0.10000000", "price": "3141.39000000", "time": "2025-07-16T01:38:19.855547Z", "fetched_at": "2025-07-16T01:39:33.942494+00:00", "symbol": "ETH-USD"}, {"trade_id": 667714779, "side": "sell", "size": "0.04452101", "price": "3141.38000000", "time": "2025-07-16T01:38:19.855547Z", "fetched_at": "2025-07-16T01:39:33.942494+00:00", "symbol": "ETH-USD"}, {"trade_id": 667714778, "side": "sell", "size": "0.15917078", "price": "3141.28000000", "time": "2025-07-16T01:38:19.855547Z", "fetched_at": "2025-07-16T01:39:33.942494+00:00", "symbol": "ETH-USD"}, {"trade_id": 667714777, "side": "sell", "size": "0.03835702", "price": "3141.28000000", "time": "2025-07-16T01:38:19.529209Z", "fetched_at": "2025-07-16T01:39:33.942494+00:00", "symbol": "ETH-USD"}, {"trade_id": 667714776, "side": "sell", "size": "0.05218345", "price": "3141.44000000", "time": "2025-07-16T01:38:19.207571Z", "fetched_at": "2025-07-16T01:39:33.942494+00:00", "symbol": "ETH-USD"}, {"trade_id": 667714775, "side": "sell", "size": "0.57661514", "price": "3141.38000000", "time": "2025-07-16T01:38:19.207571Z", "fetched_at": "2025-07-16T01:39:33.942494+00:00", "symbol": "ETH-USD"}, {"trade_id": 667714774, "side": "sell", "size": "0.56170197", "price": "3141.37000000", "time": "2025-07-16T01:38:19.207571Z", "fetched_at": "2025-07-16T01:39:33.942494+00:00", "symbol": "ETH-USD"}, {"trade_id": 667714773, "side": "sell", "size": "0.77541775", "price": "3141.37000000", "time": "2025-07-16T01:38:19.207571Z", "fetched_at": "2025-07-16T01:39:33.942494+00:00", "symbol": "ETH-USD"}, {"trade_id": 667714772, "side": "sell", "size": "0.61590682", "price": "3141.37000000", "time": "2025-07-16T01:38:19.207571Z", "fetched_at": "2025-07-16T01:39:33.942494+00:00", "symbol": "ETH-USD"}, {"trade_id": 667714771, "side": "sell", "size": "0.08904202", "price": "3141.36000000", "time": "2025-07-16T01:38:19.207571Z", "fetched_at": "2025-07-16T01:39:33.942494+00:00", "symbol": "ETH-USD"}, {"trade_id": 667714770, "side": "sell", "size": "0.24269000", "price": "3141.30000000", "time": "2025-07-16T01:38:19.207571Z", "fetched_at": "2025-07-16T01:39:33.942494+00:00", "symbol": "ETH-USD"}, {"trade_id": 667714769, "side": "sell", "size": "0.00133501", "price": "3141.29000000", "time": "2025-07-16T01:38:19.207571Z", "fetched_at": "2025-07-16T01:39:33.942494+00:00", "symbol": "ETH-USD"}, {"trade_id": 667714768, "side": "sell", "size": "0.24269000", "price": "3141.29000000", "time": "2025-07-16T01:38:19.207571Z", "fetched_at": "2025-07-16T01:39:33.942494+00:00", "symbol": "ETH-USD"}, {"trade_id": 667714767, "side": "sell", "size": "0.00010000", "price": "3141.13000000", "time": "2025-07-16T01:38:19.075319Z", "fetched_at": "2025-07-16T01:39:33.942494+00:00", "symbol": "ETH-USD"}, {"trade_id": 667714766, "side": "sell", "size": "0.06000000", "price": "3141.10000000", "time": "2025-07-16T01:38:18.209166Z", "fetched_at": "2025-07-16T01:39:33.942494+00:00", "symbol": "ETH-USD"}, {"trade_id": 667714765, "side": "sell", "size": "0.51302815", "price": "3141.08000000", "time": "2025-07-16T01:38:17.809271Z", "fetched_at": "2025-07-16T01:39:33.942494+00:00", "symbol": "ETH-USD"}, {"trade_id": 667714764, "side": "buy", "size": "0.43182519", "price": "3140.85000000", "time": "2025-07-16T01:38:17.119345Z", "fetched_at": "2025-07-16T01:39:33.942494+00:00", "symbol": "ETH-USD"}, {"trade_id": 667714763, "side": "buy", "size": "0.89259252", "price": "3140.86000000", "time": "2025-07-16T01:38:17.119345Z", "fetched_at": "2025-07-16T01:39:33.942494+00:00", "symbol": "ETH-USD"}, {"trade_id": 667714762, "side": "buy", "size": "0.00100000", "price": "3140.88000000", "time": "2025-07-16T01:38:17.119345Z", "fetched_at": "2025-07-16T01:39:33.942494+00:00", "symbol": "ETH-USD"}, {"trade_id": 667714761, "side": "buy", "size": "0.15918872", "price": "3140.92000000", "time": "2025-07-16T01:38:17.119345Z", "fetched_at": "2025-07-16T01:39:33.942494+00:00", "symbol": "ETH-USD"}, {"trade_id": 667714760, "side": "buy", "size": "0.09363279", "price": "3140.97000000", "time": "2025-07-16T01:38:17.119345Z", "fetched_at": "2025-07-16T01:39:33.942494+00:00", "symbol": "ETH-USD"}, {"trade_id": 667714759, "side": "buy", "size": "0.11131592", "price": "3141.06000000", "time": "2025-07-16T01:38:17.119345Z", "fetched_at": "2025-07-16T01:39:33.942494+00:00", "symbol": "ETH-USD"}, {"trade_id": 667714758, "side": "buy", "size": "0.01614426", "price": "3141.06000000", "time": "2025-07-16T01:38:17.119309Z", "fetched_at": "2025-07-16T01:39:33.942494+00:00", "symbol": "ETH-USD"}, {"trade_id": 667714757, "side": "buy", "size": "0.36461486", "price": "3141.16000000", "time": "2025-07-16T01:38:17.119309Z", "fetched_at": "2025-07-16T01:39:33.942494+00:00", "symbol": "ETH-USD"}, {"trade_id": 667714756, "side": "buy", "size": "0.00303546", "price": "3141.16000000", "time": "2025-07-16T01:38:17.119309Z", "fetched_at": "2025-07-16T01:39:33.942494+00:00", "symbol": "ETH-USD"}, {"trade_id": 667714755, "side": "buy", "size": "0.77497500", "price": "3141.06000000", "time": "2025-07-16T01:38:17.109845Z", "fetched_at": "2025-07-16T01:39:33.942494+00:00", "symbol": "ETH-USD"}, {"trade_id": 667714754, "side": "buy", "size": "0.71946215", "price": "3141.07000000", "time": "2025-07-16T01:38:17.109845Z", "fetched_at": "2025-07-16T01:39:33.942494+00:00", "symbol": "ETH-USD"}, {"trade_id": 667714753, "side": "buy", "size": "0.10000000", "price": "3141.08000000", "time": "2025-07-16T01:38:17.109845Z", "fetched_at": "2025-07-16T01:39:33.942494+00:00", "symbol": "ETH-USD"}, {"trade_id": 667714752, "side": "buy", "size": "0.00303553", "price": "3141.09000000", "time": "2025-07-16T01:38:17.109845Z", "fetched_at": "2025-07-16T01:39:33.942494+00:00", "symbol": "ETH-USD"}, {"trade_id": 667714751, "side": "buy", "size": "0.00100000", "price": "3141.12000000", "time": "2025-07-16T01:38:17.109845Z", "fetched_at": "2025-07-16T01:39:33.942494+00:00", "symbol": "ETH-USD"}, {"trade_id": 667714750, "side": "buy", "size": "0.23002761", "price": "3141.14000000", "time": "2025-07-16T01:38:17.109845Z", "fetched_at": "2025-07-16T01:39:33.942494+00:00", "symbol": "ETH-USD"}, {"trade_id": 667714749, "side": "buy", "size": "0.24750523", "price": "3141.15000000", "time": "2025-07-16T01:38:17.109845Z", "fetched_at": "2025-07-16T01:39:33.942494+00:00", "symbol": "ETH-USD"}, {"trade_id": 667714748, "side": "buy", "size": "0.33360980", "price": "3141.22000000", "time": "2025-07-16T01:38:17.109845Z", "fetched_at": "2025-07-16T01:39:33.942494+00:00", "symbol": "ETH-USD"}, {"trade_id": 667714747, "side": "buy", "size": "0.90243000", "price": "3141.36000000", "time": "2025-07-16T01:38:17.109182Z", "fetched_at": "2025-07-16T01:39:33.942494+00:00", "symbol": "ETH-USD"}, {"trade_id": 667714746, "side": "buy", "size": "0.02937512", "price": "3141.36000000", "time": "2025-07-16T01:38:17.109182Z", "fetched_at": "2025-07-16T01:39:33.942494+00:00", "symbol": "ETH-USD"}, {"trade_id": 667714745, "side": "buy", "size": "0.20492079", "price": "3141.36000000", "time": "2025-07-16T01:38:17.109182Z", "fetched_at": "2025-07-16T01:39:33.942494+00:00", "symbol": "ETH-USD"}, {"trade_id": 667714744, "side": "buy", "size": "0.00100000", "price": "3141.36000000", "time": "2025-07-16T01:38:17.109182Z", "fetched_at": "2025-07-16T01:39:33.942494+00:00", "symbol": "ETH-USD"}, {"trade_id": 667714743, "side": "sell", "size": "0.00581702", "price": "3141.61000000", "time": "2025-07-16T01:38:16.198149Z", "fetched_at": "2025-07-16T01:39:33.942494+00:00", "symbol": "ETH-USD"}, {"trade_id": 667714742, "side": "sell", "size": "0.00048009", "price": "3141.47000000", "time": "2025-07-16T01:38:16.198149Z", "fetched_at": "2025-07-16T01:39:33.942494+00:00", "symbol": "ETH-USD"}, {"trade_id": 667714741, "side": "sell", "size": "0.00011178", "price": "3141.47000000", "time": "2025-07-16T01:38:16.198149Z", "fetched_at": "2025-07-16T01:39:33.942494+00:00", "symbol": "ETH-USD"}, {"trade_id": 667714740, "side": "sell", "size": "0.00041341", "price": "3141.47000000", "time": "2025-07-16T01:38:16.198149Z", "fetched_at": "2025-07-16T01:39:33.942494+00:00", "symbol": "ETH-USD"}, {"trade_id": 667714739, "side": "sell", "size": "0.00104916", "price": "3141.38000000", "time": "2025-07-16T01:38:16.198149Z", "fetched_at": "2025-07-16T01:39:33.942494+00:00", "symbol": "ETH-USD"}, {"trade_id": 667714738, "side": "sell", "size": "0.00000318", "price": "3141.44000000", "time": "2025-07-16T01:38:13.944202Z", "fetched_at": "2025-07-16T01:39:33.942494+00:00", "symbol": "ETH-USD"}, {"trade_id": 667714737, "side": "sell", "size": "0.00025455", "price": "3141.44000000", "time": "2025-07-16T01:38:13.928312Z", "fetched_at": "2025-07-16T01:39:33.942494+00:00", "symbol": "ETH-USD"}, {"trade_id": 667714736, "side": "buy", "size": "0.03189922", "price": "3141.43000000", "time": "2025-07-16T01:38:13.923206Z", "fetched_at": "2025-07-16T01:39:33.942494+00:00", "symbol": "ETH-USD"}, {"trade_id": 667714735, "side": "buy", "size": "0.00100000", "price": "3141.60000000", "time": "2025-07-16T01:38:13.923206Z", "fetched_at": "2025-07-16T01:39:33.942494+00:00", "symbol": "ETH-USD"}, {"trade_id": 667714734, "side": "sell", "size": "0.39900467", "price": "3141.61000000", "time": "2025-07-16T01:38:13.906700Z", "fetched_at": "2025-07-16T01:39:33.942494+00:00", "symbol": "ETH-USD"}, {"trade_id": 667714733, "side": "sell", "size": "0.00039122", "price": "3141.61000000", "time": "2025-07-16T01:38:13.906700Z", "fetched_at": "2025-07-16T01:39:33.942494+00:00", "symbol": "ETH-USD"}, {"trade_id": 667714732, "side": "sell", "size": "0.00168013", "price": "3141.61000000", "time": "2025-07-16T01:38:13.906700Z", "fetched_at": "2025-07-16T01:39:33.942494+00:00", "symbol": "ETH-USD"}, {"trade_id": 667714731, "side": "sell", "size": "0.00031004", "price": "3141.61000000", "time": "2025-07-16T01:38:13.906700Z", "fetched_at": "2025-07-16T01:39:33.942494+00:00", "symbol": "ETH-USD"}, {"trade_id": 667714730, "side": "sell", "size": "0.07162705", "price": "3141.61000000", "time": "2025-07-16T01:38:13.906700Z", "fetched_at": "2025-07-16T01:39:33.942494+00:00", "symbol": "ETH-USD"}, {"trade_id": 667714729, "side": "sell", "size": "0.15698180", "price": "3141.61000000", "time": "2025-07-16T01:38:13.906700Z", "fetched_at": "2025-07-16T01:39:33.942494+00:00", "symbol": "ETH-USD"}, {"trade_id": 667714728, "side": "sell", "size": "0.00217226", "price": "3141.61000000", "time": "2025-07-16T01:38:13.731721Z", "fetched_at": "2025-07-16T01:39:33.942494+00:00", "symbol": "ETH-USD"}, {"trade_id": 667714727, "side": "sell", "size": "0.00089884", "price": "3141.61000000", "time": "2025-07-16T01:38:13.731721Z", "fetched_at": "2025-07-16T01:39:33.942494+00:00", "symbol": "ETH-USD"}, {"trade_id": 667714726, "side": "buy", "size": "0.08077780", "price": "3141.84000000", "time": "2025-07-16T01:38:13.514863Z", "fetched_at": "2025-07-16T01:39:33.942494+00:00", "symbol": "ETH-USD"}, {"trade_id": 667714725, "side": "sell", "size": "0.30820300", "price": "3141.85000000", "time": "2025-07-16T01:38:12.585384Z", "fetched_at": "2025-07-16T01:39:33.942494+00:00", "symbol": "ETH-USD"}, {"trade_id": 667714724, "side": "sell", "size": "0.00107632", "price": "3141.85000000", "time": "2025-07-16T01:38:12.585384Z", "fetched_at": "2025-07-16T01:39:33.942494+00:00", "symbol": "ETH-USD"}, {"trade_id": 667714723, "side": "buy", "size": "0.01832018", "price": "3141.84000000", "time": "2025-07-16T01:38:12.415940Z", "fetched_at": "2025-07-16T01:39:33.942494+00:00", "symbol": "ETH-USD"}, {"trade_id": 667714722, "side": "buy", "size": "0.00096076", "price": "3141.84000000", "time": "2025-07-16T01:38:12.415940Z", "fetched_at": "2025-07-16T01:39:33.942494+00:00", "symbol": "ETH-USD"}, {"trade_id": 667714721, "side": "sell", "size": "0.00118856", "price": "3141.85000000", "time": "2025-07-16T01:38:11.791052Z", "fetched_at": "2025-07-16T01:39:33.942494+00:00", "symbol": "ETH-USD"}, {"trade_id": 667714720, "side": "buy", "size": "0.00000742", "price": "3141.84000000", "time": "2025-07-16T01:38:11.455319Z", "fetched_at": "2025-07-16T01:39:33.942494+00:00", "symbol": "ETH-USD"}, {"trade_id": 667714719, "side": "buy", "size": "0.00003182", "price": "3141.84000000", "time": "2025-07-16T01:38:09.452683Z", "fetched_at": "2025-07-16T01:39:33.942494+00:00", "symbol": "ETH-USD"}, {"trade_id": 667714718, "side": "sell", "size": "0.00310590", "price": "3141.96000000", "time": "2025-07-16T01:38:07.154305Z", "fetched_at": "2025-07-16T01:39:33.942494+00:00", "symbol": "ETH-USD"}, {"trade_id": 667714717, "side": "sell", "size": "0.15914190", "price": "3141.85000000", "time": "2025-07-16T01:38:07.154305Z", "fetched_at": "2025-07-16T01:39:33.942494+00:00", "symbol": "ETH-USD"}, {"trade_id": 667714716, "side": "sell", "size": "0.15835908", "price": "3141.85000000", "time": "2025-07-16T01:38:07.045961Z", "fetched_at": "2025-07-16T01:39:33.942494+00:00", "symbol": "ETH-USD"}, {"trade_id": 667714715, "side": "buy", "size": "0.00265747", "price": "3142.08000000", "time": "2025-07-16T01:38:06.750022Z", "fetched_at": "2025-07-16T01:39:33.942494+00:00", "symbol": "ETH-USD"}, {"trade_id": 667714714, "side": "buy", "size": "0.00100000", "price": "3142.08000000", "time": "2025-07-16T01:38:06.750022Z", "fetched_at": "2025-07-16T01:39:33.942494+00:00", "symbol": "ETH-USD"}, {"trade_id": 667714713, "side": "buy", "size": "0.00100000", "price": "3142.32000000", "time": "2025-07-16T01:38:05.304608Z", "fetched_at": "2025-07-16T01:39:33.942494+00:00", "symbol": "ETH-USD"}, {"trade_id": 667714712, "side": "buy", "size": "0.03175956", "price": "3142.36000000", "time": "2025-07-16T01:38:05.292470Z", "fetched_at": "2025-07-16T01:39:33.942494+00:00", "symbol": "ETH-USD"}, {"trade_id": 667714711, "side": "buy", "size": "0.00100000", "price": "3142.56000000", "time": "2025-07-16T01:38:05.107629Z", "fetched_at": "2025-07-16T01:39:33.942494+00:00", "symbol": "ETH-USD"}, {"trade_id": 667714710, "side": "buy", "size": "1.00000000", "price": "3142.62000000", "time": "2025-07-16T01:38:05.103494Z", "fetched_at": "2025-07-16T01:39:33.942494+00:00", "symbol": "ETH-USD"}, {"trade_id": 667714709, "side": "buy", "size": "0.00303404", "price": "3142.63000000", "time": "2025-07-16T01:38:05.103494Z", "fetched_at": "2025-07-16T01:39:33.942494+00:00", "symbol": "ETH-USD"}, {"trade_id": 667714708, "side": "buy", "size": "0.00010000", "price": "3142.70000000", "time": "2025-07-16T01:38:05.103494Z", "fetched_at": "2025-07-16T01:39:33.942494+00:00", "symbol": "ETH-USD"}, {"trade_id": 667714707, "side": "buy", "size": "0.00100000", "price": "3142.80000000", "time": "2025-07-16T01:38:05.096323Z", "fetched_at": "2025-07-16T01:39:33.942494+00:00", "symbol": "ETH-USD"}, {"trade_id": 667714706, "side": "buy", "size": "0.00010000", "price": "3142.89000000", "time": "2025-07-16T01:38:05.096323Z", "fetched_at": "2025-07-16T01:39:33.942494+00:00", "symbol": "ETH-USD"}, {"trade_id": 667714705, "side": "buy", "size": "0.12264397", "price": "3143.00000000", "time": "2025-07-16T01:38:05.010008Z", "fetched_at": "2025-07-16T01:39:33.942494+00:00", "symbol": "ETH-USD"}, {"trade_id": 667714704, "side": "buy", "size": "0.86561690", "price": "3143.00000000", "time": "2025-07-16T01:38:05.010008Z", "fetched_at": "2025-07-16T01:39:33.942494+00:00", "symbol": "ETH-USD"}, {"trade_id": 667714703, "side": "buy", "size": "0.00728982", "price": "3143.00000000", "time": "2025-07-16T01:38:04.282140Z", "fetched_at": "2025-07-16T01:39:33.942494+00:00", "symbol": "ETH-USD"}, {"trade_id": 667714702, "side": "sell", "size": "0.00212514", "price": "3143.01000000", "time": "2025-07-16T01:38:04.077146Z", "fetched_at": "2025-07-16T01:39:33.942494+00:00", "symbol": "ETH-USD"}, {"trade_id": 667714701, "side": "buy", "size": "0.11959328", "price": "3143.00000000", "time": "2025-07-16T01:38:03.253037Z", "fetched_at": "2025-07-16T01:39:33.942494+00:00", "symbol": "ETH-USD"}, {"trade_id": 667714700, "side": "buy", "size": "0.00303368", "price": "3143.01000000", "time": "2025-07-16T01:38:03.253037Z", "fetched_at": "2025-07-16T01:39:33.942494+00:00", "symbol": "ETH-USD"}, {"trade_id": 667714699, "side": "buy", "size": "0.00358251", "price": "3143.04000000", "time": "2025-07-16T01:38:03.253037Z", "fetched_at": "2025-07-16T01:39:33.942494+00:00", "symbol": "ETH-USD"}, {"trade_id": 667714698, "side": "buy", "size": "0.00100000", "price": "3143.04000000", "time": "2025-07-16T01:38:03.253037Z", "fetched_at": "2025-07-16T01:39:33.942494+00:00", "symbol": "ETH-USD"}, {"trade_id": 667714697, "side": "buy", "size": "0.00180389", "price": "3143.20000000", "time": "2025-07-16T01:38:02.992547Z", "fetched_at": "2025-07-16T01:39:33.942494+00:00", "symbol": "ETH-USD"}, {"trade_id": 667714696, "side": "buy", "size": "0.00180071", "price": "3143.20000000", "time": "2025-07-16T01:38:02.992547Z", "fetched_at": "2025-07-16T01:39:33.942494+00:00", "symbol": "ETH-USD"}, {"trade_id": 667714695, "side": "buy", "size": "0.00043431", "price": "3143.20000000", "time": "2025-07-16T01:38:02.992547Z", "fetched_at": "2025-07-16T01:39:33.942494+00:00", "symbol": "ETH-USD"}, {"trade_id": 667714694, "side": "buy", "size": "0.00066878", "price": "3143.20000000", "time": "2025-07-16T01:38:02.088905Z", "fetched_at": "2025-07-16T01:39:33.942494+00:00", "symbol": "ETH-USD"}, {"trade_id": 667714693, "side": "sell", "size": "0.00172591", "price": "3143.47000000", "time": "2025-07-16T01:38:01.737035Z", "fetched_at": "2025-07-16T01:39:33.942494+00:00", "symbol": "ETH-USD"}, {"trade_id": 667714692, "side": "sell", "size": "0.00303341", "price": "3143.21000000", "time": "2025-07-16T01:38:01.737035Z", "fetched_at": "2025-07-16T01:39:33.942494+00:00", "symbol": "ETH-USD"}, {"trade_id": 667714691, "side": "sell", "size": "0.02845036", "price": "3143.44000000", "time": "2025-07-16T01:38:01.050461Z", "fetched_at": "2025-07-16T01:39:33.942494+00:00", "symbol": "ETH-USD"}, {"trade_id": 667714690, "side": "sell", "size": "0.00303318", "price": "3143.43000000", "time": "2025-07-16T01:38:01.050461Z", "fetched_at": "2025-07-16T01:39:33.942494+00:00", "symbol": "ETH-USD"}, {"trade_id": 667714689, "side": "sell", "size": "0.02372793", "price": "3143.54000000", "time": "2025-07-16T01:38:00.912158Z", "fetched_at": "2025-07-16T01:39:33.942494+00:00", "symbol": "ETH-USD"}, {"trade_id": 667714688, "side": "sell", "size": "0.00303318", "price": "3143.53000000", "time": "2025-07-16T01:38:00.912158Z", "fetched_at": "2025-07-16T01:39:33.942494+00:00", "symbol": "ETH-USD"}, {"trade_id": 667714687, "side": "buy", "size": "0.00100000", "price": "3143.28000000", "time": "2025-07-16T01:38:00.353296Z", "fetched_at": "2025-07-16T01:39:33.942494+00:00", "symbol": "ETH-USD"}, {"trade_id": 667714686, "side": "buy", "size": "0.00303337", "price": "3143.33000000", "time": "2025-07-16T01:38:00.202914Z", "fetched_at": "2025-07-16T01:39:33.942494+00:00", "symbol": "ETH-USD"}, {"trade_id": 667714685, "side": "buy", "size": "0.38578392", "price": "3143.33000000", "time": "2025-07-16T01:38:00.202914Z", "fetched_at": "2025-07-16T01:39:33.942494+00:00", "symbol": "ETH-USD"}, {"trade_id": 667714684, "side": "sell", "size": "0.01545218", "price": "3143.34000000", "time": "2025-07-16T01:38:00.107595Z", "fetched_at": "2025-07-16T01:39:33.942494+00:00", "symbol": "ETH-USD"}, {"trade_id": 667714683, "side": "buy", "size": "0.33667920", "price": "3143.36000000", "time": "2025-07-16T01:38:00.086653Z", "fetched_at": "2025-07-16T01:39:33.942494+00:00", "symbol": "ETH-USD"}, {"trade_id": 667714682, "side": "buy", "size": "0.04476665", "price": "3143.43000000", "time": "2025-07-16T01:38:00.086439Z", "fetched_at": "2025-07-16T01:39:33.942494+00:00", "symbol": "ETH-USD"}, {"trade_id": 667714681, "side": "buy", "size": "0.44301796", "price": "3143.43000000", "time": "2025-07-16T01:38:00.086427Z", "fetched_at": "2025-07-16T01:39:33.942494+00:00", "symbol": "ETH-USD"}, {"trade_id": 667714680, "side": "buy", "size": "0.04173347", "price": "3143.52000000", "time": "2025-07-16T01:38:00.086427Z", "fetched_at": "2025-07-16T01:39:33.942494+00:00", "symbol": "ETH-USD"}, {"trade_id": 667714679, "side": "buy", "size": "0.00303318", "price": "3143.52000000", "time": "2025-07-16T01:38:00.086427Z", "fetched_at": "2025-07-16T01:39:33.942494+00:00", "symbol": "ETH-USD"}, {"trade_id": 667714678, "side": "buy", "size": "0.00100000", "price": "3143.52000000", "time": "2025-07-16T01:38:00.086427Z", "fetched_at": "2025-07-16T01:39:33.942494+00:00", "symbol": "ETH-USD"}, {"trade_id": 667714677, "side": "sell", "size": "0.07921031", "price": "3143.53000000", "time": "2025-07-16T01:37:59.662047Z", "fetched_at": "2025-07-16T01:39:33.942494+00:00", "symbol": "ETH-USD"}, {"trade_id": 667714676, "side": "sell", "size": "0.11777842", "price": "3143.53000000", "time": "2025-07-16T01:37:58.928749Z", "fetched_at": "2025-07-16T01:39:33.942494+00:00", "symbol": "ETH-USD"}, {"trade_id": 667714675, "side": "buy", "size": "0.38407121", "price": "3143.66000000", "time": "2025-07-16T01:37:58.615443Z", "fetched_at": "2025-07-16T01:39:33.942494+00:00", "symbol": "ETH-USD"}, {"trade_id": 667714674, "side": "buy", "size": "0.00303304", "price": "3143.67000000", "time": "2025-07-16T01:37:58.615443Z", "fetched_at": "2025-07-16T01:39:33.942494+00:00", "symbol": "ETH-USD"}, {"trade_id": 667714673, "side": "buy", "size": "0.06467054", "price": "3143.78000000", "time": "2025-07-16T01:37:58.402460Z", "fetched_at": "2025-07-16T01:39:33.942494+00:00", "symbol": "ETH-USD"}, {"trade_id": 667714672, "side": "buy", "size": "0.02864364", "price": "3143.79000000", "time": "2025-07-16T01:37:58.402460Z", "fetched_at": "2025-07-16T01:39:33.942494+00:00", "symbol": "ETH-USD"}, {"trade_id": 667714671, "side": "buy", "size": "0.00303291", "price": "3143.80000000", "time": "2025-07-16T01:37:58.402460Z", "fetched_at": "2025-07-16T01:39:33.942494+00:00", "symbol": "ETH-USD"}, {"trade_id": 667714670, "side": "buy", "size": "0.00001272", "price": "3144.06000000", "time": "2025-07-16T01:37:58.402460Z", "fetched_at": "2025-07-16T01:39:33.942494+00:00", "symbol": "ETH-USD"}, {"trade_id": 667714669, "side": "sell", "size": "0.00125935", "price": "3144.13000000", "time": "2025-07-16T01:37:57.990681Z", "fetched_at": "2025-07-16T01:39:33.942494+00:00", "symbol": "ETH-USD"}, {"trade_id": 667714668, "side": "buy", "size": "0.04414366", "price": "3143.74000000", "time": "2025-07-16T01:37:56.609876Z", "fetched_at": "2025-07-16T01:39:33.942494+00:00", "symbol": "ETH-USD"}, {"trade_id": 667714667, "side": "buy", "size": "0.00303296", "price": "3143.75000000", "time": "2025-07-16T01:37:56.609876Z", "fetched_at": "2025-07-16T01:39:33.942494+00:00", "symbol": "ETH-USD"}, {"trade_id": 667714666, "side": "buy", "size": "0.00100000", "price": "3143.76000000", "time": "2025-07-16T01:37:56.609876Z", "fetched_at": "2025-07-16T01:39:33.942494+00:00", "symbol": "ETH-USD"}, {"trade_id": 667714665, "side": "buy", "size": "0.16340456", "price": "3144.15000000", "time": "2025-07-16T01:37:56.609876Z", "fetched_at": "2025-07-16T01:39:33.942494+00:00", "symbol": "ETH-USD"}, {"trade_id": 667714664, "side": "sell", "size": "0.07728274", "price": "3144.16000000", "time": "2025-07-16T01:37:56.226420Z", "fetched_at": "2025-07-16T01:39:33.942494+00:00", "symbol": "ETH-USD"}, {"trade_id": 667714663, "side": "sell", "size": "0.05993469", "price": "3144.42000000", "time": "2025-07-16T01:37:55.097306Z", "fetched_at": "2025-07-16T01:39:33.942494+00:00", "symbol": "ETH-USD"}, {"trade_id": 667714662, "side": "sell", "size": "0.00303240", "price": "3144.41000000", "time": "2025-07-16T01:37:55.097306Z", "fetched_at": "2025-07-16T01:39:33.942494+00:00", "symbol": "ETH-USD"}, {"trade_id": 667714661, "side": "buy", "size": "0.09405294", "price": "3144.15000000", "time": "2025-07-16T01:37:54.999528Z", "fetched_at": "2025-07-16T01:39:33.942494+00:00", "symbol": "ETH-USD"}, {"trade_id": 667714660, "side": "buy", "size": "0.00303257", "price": "3144.16000000", "time": "2025-07-16T01:37:54.999528Z", "fetched_at": "2025-07-16T01:39:33.942494+00:00", "symbol": "ETH-USD"}, {"trade_id": 667714659, "side": "sell", "size": "0.00169073", "price": "3144.44000000", "time": "2025-07-16T01:37:54.779260Z", "fetched_at": "2025-07-16T01:39:33.942494+00:00", "symbol": "ETH-USD"}, {"trade_id": 667714658, "side": "sell", "size": "0.00303237", "price": "3144.43000000", "time": "2025-07-16T01:37:54.779260Z", "fetched_at": "2025-07-16T01:39:33.942494+00:00", "symbol": "ETH-USD"}, {"trade_id": 667714657, "side": "buy", "size": "0.03661393", "price": "3144.15000000", "time": "2025-07-16T01:37:54.775613Z", "fetched_at": "2025-07-16T01:39:33.942494+00:00", "symbol": "ETH-USD"}, {"trade_id": 667714656, "side": "buy", "size": "0.00303257", "price": "3144.16000000", "time": "2025-07-16T01:37:54.775613Z", "fetched_at": "2025-07-16T01:39:33.942494+00:00", "symbol": "ETH-USD"}, {"trade_id": 667714655, "side": "buy", "size": "0.07371000", "price": "3144.15000000", "time": "2025-07-16T01:37:54.436181Z", "fetched_at": "2025-07-16T01:39:33.942494+00:00", "symbol": "ETH-USD"}, {"trade_id": 667714654, "side": "buy", "size": "0.00010000", "price": "3144.02000000", "time": "2025-07-16T01:37:54.399610Z", "fetched_at": "2025-07-16T01:39:33.942494+00:00", "symbol": "ETH-USD"}, {"trade_id": 667714653, "side": "buy", "size": "2.16636782", "price": "3143.83000000", "time": "2025-07-16T01:37:54.385926Z", "fetched_at": "2025-07-16T01:39:33.942494+00:00", "symbol": "ETH-USD"}, {"trade_id": 667714652, "side": "buy", "size": "0.06960576", "price": "3143.85000000", "time": "2025-07-16T01:37:54.385926Z", "fetched_at": "2025-07-16T01:39:33.942494+00:00", "symbol": "ETH-USD"}, {"trade_id": 667714651, "side": "buy", "size": "0.65202074", "price": "3143.91000000", "time": "2025-07-16T01:37:54.385407Z", "fetched_at": "2025-07-16T01:39:33.942494+00:00", "symbol": "ETH-USD"}, {"trade_id": 667714650, "side": "buy", "size": "0.32097486", "price": "3143.93000000", "time": "2025-07-16T01:37:54.385407Z", "fetched_at": "2025-07-16T01:39:33.942494+00:00", "symbol": "ETH-USD"}, {"trade_id": 667714649, "side": "buy", "size": "0.80164821", "price": "3143.95000000", "time": "2025-07-16T01:37:54.385407Z", "fetched_at": "2025-07-16T01:39:33.942494+00:00", "symbol": "ETH-USD"}, {"trade_id": 667714648, "side": "buy", "size": "1.15561547", "price": "3143.96000000", "time": "2025-07-16T01:37:54.385407Z", "fetched_at": "2025-07-16T01:39:33.942494+00:00", "symbol": "ETH-USD"}, {"trade_id": 667714647, "side": "buy", "size": "0.09084868", "price": "3143.97000000", "time": "2025-07-16T01:37:54.385407Z", "fetched_at": "2025-07-16T01:39:33.942494+00:00", "symbol": "ETH-USD"}, {"trade_id": 667714646, "side": "buy", "size": "0.15903286", "price": "3144.00000000", "time": "2025-07-16T01:37:54.385407Z", "fetched_at": "2025-07-16T01:39:33.942494+00:00", "symbol": "ETH-USD"}, {"trade_id": 667714645, "side": "buy", "size": "0.00100000", "price": "3144.00000000", "time": "2025-07-16T01:37:54.385407Z", "fetched_at": "2025-07-16T01:39:33.942494+00:00", "symbol": "ETH-USD"}, {"trade_id": 667714644, "side": "buy", "size": "0.48773497", "price": "3144.01000000", "time": "2025-07-16T01:37:54.385407Z", "fetched_at": "2025-07-16T01:39:33.942494+00:00", "symbol": "ETH-USD"}, {"trade_id": 667714643, "side": "buy", "size": "0.15900421", "price": "3144.08000000", "time": "2025-07-16T01:37:54.385327Z", "fetched_at": "2025-07-16T01:39:33.942494+00:00", "symbol": "ETH-USD"}, {"trade_id": 667714642, "side": "buy", "size": "0.10000000", "price": "3144.09000000", "time": "2025-07-16T01:37:54.385327Z", "fetched_at": "2025-07-16T01:39:33.942494+00:00", "symbol": "ETH-USD"}, {"trade_id": 667714641, "side": "buy", "size": "0.48406322", "price": "3144.15000000", "time": "2025-07-16T01:37:54.385327Z", "fetched_at": "2025-07-16T01:39:33.942494+00:00", "symbol": "ETH-USD"}, {"trade_id": 667714640, "side": "buy", "size": "0.00303257", "price": "3144.16000000", "time": "2025-07-16T01:37:54.385327Z", "fetched_at": "2025-07-16T01:39:33.942494+00:00", "symbol": "ETH-USD"}, {"trade_id": 667714639, "side": "sell", "size": "0.02787269", "price": "3144.50000000", "time": "2025-07-16T01:37:53.862082Z", "fetched_at": "2025-07-16T01:39:33.942494+00:00", "symbol": "ETH-USD"}, {"trade_id": 667714638, "side": "sell", "size": "0.00303244", "price": "3144.49000000", "time": "2025-07-16T01:37:53.862082Z", "fetched_at": "2025-07-16T01:39:33.942494+00:00", "symbol": "ETH-USD"}, {"trade_id": 667714637, "side": "buy", "size": "0.01293548", "price": "3144.15000000", "time": "2025-07-16T01:37:53.708370Z", "fetched_at": "2025-07-16T01:39:33.942494+00:00", "symbol": "ETH-USD"}, {"trade_id": 667714636, "side": "buy", "size": "0.00303257", "price": "3144.16000000", "time": "2025-07-16T01:37:53.708370Z", "fetched_at": "2025-07-16T01:39:33.942494+00:00", "symbol": "ETH-USD"}, {"trade_id": 667714635, "side": "buy", "size": "0.00010000", "price": "3144.16000000", "time": "2025-07-16T01:37:53.695365Z", "fetched_at": "2025-07-16T01:39:33.942494+00:00", "symbol": "ETH-USD"}, {"trade_id": 667714634, "side": "sell", "size": "0.01241899", "price": "3144.50000000", "time": "2025-07-16T01:37:53.471021Z", "fetched_at": "2025-07-16T01:39:33.942494+00:00", "symbol": "ETH-USD"}, {"trade_id": 667714633, "side": "sell", "size": "0.00303244", "price": "3144.49000000", "time": "2025-07-16T01:37:53.471021Z", "fetched_at": "2025-07-16T01:39:33.942494+00:00", "symbol": "ETH-USD"}, {"trade_id": 667714632, "side": "buy", "size": "0.09696747", "price": "3144.16000000", "time": "2025-07-16T01:37:52.942863Z", "fetched_at": "2025-07-16T01:39:33.942494+00:00", "symbol": "ETH-USD"}, {"trade_id": 667714631, "side": "buy", "size": "0.00303253", "price": "3144.20000000", "time": "2025-07-16T01:37:52.942863Z", "fetched_at": "2025-07-16T01:39:33.942494+00:00", "symbol": "ETH-USD"}, {"trade_id": 667714630, "side": "sell", "size": "0.03148214", "price": "3144.50000000", "time": "2025-07-16T01:37:52.424334Z", "fetched_at": "2025-07-16T01:39:33.942494+00:00", "symbol": "ETH-USD"}, {"trade_id": 667714629, "side": "sell", "size": "0.00438853", "price": "3144.50000000", "time": "2025-07-16T01:37:52.418366Z", "fetched_at": "2025-07-16T01:39:33.942494+00:00", "symbol": "ETH-USD"}, {"trade_id": 667714628, "side": "sell", "size": "0.00303240", "price": "3144.49000000", "time": "2025-07-16T01:37:52.418366Z", "fetched_at": "2025-07-16T01:39:33.942494+00:00", "symbol": "ETH-USD"}, {"trade_id": 667714627, "side": "sell", "size": "0.00044972", "price": "3144.29000000", "time": "2025-07-16T01:37:52.418366Z", "fetched_at": "2025-07-16T01:39:33.942494+00:00", "symbol": "ETH-USD"}, {"trade_id": 667714626, "side": "sell", "size": "0.01545212", "price": "3144.29000000", "time": "2025-07-16T01:37:52.223624Z", "fetched_at": "2025-07-16T01:39:33.942494+00:00", "symbol": "ETH-USD"}, {"trade_id": 667714625, "side": "sell", "size": "0.09049629", "price": "3144.49000000", "time": "2025-07-16T01:37:51.426423Z", "fetched_at": "2025-07-16T01:39:33.942494+00:00", "symbol": "ETH-USD"}, {"trade_id": 667714624, "side": "sell", "size": "0.02787009", "price": "3144.50000000", "time": "2025-07-16T01:37:51.208373Z", "fetched_at": "2025-07-16T01:39:33.942494+00:00", "symbol": "ETH-USD"}, {"trade_id": 667714623, "side": "sell", "size": "0.00303241", "price": "3144.49000000", "time": "2025-07-16T01:37:51.208373Z", "fetched_at": "2025-07-16T01:39:33.942494+00:00", "symbol": "ETH-USD"}