[{"trade_id": 667684513, "side": "sell", "size": "0.00150200", "price": "3131.70000000", "time": "2025-07-16T00:23:23.510893Z", "fetched_at": "2025-07-16T00:23:24.964934+00:00", "symbol": "ETH-USD"}, {"trade_id": 667684512, "side": "sell", "size": "0.01202579", "price": "3131.72000000", "time": "2025-07-16T00:23:23.442641Z", "fetched_at": "2025-07-16T00:23:24.964934+00:00", "symbol": "ETH-USD"}, {"trade_id": 667684511, "side": "sell", "size": "0.00319385", "price": "3131.37000000", "time": "2025-07-16T00:23:23.442641Z", "fetched_at": "2025-07-16T00:23:24.964934+00:00", "symbol": "ETH-USD"}, {"trade_id": 667684510, "side": "sell", "size": "0.00005588", "price": "3131.37000000", "time": "2025-07-16T00:23:23.442641Z", "fetched_at": "2025-07-16T00:23:24.964934+00:00", "symbol": "ETH-USD"}, {"trade_id": 667684509, "side": "sell", "size": "0.00024003", "price": "3131.37000000", "time": "2025-07-16T00:23:23.442641Z", "fetched_at": "2025-07-16T00:23:24.964934+00:00", "symbol": "ETH-USD"}, {"trade_id": 667684508, "side": "sell", "size": "0.00158077", "price": "3131.37000000", "time": "2025-07-16T00:23:22.738770Z", "fetched_at": "2025-07-16T00:23:24.964934+00:00", "symbol": "ETH-USD"}, {"trade_id": 667684507, "side": "sell", "size": "0.24269000", "price": "3131.53000000", "time": "2025-07-16T00:23:20.815008Z", "fetched_at": "2025-07-16T00:23:24.964934+00:00", "symbol": "ETH-USD"}, {"trade_id": 667684506, "side": "buy", "size": "0.16251000", "price": "3131.48000000", "time": "2025-07-16T00:23:20.811371Z", "fetched_at": "2025-07-16T00:23:24.964934+00:00", "symbol": "ETH-USD"}, {"trade_id": 667684505, "side": "sell", "size": "0.63230630", "price": "3131.70000000", "time": "2025-07-16T00:23:20.806111Z", "fetched_at": "2025-07-16T00:23:24.964934+00:00", "symbol": "ETH-USD"}, {"trade_id": 667684504, "side": "sell", "size": "0.49936535", "price": "3131.69000000", "time": "2025-07-16T00:23:20.806111Z", "fetched_at": "2025-07-16T00:23:24.964934+00:00", "symbol": "ETH-USD"}, {"trade_id": 667684503, "side": "sell", "size": "0.00010000", "price": "3131.66000000", "time": "2025-07-16T00:23:20.806111Z", "fetched_at": "2025-07-16T00:23:24.964934+00:00", "symbol": "ETH-USD"}, {"trade_id": 667684502, "side": "sell", "size": "0.30000000", "price": "3131.55000000", "time": "2025-07-16T00:23:20.806111Z", "fetched_at": "2025-07-16T00:23:24.964934+00:00", "symbol": "ETH-USD"}, {"trade_id": 667684501, "side": "sell", "size": "0.53751765", "price": "3131.55000000", "time": "2025-07-16T00:23:20.803119Z", "fetched_at": "2025-07-16T00:23:24.964934+00:00", "symbol": "ETH-USD"}, {"trade_id": 667684500, "side": "sell", "size": "0.30000000", "price": "3131.54000000", "time": "2025-07-16T00:23:20.803119Z", "fetched_at": "2025-07-16T00:23:24.964934+00:00", "symbol": "ETH-USD"}, {"trade_id": 667684499, "side": "sell", "size": "0.32632345", "price": "3131.52000000", "time": "2025-07-16T00:23:20.803119Z", "fetched_at": "2025-07-16T00:23:24.964934+00:00", "symbol": "ETH-USD"}, {"trade_id": 667684498, "side": "sell", "size": "0.04854005", "price": "3131.48000000", "time": "2025-07-16T00:23:20.803119Z", "fetched_at": "2025-07-16T00:23:24.964934+00:00", "symbol": "ETH-USD"}, {"trade_id": 667684497, "side": "sell", "size": "0.79835246", "price": "3131.45000000", "time": "2025-07-16T00:23:20.799502Z", "fetched_at": "2025-07-16T00:23:24.964934+00:00", "symbol": "ETH-USD"}, {"trade_id": 667684496, "side": "sell", "size": "0.00319372", "price": "3131.31000000", "time": "2025-07-16T00:23:20.799502Z", "fetched_at": "2025-07-16T00:23:24.964934+00:00", "symbol": "ETH-USD"}, {"trade_id": 667684495, "side": "sell", "size": "0.15967808", "price": "3131.30000000", "time": "2025-07-16T00:23:20.799502Z", "fetched_at": "2025-07-16T00:23:24.964934+00:00", "symbol": "ETH-USD"}, {"trade_id": 667684494, "side": "buy", "size": "2.02537234", "price": "3131.48000000", "time": "2025-07-16T00:23:20.785276Z", "fetched_at": "2025-07-16T00:23:24.964934+00:00", "symbol": "ETH-USD"}, {"trade_id": 667684493, "side": "buy", "size": "0.18705766", "price": "3131.48000000", "time": "2025-07-16T00:23:20.771808Z", "fetched_at": "2025-07-16T00:23:24.964934+00:00", "symbol": "ETH-USD"}, {"trade_id": 667684492, "side": "sell", "size": "0.60375039", "price": "3131.51000000", "time": "2025-07-16T00:23:20.764156Z", "fetched_at": "2025-07-16T00:23:24.964934+00:00", "symbol": "ETH-USD"}, {"trade_id": 667684491, "side": "sell", "size": "0.00047923", "price": "3131.45000000", "time": "2025-07-16T00:23:20.764156Z", "fetched_at": "2025-07-16T00:23:24.964934+00:00", "symbol": "ETH-USD"}, {"trade_id": 667684490, "side": "sell", "size": "0.79835772", "price": "3131.43000000", "time": "2025-07-16T00:23:20.764156Z", "fetched_at": "2025-07-16T00:23:24.964934+00:00", "symbol": "ETH-USD"}, {"trade_id": 667684489, "side": "sell", "size": "0.38032001", "price": "3131.43000000", "time": "2025-07-16T00:23:20.764156Z", "fetched_at": "2025-07-16T00:23:24.964934+00:00", "symbol": "ETH-USD"}, {"trade_id": 667684488, "side": "sell", "size": "1.32844710", "price": "3131.42000000", "time": "2025-07-16T00:23:20.764156Z", "fetched_at": "2025-07-16T00:23:24.964934+00:00", "symbol": "ETH-USD"}, {"trade_id": 667684487, "side": "sell", "size": "0.00010000", "price": "3131.40000000", "time": "2025-07-16T00:23:20.764156Z", "fetched_at": "2025-07-16T00:23:24.964934+00:00", "symbol": "ETH-USD"}, {"trade_id": 667684486, "side": "sell", "size": "0.30428031", "price": "3131.32000000", "time": "2025-07-16T00:23:20.760223Z", "fetched_at": "2025-07-16T00:23:24.964934+00:00", "symbol": "ETH-USD"}, {"trade_id": 667684485, "side": "sell", "size": "0.34372644", "price": "3131.29000000", "time": "2025-07-16T00:23:20.760223Z", "fetched_at": "2025-07-16T00:23:24.964934+00:00", "symbol": "ETH-USD"}, {"trade_id": 667684484, "side": "sell", "size": "0.15967962", "price": "3131.27000000", "time": "2025-07-16T00:23:20.760223Z", "fetched_at": "2025-07-16T00:23:24.964934+00:00", "symbol": "ETH-USD"}, {"trade_id": 667684483, "side": "sell", "size": "0.27148416", "price": "3131.27000000", "time": "2025-07-16T00:23:20.760223Z", "fetched_at": "2025-07-16T00:23:24.964934+00:00", "symbol": "ETH-USD"}, {"trade_id": 667684482, "side": "sell", "size": "0.00010334", "price": "3131.25000000", "time": "2025-07-16T00:23:20.760223Z", "fetched_at": "2025-07-16T00:23:24.964934+00:00", "symbol": "ETH-USD"}, {"trade_id": 667684481, "side": "sell", "size": "0.06044754", "price": "3131.19000000", "time": "2025-07-16T00:23:20.323990Z", "fetched_at": "2025-07-16T00:23:24.964934+00:00", "symbol": "ETH-USD"}, {"trade_id": 667684480, "side": "sell", "size": "0.00161338", "price": "3131.03000000", "time": "2025-07-16T00:23:20.323990Z", "fetched_at": "2025-07-16T00:23:24.964934+00:00", "symbol": "ETH-USD"}, {"trade_id": 667684479, "side": "buy", "size": "0.14893588", "price": "3131.00000000", "time": "2025-07-16T00:23:20.173864Z", "fetched_at": "2025-07-16T00:23:24.964934+00:00", "symbol": "ETH-USD"}, {"trade_id": 667684478, "side": "buy", "size": "0.00084089", "price": "3131.02000000", "time": "2025-07-16T00:23:20.173864Z", "fetched_at": "2025-07-16T00:23:24.964934+00:00", "symbol": "ETH-USD"}, {"trade_id": 667684477, "side": "buy", "size": "0.54333799", "price": "3131.02000000", "time": "2025-07-16T00:23:20.173864Z", "fetched_at": "2025-07-16T00:23:24.964934+00:00", "symbol": "ETH-USD"}, {"trade_id": 667684476, "side": "buy", "size": "0.94500000", "price": "3131.02000000", "time": "2025-07-16T00:23:20.173864Z", "fetched_at": "2025-07-16T00:23:24.964934+00:00", "symbol": "ETH-USD"}, {"trade_id": 667684475, "side": "sell", "size": "0.00158061", "price": "3131.03000000", "time": "2025-07-16T00:23:19.824723Z", "fetched_at": "2025-07-16T00:23:24.964934+00:00", "symbol": "ETH-USD"}, {"trade_id": 667684474, "side": "sell", "size": "0.00150158", "price": "3131.19000000", "time": "2025-07-16T00:23:19.500697Z", "fetched_at": "2025-07-16T00:23:24.964934+00:00", "symbol": "ETH-USD"}, {"trade_id": 667684473, "side": "sell", "size": "0.00094851", "price": "3131.19000000", "time": "2025-07-16T00:23:19.239669Z", "fetched_at": "2025-07-16T00:23:24.964934+00:00", "symbol": "ETH-USD"}, {"trade_id": 667684472, "side": "sell", "size": "0.55403945", "price": "3131.19000000", "time": "2025-07-16T00:23:19.078767Z", "fetched_at": "2025-07-16T00:23:24.964934+00:00", "symbol": "ETH-USD"}, {"trade_id": 667684471, "side": "sell", "size": "0.15968369", "price": "3131.19000000", "time": "2025-07-16T00:23:19.078767Z", "fetched_at": "2025-07-16T00:23:24.964934+00:00", "symbol": "ETH-USD"}, {"trade_id": 667684470, "side": "sell", "size": "0.01264597", "price": "3131.24000000", "time": "2025-07-16T00:23:18.660847Z", "fetched_at": "2025-07-16T00:23:24.964934+00:00", "symbol": "ETH-USD"}, {"trade_id": 667684469, "side": "sell", "size": "0.00421178", "price": "3131.27000000", "time": "2025-07-16T00:23:18.245547Z", "fetched_at": "2025-07-16T00:23:24.964934+00:00", "symbol": "ETH-USD"}, {"trade_id": 667684468, "side": "sell", "size": "0.00024004", "price": "3131.26000000", "time": "2025-07-16T00:23:18.245547Z", "fetched_at": "2025-07-16T00:23:24.964934+00:00", "symbol": "ETH-USD"}, {"trade_id": 667684467, "side": "sell", "size": "0.00011177", "price": "3131.26000000", "time": "2025-07-16T00:23:18.245547Z", "fetched_at": "2025-07-16T00:23:24.964934+00:00", "symbol": "ETH-USD"}, {"trade_id": 667684466, "side": "sell", "size": "0.00319412", "price": "3130.89000000", "time": "2025-07-16T00:23:18.245547Z", "fetched_at": "2025-07-16T00:23:24.964934+00:00", "symbol": "ETH-USD"}, {"trade_id": 667684465, "side": "sell", "size": "0.00629022", "price": "3131.20000000", "time": "2025-07-16T00:23:17.801829Z", "fetched_at": "2025-07-16T00:23:24.964934+00:00", "symbol": "ETH-USD"}, {"trade_id": 667684464, "side": "sell", "size": "0.00319412", "price": "3130.89000000", "time": "2025-07-16T00:23:17.801829Z", "fetched_at": "2025-07-16T00:23:24.964934+00:00", "symbol": "ETH-USD"}, {"trade_id": 667684463, "side": "sell", "size": "0.00195205", "price": "3131.27000000", "time": "2025-07-16T00:23:17.424918Z", "fetched_at": "2025-07-16T00:23:24.964934+00:00", "symbol": "ETH-USD"}, {"trade_id": 667684462, "side": "sell", "size": "0.00010000", "price": "3131.15000000", "time": "2025-07-16T00:23:17.424918Z", "fetched_at": "2025-07-16T00:23:24.964934+00:00", "symbol": "ETH-USD"}, {"trade_id": 667684461, "side": "sell", "size": "0.00024002", "price": "3131.06000000", "time": "2025-07-16T00:23:17.424918Z", "fetched_at": "2025-07-16T00:23:24.964934+00:00", "symbol": "ETH-USD"}, {"trade_id": 667684460, "side": "buy", "size": "0.22427775", "price": "3130.76000000", "time": "2025-07-16T00:23:17.036942Z", "fetched_at": "2025-07-16T00:23:24.964934+00:00", "symbol": "ETH-USD"}, {"trade_id": 667684459, "side": "sell", "size": "0.01498490", "price": "3130.82000000", "time": "2025-07-16T00:23:15.777199Z", "fetched_at": "2025-07-16T00:23:24.964934+00:00", "symbol": "ETH-USD"}, {"trade_id": 667684458, "side": "sell", "size": "0.00037287", "price": "3130.81000000", "time": "2025-07-16T00:23:15.777199Z", "fetched_at": "2025-07-16T00:23:24.964934+00:00", "symbol": "ETH-USD"}, {"trade_id": 667684457, "side": "sell", "size": "0.02966294", "price": "3130.93000000", "time": "2025-07-16T00:23:15.565522Z", "fetched_at": "2025-07-16T00:23:24.964934+00:00", "symbol": "ETH-USD"}, {"trade_id": 667684456, "side": "sell", "size": "0.00037287", "price": "3130.92000000", "time": "2025-07-16T00:23:15.565522Z", "fetched_at": "2025-07-16T00:23:24.964934+00:00", "symbol": "ETH-USD"}, {"trade_id": 667684455, "side": "buy", "size": "0.02859094", "price": "3130.48000000", "time": "2025-07-16T00:23:15.564499Z", "fetched_at": "2025-07-16T00:23:24.964934+00:00", "symbol": "ETH-USD"}, {"trade_id": 667684454, "side": "buy", "size": "0.00195331", "price": "3130.49000000", "time": "2025-07-16T00:23:15.564499Z", "fetched_at": "2025-07-16T00:23:24.964934+00:00", "symbol": "ETH-USD"}, {"trade_id": 667684453, "side": "buy", "size": "0.00100000", "price": "3130.53000000", "time": "2025-07-16T00:23:15.564499Z", "fetched_at": "2025-07-16T00:23:24.964934+00:00", "symbol": "ETH-USD"}, {"trade_id": 667684452, "side": "buy", "size": "0.00039000", "price": "3130.64000000", "time": "2025-07-16T00:23:15.564499Z", "fetched_at": "2025-07-16T00:23:24.964934+00:00", "symbol": "ETH-USD"}, {"trade_id": 667684451, "side": "sell", "size": "0.03161473", "price": "3130.82000000", "time": "2025-07-16T00:23:15.317213Z", "fetched_at": "2025-07-16T00:23:24.964934+00:00", "symbol": "ETH-USD"}, {"trade_id": 667684450, "side": "sell", "size": "0.12171483", "price": "3130.93000000", "time": "2025-07-16T00:23:15.028267Z", "fetched_at": "2025-07-16T00:23:24.964934+00:00", "symbol": "ETH-USD"}, {"trade_id": 667684449, "side": "sell", "size": "0.03734346", "price": "3130.92000000", "time": "2025-07-16T00:23:15.028267Z", "fetched_at": "2025-07-16T00:23:24.964934+00:00", "symbol": "ETH-USD"}, {"trade_id": 667684448, "side": "sell", "size": "0.00126786", "price": "3130.91000000", "time": "2025-07-16T00:23:14.618603Z", "fetched_at": "2025-07-16T00:23:24.964934+00:00", "symbol": "ETH-USD"}, {"trade_id": 667684447, "side": "sell", "size": "0.04971420", "price": "3130.92000000", "time": "2025-07-16T00:23:14.542751Z", "fetched_at": "2025-07-16T00:23:24.964934+00:00", "symbol": "ETH-USD"}, {"trade_id": 667684446, "side": "sell", "size": "0.01294234", "price": "3130.92000000", "time": "2025-07-16T00:23:14.542751Z", "fetched_at": "2025-07-16T00:23:24.964934+00:00", "symbol": "ETH-USD"}, {"trade_id": 667684445, "side": "sell", "size": "0.08705766", "price": "3130.92000000", "time": "2025-07-16T00:23:14.515431Z", "fetched_at": "2025-07-16T00:23:24.964934+00:00", "symbol": "ETH-USD"}, {"trade_id": 667684444, "side": "sell", "size": "0.06568719", "price": "3130.89000000", "time": "2025-07-16T00:23:14.515431Z", "fetched_at": "2025-07-16T00:23:24.964934+00:00", "symbol": "ETH-USD"}, {"trade_id": 667684443, "side": "sell", "size": "0.00243771", "price": "3130.88000000", "time": "2025-07-16T00:23:14.515431Z", "fetched_at": "2025-07-16T00:23:24.964934+00:00", "symbol": "ETH-USD"}, {"trade_id": 667684442, "side": "sell", "size": "0.00151485", "price": "3130.93000000", "time": "2025-07-16T00:23:13.957413Z", "fetched_at": "2025-07-16T00:23:24.964934+00:00", "symbol": "ETH-USD"}, {"trade_id": 667684441, "side": "sell", "size": "0.01346752", "price": "3130.96000000", "time": "2025-07-16T00:23:13.696585Z", "fetched_at": "2025-07-16T00:23:24.964934+00:00", "symbol": "ETH-USD"}, {"trade_id": 667684440, "side": "sell", "size": "0.00224118", "price": "3130.95000000", "time": "2025-07-16T00:23:13.696585Z", "fetched_at": "2025-07-16T00:23:24.964934+00:00", "symbol": "ETH-USD"}, {"trade_id": 667684439, "side": "sell", "size": "0.00010335", "price": "3130.93000000", "time": "2025-07-16T00:23:13.696585Z", "fetched_at": "2025-07-16T00:23:24.964934+00:00", "symbol": "ETH-USD"}, {"trade_id": 667684438, "side": "sell", "size": "0.10302345", "price": "3130.96000000", "time": "2025-07-16T00:23:12.841422Z", "fetched_at": "2025-07-16T00:23:24.964934+00:00", "symbol": "ETH-USD"}, {"trade_id": 667684437, "side": "sell", "size": "0.10000000", "price": "3130.95000000", "time": "2025-07-16T00:23:12.841422Z", "fetched_at": "2025-07-16T00:23:24.964934+00:00", "symbol": "ETH-USD"}, {"trade_id": 667684436, "side": "sell", "size": "0.47539922", "price": "3130.95000000", "time": "2025-07-16T00:23:12.841422Z", "fetched_at": "2025-07-16T00:23:24.964934+00:00", "symbol": "ETH-USD"}, {"trade_id": 667684435, "side": "sell", "size": "0.00249232", "price": "3130.94000000", "time": "2025-07-16T00:23:12.841422Z", "fetched_at": "2025-07-16T00:23:24.964934+00:00", "symbol": "ETH-USD"}, {"trade_id": 667684434, "side": "sell", "size": "0.00252128", "price": "3130.57000000", "time": "2025-07-16T00:23:11.892704Z", "fetched_at": "2025-07-16T00:23:24.964934+00:00", "symbol": "ETH-USD"}, {"trade_id": 667684433, "side": "sell", "size": "0.00139173", "price": "3130.32000000", "time": "2025-07-16T00:23:11.698770Z", "fetched_at": "2025-07-16T00:23:24.964934+00:00", "symbol": "ETH-USD"}, {"trade_id": 667684432, "side": "sell", "size": "0.58699411", "price": "3130.32000000", "time": "2025-07-16T00:23:11.698770Z", "fetched_at": "2025-07-16T00:23:24.964934+00:00", "symbol": "ETH-USD"}, {"trade_id": 667684431, "side": "sell", "size": "0.00139173", "price": "3129.83000000", "time": "2025-07-16T00:23:11.529255Z", "fetched_at": "2025-07-16T00:23:24.964934+00:00", "symbol": "ETH-USD"}, {"trade_id": 667684430, "side": "buy", "size": "0.00100000", "price": "3130.53000000", "time": "2025-07-16T00:23:11.355733Z", "fetched_at": "2025-07-16T00:23:24.964934+00:00", "symbol": "ETH-USD"}, {"trade_id": 667684429, "side": "buy", "size": "0.00312007", "price": "3130.55000000", "time": "2025-07-16T00:23:11.355733Z", "fetched_at": "2025-07-16T00:23:24.964934+00:00", "symbol": "ETH-USD"}, {"trade_id": 667684428, "side": "buy", "size": "1.34921763", "price": "3130.19000000", "time": "2025-07-16T00:23:11.347115Z", "fetched_at": "2025-07-16T00:23:24.964934+00:00", "symbol": "ETH-USD"}, {"trade_id": 667684427, "side": "buy", "size": "0.33349429", "price": "3130.67000000", "time": "2025-07-16T00:23:11.347115Z", "fetched_at": "2025-07-16T00:23:24.964934+00:00", "symbol": "ETH-USD"}, {"trade_id": 667684426, "side": "buy", "size": "4.18069693", "price": "3129.77000000", "time": "2025-07-16T00:23:11.345396Z", "fetched_at": "2025-07-16T00:23:24.964934+00:00", "symbol": "ETH-USD"}, {"trade_id": 667684425, "side": "buy", "size": "0.00100000", "price": "3129.84000000", "time": "2025-07-16T00:23:11.345396Z", "fetched_at": "2025-07-16T00:23:24.964934+00:00", "symbol": "ETH-USD"}, {"trade_id": 667684424, "side": "buy", "size": "0.05130512", "price": "3129.88000000", "time": "2025-07-16T00:23:11.344515Z", "fetched_at": "2025-07-16T00:23:24.964934+00:00", "symbol": "ETH-USD"}, {"trade_id": 667684423, "side": "buy", "size": "0.04752200", "price": "3129.91000000", "time": "2025-07-16T00:23:11.344222Z", "fetched_at": "2025-07-16T00:23:24.964934+00:00", "symbol": "ETH-USD"}, {"trade_id": 667684422, "side": "buy", "size": "0.03945428", "price": "3129.92000000", "time": "2025-07-16T00:23:11.344222Z", "fetched_at": "2025-07-16T00:23:24.964934+00:00", "symbol": "ETH-USD"}, {"trade_id": 667684421, "side": "buy", "size": "0.00047909", "price": "3129.96000000", "time": "2025-07-16T00:23:11.344222Z", "fetched_at": "2025-07-16T00:23:24.964934+00:00", "symbol": "ETH-USD"}, {"trade_id": 667684420, "side": "buy", "size": "0.90358743", "price": "3130.04000000", "time": "2025-07-16T00:23:11.344222Z", "fetched_at": "2025-07-16T00:23:24.964934+00:00", "symbol": "ETH-USD"}, {"trade_id": 667684419, "side": "buy", "size": "0.19641257", "price": "3130.04000000", "time": "2025-07-16T00:23:11.344190Z", "fetched_at": "2025-07-16T00:23:24.964934+00:00", "symbol": "ETH-USD"}, {"trade_id": 667684418, "side": "buy", "size": "1.09619366", "price": "3130.06000000", "time": "2025-07-16T00:23:11.344190Z", "fetched_at": "2025-07-16T00:23:24.964934+00:00", "symbol": "ETH-USD"}, {"trade_id": 667684417, "side": "buy", "size": "0.00100000", "price": "3130.07000000", "time": "2025-07-16T00:23:11.344190Z", "fetched_at": "2025-07-16T00:23:24.964934+00:00", "symbol": "ETH-USD"}, {"trade_id": 667684416, "side": "buy", "size": "0.00063000", "price": "3130.07000000", "time": "2025-07-16T00:23:11.344190Z", "fetched_at": "2025-07-16T00:23:24.964934+00:00", "symbol": "ETH-USD"}, {"trade_id": 667684415, "side": "buy", "size": "0.78478450", "price": "3130.10000000", "time": "2025-07-16T00:23:11.344086Z", "fetched_at": "2025-07-16T00:23:24.964934+00:00", "symbol": "ETH-USD"}, {"trade_id": 667684414, "side": "buy", "size": "0.50613155", "price": "3130.10000000", "time": "2025-07-16T00:23:11.344067Z", "fetched_at": "2025-07-16T00:23:24.964934+00:00", "symbol": "ETH-USD"}, {"trade_id": 667684413, "side": "buy", "size": "0.01278000", "price": "3130.18000000", "time": "2025-07-16T00:23:11.344067Z", "fetched_at": "2025-07-16T00:23:24.964934+00:00", "symbol": "ETH-USD"}, {"trade_id": 667684412, "side": "buy", "size": "0.94500000", "price": "3130.18000000", "time": "2025-07-16T00:23:11.344067Z", "fetched_at": "2025-07-16T00:23:24.964934+00:00", "symbol": "ETH-USD"}, {"trade_id": 667684411, "side": "buy", "size": "0.04842393", "price": "3130.18000000", "time": "2025-07-16T00:23:11.344067Z", "fetched_at": "2025-07-16T00:23:24.964934+00:00", "symbol": "ETH-USD"}, {"trade_id": 667684410, "side": "buy", "size": "0.68548818", "price": "3130.25000000", "time": "2025-07-16T00:23:11.344067Z", "fetched_at": "2025-07-16T00:23:24.964934+00:00", "symbol": "ETH-USD"}, {"trade_id": 667684409, "side": "buy", "size": "0.11316975", "price": "3130.25000000", "time": "2025-07-16T00:23:11.343863Z", "fetched_at": "2025-07-16T00:23:24.964934+00:00", "symbol": "ETH-USD"}, {"trade_id": 667684408, "side": "buy", "size": "0.47919476", "price": "3130.26000000", "time": "2025-07-16T00:23:11.343863Z", "fetched_at": "2025-07-16T00:23:24.964934+00:00", "symbol": "ETH-USD"}, {"trade_id": 667684407, "side": "buy", "size": "0.00100000", "price": "3130.30000000", "time": "2025-07-16T00:23:11.343863Z", "fetched_at": "2025-07-16T00:23:24.964934+00:00", "symbol": "ETH-USD"}, {"trade_id": 667684406, "side": "buy", "size": "0.81376964", "price": "3130.42000000", "time": "2025-07-16T00:23:11.343863Z", "fetched_at": "2025-07-16T00:23:24.964934+00:00", "symbol": "ETH-USD"}, {"trade_id": 667684405, "side": "buy", "size": "0.00100000", "price": "3130.53000000", "time": "2025-07-16T00:23:11.343863Z", "fetched_at": "2025-07-16T00:23:24.964934+00:00", "symbol": "ETH-USD"}, {"trade_id": 667684404, "side": "buy", "size": "0.06211946", "price": "3130.54000000", "time": "2025-07-16T00:23:11.343863Z", "fetched_at": "2025-07-16T00:23:24.964934+00:00", "symbol": "ETH-USD"}, {"trade_id": 667684403, "side": "buy", "size": "0.88288054", "price": "3130.54000000", "time": "2025-07-16T00:23:11.343670Z", "fetched_at": "2025-07-16T00:23:24.964934+00:00", "symbol": "ETH-USD"}, {"trade_id": 667684402, "side": "buy", "size": "0.79858171", "price": "3130.55000000", "time": "2025-07-16T00:23:11.343670Z", "fetched_at": "2025-07-16T00:23:24.964934+00:00", "symbol": "ETH-USD"}, {"trade_id": 667684401, "side": "buy", "size": "1.59896263", "price": "3130.56000000", "time": "2025-07-16T00:23:11.343670Z", "fetched_at": "2025-07-16T00:23:24.964934+00:00", "symbol": "ETH-USD"}, {"trade_id": 667684400, "side": "buy", "size": "0.06311944", "price": "3130.57000000", "time": "2025-07-16T00:23:11.343670Z", "fetched_at": "2025-07-16T00:23:24.964934+00:00", "symbol": "ETH-USD"}, {"trade_id": 667684399, "side": "buy", "size": "0.00100000", "price": "3130.76000000", "time": "2025-07-16T00:23:11.343670Z", "fetched_at": "2025-07-16T00:23:24.964934+00:00", "symbol": "ETH-USD"}, {"trade_id": 667684398, "side": "buy", "size": "0.00000002", "price": "3131.02000000", "time": "2025-07-16T00:23:11.343670Z", "fetched_at": "2025-07-16T00:23:24.964934+00:00", "symbol": "ETH-USD"}, {"trade_id": 667684397, "side": "buy", "size": "0.38334838", "price": "3131.02000000", "time": "2025-07-16T00:23:11.342898Z", "fetched_at": "2025-07-16T00:23:24.964934+00:00", "symbol": "ETH-USD"}, {"trade_id": 667684396, "side": "buy", "size": "0.00311959", "price": "3131.03000000", "time": "2025-07-16T00:23:11.342898Z", "fetched_at": "2025-07-16T00:23:24.964934+00:00", "symbol": "ETH-USD"}, {"trade_id": 667684395, "side": "sell", "size": "0.01373723", "price": "3131.71000000", "time": "2025-07-16T00:23:10.599155Z", "fetched_at": "2025-07-16T00:23:24.964934+00:00", "symbol": "ETH-USD"}, {"trade_id": 667684394, "side": "sell", "size": "0.00141037", "price": "3131.43000000", "time": "2025-07-16T00:23:10.599155Z", "fetched_at": "2025-07-16T00:23:24.964934+00:00", "symbol": "ETH-USD"}, {"trade_id": 667684393, "side": "sell", "size": "0.00077735", "price": "3131.71000000", "time": "2025-07-16T00:23:09.927612Z", "fetched_at": "2025-07-16T00:23:24.964934+00:00", "symbol": "ETH-USD"}, {"trade_id": 667684392, "side": "sell", "size": "0.00142928", "price": "3131.33000000", "time": "2025-07-16T00:23:09.927612Z", "fetched_at": "2025-07-16T00:23:24.964934+00:00", "symbol": "ETH-USD"}, {"trade_id": 667684391, "side": "sell", "size": "0.02825159", "price": "3131.68000000", "time": "2025-07-16T00:23:09.738616Z", "fetched_at": "2025-07-16T00:23:24.964934+00:00", "symbol": "ETH-USD"}, {"trade_id": 667684390, "side": "sell", "size": "0.00144841", "price": "3131.30000000", "time": "2025-07-16T00:23:09.738616Z", "fetched_at": "2025-07-16T00:23:24.964934+00:00", "symbol": "ETH-USD"}, {"trade_id": 667684389, "side": "sell", "size": "0.15317980", "price": "3131.68000000", "time": "2025-07-16T00:23:09.547925Z", "fetched_at": "2025-07-16T00:23:24.964934+00:00", "symbol": "ETH-USD"}, {"trade_id": 667684388, "side": "sell", "size": "0.00100000", "price": "3131.68000000", "time": "2025-07-16T00:23:09.547925Z", "fetched_at": "2025-07-16T00:23:24.964934+00:00", "symbol": "ETH-USD"}, {"trade_id": 667684387, "side": "sell", "size": "0.00100000", "price": "3131.45000000", "time": "2025-07-16T00:23:09.547925Z", "fetched_at": "2025-07-16T00:23:24.964934+00:00", "symbol": "ETH-USD"}, {"trade_id": 667684386, "side": "sell", "size": "0.00013954", "price": "3131.22000000", "time": "2025-07-16T00:23:09.547925Z", "fetched_at": "2025-07-16T00:23:24.964934+00:00", "symbol": "ETH-USD"}, {"trade_id": 667684385, "side": "sell", "size": "0.00187970", "price": "3131.22000000", "time": "2025-07-16T00:23:09.547925Z", "fetched_at": "2025-07-16T00:23:24.964934+00:00", "symbol": "ETH-USD"}, {"trade_id": 667684384, "side": "sell", "size": "0.00024001", "price": "3131.22000000", "time": "2025-07-16T00:23:09.547925Z", "fetched_at": "2025-07-16T00:23:24.964934+00:00", "symbol": "ETH-USD"}, {"trade_id": 667684383, "side": "sell", "size": "0.00005589", "price": "3131.22000000", "time": "2025-07-16T00:23:09.547925Z", "fetched_at": "2025-07-16T00:23:24.964934+00:00", "symbol": "ETH-USD"}, {"trade_id": 667684382, "side": "sell", "size": "0.00007538", "price": "3131.22000000", "time": "2025-07-16T00:23:09.547925Z", "fetched_at": "2025-07-16T00:23:24.964934+00:00", "symbol": "ETH-USD"}, {"trade_id": 667684381, "side": "buy", "size": "1.58481987", "price": "3130.18000000", "time": "2025-07-16T00:23:07.603165Z", "fetched_at": "2025-07-16T00:23:24.964934+00:00", "symbol": "ETH-USD"}, {"trade_id": 667684380, "side": "buy", "size": "4.79000436", "price": "3130.24000000", "time": "2025-07-16T00:23:07.603165Z", "fetched_at": "2025-07-16T00:23:24.964934+00:00", "symbol": "ETH-USD"}, {"trade_id": 667684379, "side": "buy", "size": "0.59254010", "price": "3130.24000000", "time": "2025-07-16T00:23:07.603165Z", "fetched_at": "2025-07-16T00:23:24.964934+00:00", "symbol": "ETH-USD"}, {"trade_id": 667684378, "side": "buy", "size": "0.00100000", "price": "3130.30000000", "time": "2025-07-16T00:23:07.603165Z", "fetched_at": "2025-07-16T00:23:24.964934+00:00", "symbol": "ETH-USD"}, {"trade_id": 667684377, "side": "buy", "size": "0.63134023", "price": "3130.35000000", "time": "2025-07-16T00:23:07.603165Z", "fetched_at": "2025-07-16T00:23:24.964934+00:00", "symbol": "ETH-USD"}, {"trade_id": 667684376, "side": "buy", "size": "2.82948711", "price": "3130.40000000", "time": "2025-07-16T00:23:07.603165Z", "fetched_at": "2025-07-16T00:23:24.964934+00:00", "symbol": "ETH-USD"}, {"trade_id": 667684375, "side": "buy", "size": "0.35612406", "price": "3130.40000000", "time": "2025-07-16T00:23:07.603165Z", "fetched_at": "2025-07-16T00:23:24.964934+00:00", "symbol": "ETH-USD"}, {"trade_id": 667684374, "side": "buy", "size": "0.81539709", "price": "3130.42000000", "time": "2025-07-16T00:23:07.603165Z", "fetched_at": "2025-07-16T00:23:24.964934+00:00", "symbol": "ETH-USD"}, {"trade_id": 667684373, "side": "buy", "size": "0.73474851", "price": "3130.47000000", "time": "2025-07-16T00:23:07.603165Z", "fetched_at": "2025-07-16T00:23:24.964934+00:00", "symbol": "ETH-USD"}, {"trade_id": 667684372, "side": "buy", "size": "0.79859757", "price": "3130.48000000", "time": "2025-07-16T00:23:07.603165Z", "fetched_at": "2025-07-16T00:23:24.964934+00:00", "symbol": "ETH-USD"}, {"trade_id": 667684371, "side": "buy", "size": "1.40924590", "price": "3130.49000000", "time": "2025-07-16T00:23:07.603165Z", "fetched_at": "2025-07-16T00:23:24.964934+00:00", "symbol": "ETH-USD"}, {"trade_id": 667684370, "side": "buy", "size": "0.42247000", "price": "3130.52000000", "time": "2025-07-16T00:23:07.603165Z", "fetched_at": "2025-07-16T00:23:24.964934+00:00", "symbol": "ETH-USD"}, {"trade_id": 667684369, "side": "buy", "size": "0.00100000", "price": "3130.53000000", "time": "2025-07-16T00:23:07.603165Z", "fetched_at": "2025-07-16T00:23:24.964934+00:00", "symbol": "ETH-USD"}, {"trade_id": 667684368, "side": "buy", "size": "0.08109015", "price": "3130.54000000", "time": "2025-07-16T00:23:07.603165Z", "fetched_at": "2025-07-16T00:23:24.964934+00:00", "symbol": "ETH-USD"}, {"trade_id": 667684367, "side": "buy", "size": "0.02895556", "price": "3130.55000000", "time": "2025-07-16T00:23:07.603165Z", "fetched_at": "2025-07-16T00:23:24.964934+00:00", "symbol": "ETH-USD"}, {"trade_id": 667684366, "side": "buy", "size": "0.23986971", "price": "3130.59000000", "time": "2025-07-16T00:23:07.603165Z", "fetched_at": "2025-07-16T00:23:24.964934+00:00", "symbol": "ETH-USD"}, {"trade_id": 667684365, "side": "buy", "size": "0.31238631", "price": "3130.60000000", "time": "2025-07-16T00:23:07.603165Z", "fetched_at": "2025-07-16T00:23:24.964934+00:00", "symbol": "ETH-USD"}, {"trade_id": 667684364, "side": "buy", "size": "0.15966850", "price": "3130.64000000", "time": "2025-07-16T00:23:07.603165Z", "fetched_at": "2025-07-16T00:23:24.964934+00:00", "symbol": "ETH-USD"}, {"trade_id": 667684363, "side": "buy", "size": "0.40838364", "price": "3130.67000000", "time": "2025-07-16T00:23:07.603165Z", "fetched_at": "2025-07-16T00:23:24.964934+00:00", "symbol": "ETH-USD"}, {"trade_id": 667684362, "side": "buy", "size": "0.07095961", "price": "3130.67000000", "time": "2025-07-16T00:23:07.603165Z", "fetched_at": "2025-07-16T00:23:24.964934+00:00", "symbol": "ETH-USD"}, {"trade_id": 667684361, "side": "buy", "size": "0.10641747", "price": "3130.71000000", "time": "2025-07-16T00:23:07.603165Z", "fetched_at": "2025-07-16T00:23:24.964934+00:00", "symbol": "ETH-USD"}, {"trade_id": 667684360, "side": "buy", "size": "1.29564328", "price": "3130.73000000", "time": "2025-07-16T00:23:07.603165Z", "fetched_at": "2025-07-16T00:23:24.964934+00:00", "symbol": "ETH-USD"}, {"trade_id": 667684359, "side": "buy", "size": "0.80868798", "price": "3130.74000000", "time": "2025-07-16T00:23:07.603165Z", "fetched_at": "2025-07-16T00:23:24.964934+00:00", "symbol": "ETH-USD"}, {"trade_id": 667684358, "side": "buy", "size": "0.02030338", "price": "3130.75000000", "time": "2025-07-16T00:23:07.603165Z", "fetched_at": "2025-07-16T00:23:24.964934+00:00", "symbol": "ETH-USD"}, {"trade_id": 667684357, "side": "buy", "size": "0.02029292", "price": "3130.76000000", "time": "2025-07-16T00:23:07.603165Z", "fetched_at": "2025-07-16T00:23:24.964934+00:00", "symbol": "ETH-USD"}, {"trade_id": 667684356, "side": "buy", "size": "0.53033636", "price": "3130.80000000", "time": "2025-07-16T00:23:07.603165Z", "fetched_at": "2025-07-16T00:23:24.964934+00:00", "symbol": "ETH-USD"}, {"trade_id": 667684355, "side": "buy", "size": "0.06716991", "price": "3130.81000000", "time": "2025-07-16T00:23:07.603165Z", "fetched_at": "2025-07-16T00:23:24.964934+00:00", "symbol": "ETH-USD"}, {"trade_id": 667684354, "side": "buy", "size": "0.15970065", "price": "3130.85000000", "time": "2025-07-16T00:23:07.603165Z", "fetched_at": "2025-07-16T00:23:24.964934+00:00", "symbol": "ETH-USD"}, {"trade_id": 667684353, "side": "buy", "size": "0.31900153", "price": "3130.87000000", "time": "2025-07-16T00:23:07.603165Z", "fetched_at": "2025-07-16T00:23:24.964934+00:00", "symbol": "ETH-USD"}, {"trade_id": 667684352, "side": "buy", "size": "1.47079444", "price": "3130.87000000", "time": "2025-07-16T00:23:07.603165Z", "fetched_at": "2025-07-16T00:23:24.964934+00:00", "symbol": "ETH-USD"}, {"trade_id": 667684351, "side": "buy", "size": "0.79849422", "price": "3130.89000000", "time": "2025-07-16T00:23:07.603165Z", "fetched_at": "2025-07-16T00:23:24.964934+00:00", "symbol": "ETH-USD"}, {"trade_id": 667684350, "side": "buy", "size": "0.63698521", "price": "3130.93000000", "time": "2025-07-16T00:23:07.603165Z", "fetched_at": "2025-07-16T00:23:24.964934+00:00", "symbol": "ETH-USD"}, {"trade_id": 667684349, "side": "buy", "size": "0.00772556", "price": "3130.98000000", "time": "2025-07-16T00:23:07.603165Z", "fetched_at": "2025-07-16T00:23:24.964934+00:00", "symbol": "ETH-USD"}, {"trade_id": 667684348, "side": "buy", "size": "0.94500000", "price": "3130.98000000", "time": "2025-07-16T00:23:07.603165Z", "fetched_at": "2025-07-16T00:23:24.964934+00:00", "symbol": "ETH-USD"}, {"trade_id": 667684347, "side": "buy", "size": "5.00000000", "price": "3131.00000000", "time": "2025-07-16T00:23:07.603165Z", "fetched_at": "2025-07-16T00:23:24.964934+00:00", "symbol": "ETH-USD"}, {"trade_id": 667684346, "side": "buy", "size": "4.19827178", "price": "3131.01000000", "time": "2025-07-16T00:23:07.603165Z", "fetched_at": "2025-07-16T00:23:24.964934+00:00", "symbol": "ETH-USD"}, {"trade_id": 667684345, "side": "buy", "size": "0.36681482", "price": "3131.02000000", "time": "2025-07-16T00:23:07.603165Z", "fetched_at": "2025-07-16T00:23:24.964934+00:00", "symbol": "ETH-USD"}, {"trade_id": 667684344, "side": "buy", "size": "0.10000000", "price": "3131.03000000", "time": "2025-07-16T00:23:07.603165Z", "fetched_at": "2025-07-16T00:23:24.964934+00:00", "symbol": "ETH-USD"}, {"trade_id": 667684343, "side": "buy", "size": "0.00319383", "price": "3131.04000000", "time": "2025-07-16T00:23:07.603165Z", "fetched_at": "2025-07-16T00:23:24.964934+00:00", "symbol": "ETH-USD"}, {"trade_id": 667684342, "side": "buy", "size": "0.58110654", "price": "3131.21000000", "time": "2025-07-16T00:23:07.603165Z", "fetched_at": "2025-07-16T00:23:24.964934+00:00", "symbol": "ETH-USD"}, {"trade_id": 667684341, "side": "buy", "size": "0.10000000", "price": "3131.21000000", "time": "2025-07-16T00:23:07.603165Z", "fetched_at": "2025-07-16T00:23:24.964934+00:00", "symbol": "ETH-USD"}, {"trade_id": 667684340, "side": "sell", "size": "0.00092462", "price": "3131.22000000", "time": "2025-07-16T00:23:06.127013Z", "fetched_at": "2025-07-16T00:23:24.964934+00:00", "symbol": "ETH-USD"}, {"trade_id": 667684339, "side": "buy", "size": "0.00012342", "price": "3131.21000000", "time": "2025-07-16T00:23:05.275890Z", "fetched_at": "2025-07-16T00:23:24.964934+00:00", "symbol": "ETH-USD"}, {"trade_id": 667684338, "side": "sell", "size": "0.00100000", "price": "3130.99000000", "time": "2025-07-16T00:23:04.880824Z", "fetched_at": "2025-07-16T00:23:24.964934+00:00", "symbol": "ETH-USD"}, {"trade_id": 667684337, "side": "buy", "size": "0.01195678", "price": "3130.98000000", "time": "2025-07-16T00:23:04.240656Z", "fetched_at": "2025-07-16T00:23:24.964934+00:00", "symbol": "ETH-USD"}, {"trade_id": 667684336, "side": "sell", "size": "0.15970406", "price": "3130.80000000", "time": "2025-07-16T00:23:03.030107Z", "fetched_at": "2025-07-16T00:23:24.964934+00:00", "symbol": "ETH-USD"}, {"trade_id": 667684335, "side": "sell", "size": "0.00100000", "price": "3130.76000000", "time": "2025-07-16T00:23:03.030107Z", "fetched_at": "2025-07-16T00:23:24.964934+00:00", "symbol": "ETH-USD"}, {"trade_id": 667684334, "side": "sell", "size": "0.19999194", "price": "3130.74000000", "time": "2025-07-16T00:23:03.030107Z", "fetched_at": "2025-07-16T00:23:24.964934+00:00", "symbol": "ETH-USD"}, {"trade_id": 667684333, "side": "sell", "size": "0.33825709", "price": "3130.65000000", "time": "2025-07-16T00:23:03.026047Z", "fetched_at": "2025-07-16T00:23:24.964934+00:00", "symbol": "ETH-USD"}, {"trade_id": 667684332, "side": "sell", "size": "0.00096285", "price": "3130.54000000", "time": "2025-07-16T00:23:03.026047Z", "fetched_at": "2025-07-16T00:23:24.964934+00:00", "symbol": "ETH-USD"}, {"trade_id": 667684331, "side": "sell", "size": "0.00024002", "price": "3130.54000000", "time": "2025-07-16T00:23:03.026047Z", "fetched_at": "2025-07-16T00:23:24.964934+00:00", "symbol": "ETH-USD"}, {"trade_id": 667684330, "side": "sell", "size": "0.00005589", "price": "3130.54000000", "time": "2025-07-16T00:23:03.026047Z", "fetched_at": "2025-07-16T00:23:24.964934+00:00", "symbol": "ETH-USD"}, {"trade_id": 667684329, "side": "sell", "size": "0.00014262", "price": "3130.54000000", "time": "2025-07-16T00:23:03.026047Z", "fetched_at": "2025-07-16T00:23:24.964934+00:00", "symbol": "ETH-USD"}, {"trade_id": 667684328, "side": "buy", "size": "0.33772796", "price": "3130.40000000", "time": "2025-07-16T00:23:02.573259Z", "fetched_at": "2025-07-16T00:23:24.964934+00:00", "symbol": "ETH-USD"}, {"trade_id": 667684327, "side": "buy", "size": "0.50527510", "price": "3130.57000000", "time": "2025-07-16T00:23:00.706353Z", "fetched_at": "2025-07-16T00:23:24.964934+00:00", "symbol": "ETH-USD"}, {"trade_id": 667684326, "side": "buy", "size": "0.94500000", "price": "3130.57000000", "time": "2025-07-16T00:23:00.706353Z", "fetched_at": "2025-07-16T00:23:24.964934+00:00", "symbol": "ETH-USD"}, {"trade_id": 667684325, "side": "buy", "size": "0.00322637", "price": "3130.56000000", "time": "2025-07-16T00:22:59.729478Z", "fetched_at": "2025-07-16T00:23:24.964934+00:00", "symbol": "ETH-USD"}, {"trade_id": 667684324, "side": "sell", "size": "0.01200703", "price": "3130.65000000", "time": "2025-07-16T00:22:59.512141Z", "fetched_at": "2025-07-16T00:23:24.964934+00:00", "symbol": "ETH-USD"}, {"trade_id": 667684323, "side": "sell", "size": "0.00319465", "price": "3130.64000000", "time": "2025-07-16T00:22:59.512141Z", "fetched_at": "2025-07-16T00:23:24.964934+00:00", "symbol": "ETH-USD"}, {"trade_id": 667684322, "side": "sell", "size": "0.00002790", "price": "3130.64000000", "time": "2025-07-16T00:22:59.512141Z", "fetched_at": "2025-07-16T00:23:24.964934+00:00", "symbol": "ETH-USD"}, {"trade_id": 667684321, "side": "sell", "size": "0.00024191", "price": "3130.41000000", "time": "2025-07-16T00:22:59.512141Z", "fetched_at": "2025-07-16T00:23:24.964934+00:00", "symbol": "ETH-USD"}, {"trade_id": 667684320, "side": "sell", "size": "0.00005631", "price": "3130.41000000", "time": "2025-07-16T00:22:59.512141Z", "fetched_at": "2025-07-16T00:23:24.964934+00:00", "symbol": "ETH-USD"}, {"trade_id": 667684319, "side": "buy", "size": "0.00010000", "price": "3130.08000000", "time": "2025-07-16T00:22:58.226558Z", "fetched_at": "2025-07-16T00:23:24.964934+00:00", "symbol": "ETH-USD"}, {"trade_id": 667684318, "side": "buy", "size": "0.00010000", "price": "3130.07000000", "time": "2025-07-16T00:22:57.549053Z", "fetched_at": "2025-07-16T00:23:24.964934+00:00", "symbol": "ETH-USD"}, {"trade_id": 667684317, "side": "buy", "size": "0.66347171", "price": "3129.75000000", "time": "2025-07-16T00:22:56.869586Z", "fetched_at": "2025-07-16T00:23:24.964934+00:00", "symbol": "ETH-USD"}, {"trade_id": 667684316, "side": "buy", "size": "0.12780879", "price": "3129.76000000", "time": "2025-07-16T00:22:56.869586Z", "fetched_at": "2025-07-16T00:23:24.964934+00:00", "symbol": "ETH-USD"}, {"trade_id": 667684315, "side": "buy", "size": "1.75336602", "price": "3129.76000000", "time": "2025-07-16T00:22:56.869586Z", "fetched_at": "2025-07-16T00:23:24.964934+00:00", "symbol": "ETH-USD"}, {"trade_id": 667684314, "side": "buy", "size": "0.73498095", "price": "3129.78000000", "time": "2025-07-16T00:22:56.869586Z", "fetched_at": "2025-07-16T00:23:24.964934+00:00", "symbol": "ETH-USD"}, {"trade_id": 667684313, "side": "buy", "size": "0.13576517", "price": "3129.79000000", "time": "2025-07-16T00:22:56.869586Z", "fetched_at": "2025-07-16T00:23:24.964934+00:00", "symbol": "ETH-USD"}, {"trade_id": 667684312, "side": "buy", "size": "0.00100000", "price": "3129.84000000", "time": "2025-07-16T00:22:56.869586Z", "fetched_at": "2025-07-16T00:23:24.964934+00:00", "symbol": "ETH-USD"}, {"trade_id": 667684311, "side": "buy", "size": "0.61941029", "price": "3129.88000000", "time": "2025-07-16T00:22:56.869586Z", "fetched_at": "2025-07-16T00:23:24.964934+00:00", "symbol": "ETH-USD"}, {"trade_id": 667684310, "side": "buy", "size": "0.15974922", "price": "3129.90000000", "time": "2025-07-16T00:22:56.869586Z", "fetched_at": "2025-07-16T00:23:24.964934+00:00", "symbol": "ETH-USD"}, {"trade_id": 667684309, "side": "buy", "size": "0.13163959", "price": "3129.92000000", "time": "2025-07-16T00:22:56.869586Z", "fetched_at": "2025-07-16T00:23:24.964934+00:00", "symbol": "ETH-USD"}, {"trade_id": 667684308, "side": "buy", "size": "0.80901791", "price": "3129.95000000", "time": "2025-07-16T00:22:56.869586Z", "fetched_at": "2025-07-16T00:23:24.964934+00:00", "symbol": "ETH-USD"}, {"trade_id": 667684307, "side": "buy", "size": "0.60076004", "price": "3130.03000000", "time": "2025-07-16T00:22:56.869586Z", "fetched_at": "2025-07-16T00:23:24.964934+00:00", "symbol": "ETH-USD"}, {"trade_id": 667684306, "side": "buy", "size": "0.94500000", "price": "3130.05000000", "time": "2025-07-16T00:22:56.869586Z", "fetched_at": "2025-07-16T00:23:24.964934+00:00", "symbol": "ETH-USD"}, {"trade_id": 667684305, "side": "buy", "size": "0.74411019", "price": "3130.05000000", "time": "2025-07-16T00:22:56.869586Z", "fetched_at": "2025-07-16T00:23:24.964934+00:00", "symbol": "ETH-USD"}, {"trade_id": 667684304, "side": "buy", "size": "1.37131664", "price": "3130.06000000", "time": "2025-07-16T00:22:56.869586Z", "fetched_at": "2025-07-16T00:23:24.964934+00:00", "symbol": "ETH-USD"}, {"trade_id": 667684303, "side": "buy", "size": "0.16390447", "price": "3130.07000000", "time": "2025-07-16T00:22:56.869586Z", "fetched_at": "2025-07-16T00:23:24.964934+00:00", "symbol": "ETH-USD"}, {"trade_id": 667684302, "side": "buy", "size": "0.08014630", "price": "3130.08000000", "time": "2025-07-16T00:22:56.869586Z", "fetched_at": "2025-07-16T00:23:24.964934+00:00", "symbol": "ETH-USD"}, {"trade_id": 667684301, "side": "buy", "size": "0.00319480", "price": "3130.09000000", "time": "2025-07-16T00:22:56.869586Z", "fetched_at": "2025-07-16T00:23:24.964934+00:00", "symbol": "ETH-USD"}, {"trade_id": 667684300, "side": "buy", "size": "0.00030000", "price": "3130.37000000", "time": "2025-07-16T00:22:56.869586Z", "fetched_at": "2025-07-16T00:23:24.964934+00:00", "symbol": "ETH-USD"}, {"trade_id": 667684299, "side": "sell", "size": "0.01196074", "price": "3130.63000000", "time": "2025-07-16T00:22:55.727604Z", "fetched_at": "2025-07-16T00:23:24.964934+00:00", "symbol": "ETH-USD"}, {"trade_id": 667684298, "side": "sell", "size": "0.00319438", "price": "3130.62000000", "time": "2025-07-16T00:22:55.727604Z", "fetched_at": "2025-07-16T00:23:24.964934+00:00", "symbol": "ETH-USD"}, {"trade_id": 667684297, "side": "buy", "size": "0.00010000", "price": "3130.37000000", "time": "2025-07-16T00:22:55.510284Z", "fetched_at": "2025-07-16T00:23:24.964934+00:00", "symbol": "ETH-USD"}, {"trade_id": 667684296, "side": "sell", "size": "0.00160441", "price": "3130.65000000", "time": "2025-07-16T00:22:54.758025Z", "fetched_at": "2025-07-16T00:23:24.964934+00:00", "symbol": "ETH-USD"}, {"trade_id": 667684295, "side": "sell", "size": "0.00139846", "price": "3130.64000000", "time": "2025-07-16T00:22:54.758025Z", "fetched_at": "2025-07-16T00:23:24.964934+00:00", "symbol": "ETH-USD"}, {"trade_id": 667684294, "side": "sell", "size": "0.00010335", "price": "3130.53000000", "time": "2025-07-16T00:22:54.758025Z", "fetched_at": "2025-07-16T00:23:24.964934+00:00", "symbol": "ETH-USD"}, {"trade_id": 667684293, "side": "sell", "size": "0.02913781", "price": "3130.65000000", "time": "2025-07-16T00:22:54.678783Z", "fetched_at": "2025-07-16T00:23:24.964934+00:00", "symbol": "ETH-USD"}, {"trade_id": 667684292, "side": "sell", "size": "0.00139846", "price": "3130.64000000", "time": "2025-07-16T00:22:54.678783Z", "fetched_at": "2025-07-16T00:23:24.964934+00:00", "symbol": "ETH-USD"}, {"trade_id": 667684291, "side": "sell", "size": "0.00010334", "price": "3130.53000000", "time": "2025-07-16T00:22:54.678783Z", "fetched_at": "2025-07-16T00:23:24.964934+00:00", "symbol": "ETH-USD"}, {"trade_id": 667684290, "side": "sell", "size": "0.00100000", "price": "3130.53000000", "time": "2025-07-16T00:22:54.678783Z", "fetched_at": "2025-07-16T00:23:24.964934+00:00", "symbol": "ETH-USD"}, {"trade_id": 667684289, "side": "buy", "size": "0.00756355", "price": "3130.45000000", "time": "2025-07-16T00:22:53.110451Z", "fetched_at": "2025-07-16T00:23:24.964934+00:00", "symbol": "ETH-USD"}, {"trade_id": 667684288, "side": "buy", "size": "0.01623000", "price": "3130.30000000", "time": "2025-07-16T00:22:52.531188Z", "fetched_at": "2025-07-16T00:23:24.964934+00:00", "symbol": "ETH-USD"}, {"trade_id": 667684287, "side": "sell", "size": "0.79861846", "price": "3130.41000000", "time": "2025-07-16T00:22:52.518886Z", "fetched_at": "2025-07-16T00:23:24.964934+00:00", "symbol": "ETH-USD"}, {"trade_id": 667684286, "side": "sell", "size": "0.79381311", "price": "3130.41000000", "time": "2025-07-16T00:22:52.518886Z", "fetched_at": "2025-07-16T00:23:24.964934+00:00", "symbol": "ETH-USD"}, {"trade_id": 667684285, "side": "sell", "size": "0.78534306", "price": "3130.37000000", "time": "2025-07-16T00:22:52.518886Z", "fetched_at": "2025-07-16T00:23:24.964934+00:00", "symbol": "ETH-USD"}, {"trade_id": 667684284, "side": "sell", "size": "0.00100000", "price": "3130.30000000", "time": "2025-07-16T00:22:52.514731Z", "fetched_at": "2025-07-16T00:23:24.964934+00:00", "symbol": "ETH-USD"}, {"trade_id": 667684283, "side": "sell", "size": "0.60811209", "price": "3130.21000000", "time": "2025-07-16T00:22:52.514731Z", "fetched_at": "2025-07-16T00:23:24.964934+00:00", "symbol": "ETH-USD"}, {"trade_id": 667684282, "side": "sell", "size": "0.32660585", "price": "3130.20000000", "time": "2025-07-16T00:22:52.514731Z", "fetched_at": "2025-07-16T00:23:24.964934+00:00", "symbol": "ETH-USD"}, {"trade_id": 667684281, "side": "sell", "size": "0.64701057", "price": "3130.19000000", "time": "2025-07-16T00:22:52.514731Z", "fetched_at": "2025-07-16T00:23:24.964934+00:00", "symbol": "ETH-USD"}, {"trade_id": 667684280, "side": "sell", "size": "0.30000000", "price": "3130.18000000", "time": "2025-07-16T00:22:52.514731Z", "fetched_at": "2025-07-16T00:23:24.964934+00:00", "symbol": "ETH-USD"}, {"trade_id": 667684279, "side": "sell", "size": "0.79868120", "price": "3130.17000000", "time": "2025-07-16T00:22:52.514514Z", "fetched_at": "2025-07-16T00:23:24.964934+00:00", "symbol": "ETH-USD"}, {"trade_id": 667684278, "side": "sell", "size": "0.24269000", "price": "3130.15000000", "time": "2025-07-16T00:22:52.514514Z", "fetched_at": "2025-07-16T00:23:24.964934+00:00", "symbol": "ETH-USD"}, {"trade_id": 667684277, "side": "sell", "size": "0.00100000", "price": "3130.07000000", "time": "2025-07-16T00:22:52.514514Z", "fetched_at": "2025-07-16T00:23:24.964934+00:00", "symbol": "ETH-USD"}, {"trade_id": 667684276, "side": "sell", "size": "0.00005546", "price": "3130.05000000", "time": "2025-07-16T00:22:52.514514Z", "fetched_at": "2025-07-16T00:23:24.964934+00:00", "symbol": "ETH-USD"}, {"trade_id": 667684275, "side": "sell", "size": "0.00023813", "price": "3130.05000000", "time": "2025-07-16T00:22:52.514514Z", "fetched_at": "2025-07-16T00:23:24.964934+00:00", "symbol": "ETH-USD"}, {"trade_id": 667684274, "side": "sell", "size": "0.15974403", "price": "3130.01000000", "time": "2025-07-16T00:22:52.514514Z", "fetched_at": "2025-07-16T00:23:24.964934+00:00", "symbol": "ETH-USD"}, {"trade_id": 667684273, "side": "sell", "size": "0.33739679", "price": "3130.00000000", "time": "2025-07-16T00:22:52.514514Z", "fetched_at": "2025-07-16T00:23:24.964934+00:00", "symbol": "ETH-USD"}, {"trade_id": 667684272, "side": "sell", "size": "0.07250784", "price": "3129.99000000", "time": "2025-07-16T00:22:52.514514Z", "fetched_at": "2025-07-16T00:23:24.964934+00:00", "symbol": "ETH-USD"}, {"trade_id": 667684271, "side": "sell", "size": "0.34209414", "price": "3129.97000000", "time": "2025-07-16T00:22:52.419662Z", "fetched_at": "2025-07-16T00:23:24.964934+00:00", "symbol": "ETH-USD"}, {"trade_id": 667684270, "side": "sell", "size": "0.15974678", "price": "3129.96000000", "time": "2025-07-16T00:22:52.419662Z", "fetched_at": "2025-07-16T00:23:24.964934+00:00", "symbol": "ETH-USD"}, {"trade_id": 667684269, "side": "sell", "size": "0.30000000", "price": "3129.70000000", "time": "2025-07-16T00:22:52.411550Z", "fetched_at": "2025-07-16T00:23:24.964934+00:00", "symbol": "ETH-USD"}, {"trade_id": 667684268, "side": "sell", "size": "0.00319544", "price": "3129.69000000", "time": "2025-07-16T00:22:52.411550Z", "fetched_at": "2025-07-16T00:23:24.964934+00:00", "symbol": "ETH-USD"}, {"trade_id": 667684267, "side": "sell", "size": "0.00015226", "price": "3129.46000000", "time": "2025-07-16T00:22:52.411532Z", "fetched_at": "2025-07-16T00:23:24.964934+00:00", "symbol": "ETH-USD"}, {"trade_id": 667684266, "side": "sell", "size": "0.00065397", "price": "3129.46000000", "time": "2025-07-16T00:22:52.411532Z", "fetched_at": "2025-07-16T00:23:24.964934+00:00", "symbol": "ETH-USD"}, {"trade_id": 667684265, "side": "sell", "size": "0.00010334", "price": "3129.46000000", "time": "2025-07-16T00:22:52.411532Z", "fetched_at": "2025-07-16T00:23:24.964934+00:00", "symbol": "ETH-USD"}, {"trade_id": 667684264, "side": "sell", "size": "0.01061722", "price": "3129.91000000", "time": "2025-07-16T00:22:47.652311Z", "fetched_at": "2025-07-16T00:23:24.964934+00:00", "symbol": "ETH-USD"}, {"trade_id": 667684263, "side": "sell", "size": "0.00319572", "price": "3129.90000000", "time": "2025-07-16T00:22:47.652311Z", "fetched_at": "2025-07-16T00:23:24.964934+00:00", "symbol": "ETH-USD"}, {"trade_id": 667684262, "side": "sell", "size": "0.00100000", "price": "3129.84000000", "time": "2025-07-16T00:22:47.652311Z", "fetched_at": "2025-07-16T00:23:24.964934+00:00", "symbol": "ETH-USD"}, {"trade_id": 667684261, "side": "sell", "size": "0.00016196", "price": "3129.74000000", "time": "2025-07-16T00:22:47.652311Z", "fetched_at": "2025-07-16T00:23:24.964934+00:00", "symbol": "ETH-USD"}, {"trade_id": 667684260, "side": "sell", "size": "0.00100000", "price": "3129.61000000", "time": "2025-07-16T00:22:47.652311Z", "fetched_at": "2025-07-16T00:23:24.964934+00:00", "symbol": "ETH-USD"}, {"trade_id": 667684259, "side": "sell", "size": "0.30000000", "price": "3129.20000000", "time": "2025-07-16T00:22:47.185844Z", "fetched_at": "2025-07-16T00:23:24.964934+00:00", "symbol": "ETH-USD"}, {"trade_id": 667684258, "side": "sell", "size": "0.05155995", "price": "3129.18000000", "time": "2025-07-16T00:22:47.185844Z", "fetched_at": "2025-07-16T00:23:24.964934+00:00", "symbol": "ETH-USD"}, {"trade_id": 667684257, "side": "sell", "size": "0.00126804", "price": "3129.18000000", "time": "2025-07-16T00:22:47.058298Z", "fetched_at": "2025-07-16T00:23:24.964934+00:00", "symbol": "ETH-USD"}, {"trade_id": 667684256, "side": "sell", "size": "0.00022438", "price": "3129.18000000", "time": "2025-07-16T00:22:46.929191Z", "fetched_at": "2025-07-16T00:23:24.964934+00:00", "symbol": "ETH-USD"}, {"trade_id": 667684255, "side": "sell", "size": "0.00005588", "price": "3129.05000000", "time": "2025-07-16T00:22:46.929191Z", "fetched_at": "2025-07-16T00:23:24.964934+00:00", "symbol": "ETH-USD"}, {"trade_id": 667684254, "side": "sell", "size": "0.00024000", "price": "3129.05000000", "time": "2025-07-16T00:22:46.929191Z", "fetched_at": "2025-07-16T00:23:24.964934+00:00", "symbol": "ETH-USD"}, {"trade_id": 667684253, "side": "buy", "size": "0.00010381", "price": "3129.04000000", "time": "2025-07-16T00:22:46.880646Z", "fetched_at": "2025-07-16T00:23:24.964934+00:00", "symbol": "ETH-USD"}, {"trade_id": 667684252, "side": "buy", "size": "0.01981520", "price": "3129.04000000", "time": "2025-07-16T00:22:45.787585Z", "fetched_at": "2025-07-16T00:23:24.964934+00:00", "symbol": "ETH-USD"}, {"trade_id": 667684251, "side": "buy", "size": "0.00013856", "price": "3129.04000000", "time": "2025-07-16T00:22:44.839742Z", "fetched_at": "2025-07-16T00:23:24.964934+00:00", "symbol": "ETH-USD"}, {"trade_id": 667684250, "side": "buy", "size": "0.00052258", "price": "3128.92000000", "time": "2025-07-16T00:22:43.360010Z", "fetched_at": "2025-07-16T00:23:24.964934+00:00", "symbol": "ETH-USD"}, {"trade_id": 667684249, "side": "buy", "size": "0.01570742", "price": "3128.96000000", "time": "2025-07-16T00:22:43.360010Z", "fetched_at": "2025-07-16T00:23:24.964934+00:00", "symbol": "ETH-USD"}, {"trade_id": 667684248, "side": "buy", "size": "0.01613000", "price": "3128.96000000", "time": "2025-07-16T00:22:43.359998Z", "fetched_at": "2025-07-16T00:23:24.964934+00:00", "symbol": "ETH-USD"}, {"trade_id": 667684247, "side": "buy", "size": "0.00010000", "price": "3128.96000000", "time": "2025-07-16T00:22:43.359998Z", "fetched_at": "2025-07-16T00:23:24.964934+00:00", "symbol": "ETH-USD"}, {"trade_id": 667684246, "side": "sell", "size": "0.00757519", "price": "3129.05000000", "time": "2025-07-16T00:22:42.437553Z", "fetched_at": "2025-07-16T00:23:24.964934+00:00", "symbol": "ETH-USD"}, {"trade_id": 667684245, "side": "sell", "size": "0.07255928", "price": "3129.10000000", "time": "2025-07-16T00:22:42.119634Z", "fetched_at": "2025-07-16T00:23:24.964934+00:00", "symbol": "ETH-USD"}, {"trade_id": 667684244, "side": "sell", "size": "0.00319529", "price": "3128.97000000", "time": "2025-07-16T00:22:42.119634Z", "fetched_at": "2025-07-16T00:23:24.964934+00:00", "symbol": "ETH-USD"}, {"trade_id": 667684243, "side": "buy", "size": "0.00319588", "price": "3129.02000000", "time": "2025-07-16T00:22:41.519716Z", "fetched_at": "2025-07-16T00:23:24.964934+00:00", "symbol": "ETH-USD"}, {"trade_id": 667684242, "side": "buy", "size": "0.00100000", "price": "3129.15000000", "time": "2025-07-16T00:22:41.510750Z", "fetched_at": "2025-07-16T00:23:24.964934+00:00", "symbol": "ETH-USD"}, {"trade_id": 667684241, "side": "buy", "size": "0.65007263", "price": "3129.17000000", "time": "2025-07-16T00:22:41.509361Z", "fetched_at": "2025-07-16T00:23:24.964934+00:00", "symbol": "ETH-USD"}, {"trade_id": 667684240, "side": "buy", "size": "0.34937912", "price": "3129.17000000", "time": "2025-07-16T00:22:41.498025Z", "fetched_at": "2025-07-16T00:23:24.964934+00:00", "symbol": "ETH-USD"}, {"trade_id": 667684239, "side": "buy", "size": "0.00177284", "price": "3129.18000000", "time": "2025-07-16T00:22:41.498025Z", "fetched_at": "2025-07-16T00:23:24.964934+00:00", "symbol": "ETH-USD"}, {"trade_id": 667684238, "side": "buy", "size": "0.00177299", "price": "3129.18000000", "time": "2025-07-16T00:22:41.461203Z", "fetched_at": "2025-07-16T00:23:24.964934+00:00", "symbol": "ETH-USD"}, {"trade_id": 667684237, "side": "buy", "size": "0.00010000", "price": "3129.22000000", "time": "2025-07-16T00:22:41.461203Z", "fetched_at": "2025-07-16T00:23:24.964934+00:00", "symbol": "ETH-USD"}, {"trade_id": 667684236, "side": "buy", "size": "0.00100000", "price": "3129.38000000", "time": "2025-07-16T00:22:41.450096Z", "fetched_at": "2025-07-16T00:23:24.964934+00:00", "symbol": "ETH-USD"}, {"trade_id": 667684235, "side": "buy", "size": "0.00010000", "price": "3129.47000000", "time": "2025-07-16T00:22:41.450096Z", "fetched_at": "2025-07-16T00:23:24.964934+00:00", "symbol": "ETH-USD"}, {"trade_id": 667684234, "side": "buy", "size": "0.00100000", "price": "3129.61000000", "time": "2025-07-16T00:22:41.174712Z", "fetched_at": "2025-07-16T00:23:24.964934+00:00", "symbol": "ETH-USD"}, {"trade_id": 667684233, "side": "buy", "size": "0.00047000", "price": "3129.73000000", "time": "2025-07-16T00:22:40.061445Z", "fetched_at": "2025-07-16T00:23:24.964934+00:00", "symbol": "ETH-USD"}, {"trade_id": 667684232, "side": "sell", "size": "0.04246676", "price": "3129.74000000", "time": "2025-07-16T00:22:40.058914Z", "fetched_at": "2025-07-16T00:23:24.964934+00:00", "symbol": "ETH-USD"}, {"trade_id": 667684231, "side": "sell", "size": "0.10000000", "price": "3129.74000000", "time": "2025-07-16T00:22:40.058914Z", "fetched_at": "2025-07-16T00:23:24.964934+00:00", "symbol": "ETH-USD"}, {"trade_id": 667684230, "side": "sell", "size": "0.00100000", "price": "3129.74000000", "time": "2025-07-16T00:22:38.796186Z", "fetched_at": "2025-07-16T00:23:24.964934+00:00", "symbol": "ETH-USD"}, {"trade_id": 667684229, "side": "sell", "size": "0.06209146", "price": "3129.99000000", "time": "2025-07-16T00:22:38.186045Z", "fetched_at": "2025-07-16T00:23:24.964934+00:00", "symbol": "ETH-USD"}, {"trade_id": 667684228, "side": "buy", "size": "0.15974813", "price": "3129.92000000", "time": "2025-07-16T00:22:38.068513Z", "fetched_at": "2025-07-16T00:23:24.964934+00:00", "symbol": "ETH-USD"}, {"trade_id": 667684227, "side": "buy", "size": "2.84104166", "price": "3129.93000000", "time": "2025-07-16T00:22:38.068513Z", "fetched_at": "2025-07-16T00:23:24.964934+00:00", "symbol": "ETH-USD"}, {"trade_id": 667684226, "side": "buy", "size": "0.13618942", "price": "3129.95000000", "time": "2025-07-16T00:22:38.068513Z", "fetched_at": "2025-07-16T00:23:24.964934+00:00", "symbol": "ETH-USD"}, {"trade_id": 667684225, "side": "buy", "size": "0.04740142", "price": "3129.96000000", "time": "2025-07-16T00:22:38.068513Z", "fetched_at": "2025-07-16T00:23:24.964934+00:00", "symbol": "ETH-USD"}, {"trade_id": 667684224, "side": "buy", "size": "0.00239764", "price": "3129.97000000", "time": "2025-07-16T00:22:38.068513Z", "fetched_at": "2025-07-16T00:23:24.964934+00:00", "symbol": "ETH-USD"}, {"trade_id": 667684223, "side": "buy", "size": "0.01578269", "price": "3130.01000000", "time": "2025-07-16T00:22:38.068513Z", "fetched_at": "2025-07-16T00:23:24.964934+00:00", "symbol": "ETH-USD"}, {"trade_id": 667684222, "side": "buy", "size": "0.00051000", "price": "3130.06000000", "time": "2025-07-16T00:22:38.068513Z", "fetched_at": "2025-07-16T00:23:24.964934+00:00", "symbol": "ETH-USD"}, {"trade_id": 667684221, "side": "buy", "size": "0.00049000", "price": "3130.15000000", "time": "2025-07-16T00:22:38.068513Z", "fetched_at": "2025-07-16T00:23:24.964934+00:00", "symbol": "ETH-USD"}, {"trade_id": 667684220, "side": "buy", "size": "0.03637734", "price": "3130.18000000", "time": "2025-07-16T00:22:38.068513Z", "fetched_at": "2025-07-16T00:23:24.964934+00:00", "symbol": "ETH-USD"}, {"trade_id": 667684219, "side": "buy", "size": "0.00049000", "price": "3130.19000000", "time": "2025-07-16T00:22:38.068513Z", "fetched_at": "2025-07-16T00:23:24.964934+00:00", "symbol": "ETH-USD"}, {"trade_id": 667684218, "side": "buy", "size": "0.03800044", "price": "3130.21000000", "time": "2025-07-16T00:22:37.532489Z", "fetched_at": "2025-07-16T00:23:24.964934+00:00", "symbol": "ETH-USD"}, {"trade_id": 667684217, "side": "buy", "size": "0.01678158", "price": "3130.14000000", "time": "2025-07-16T00:22:36.965416Z", "fetched_at": "2025-07-16T00:23:24.964934+00:00", "symbol": "ETH-USD"}, {"trade_id": 667684216, "side": "buy", "size": "0.00246630", "price": "3130.15000000", "time": "2025-07-16T00:22:36.965416Z", "fetched_at": "2025-07-16T00:23:24.964934+00:00", "symbol": "ETH-USD"}, {"trade_id": 667684215, "side": "sell", "size": "0.03183826", "price": "3130.28000000", "time": "2025-07-16T00:22:36.682735Z", "fetched_at": "2025-07-16T00:23:24.964934+00:00", "symbol": "ETH-USD"}, {"trade_id": 667684214, "side": "sell", "size": "0.02785151", "price": "3130.28000000", "time": "2025-07-16T00:22:36.617290Z", "fetched_at": "2025-07-16T00:23:24.964934+00:00", "symbol": "ETH-USD"}, {"trade_id": 667684213, "side": "sell", "size": "0.00319467", "price": "3130.27000000", "time": "2025-07-16T00:22:36.617290Z", "fetched_at": "2025-07-16T00:23:24.964934+00:00", "symbol": "ETH-USD"}, {"trade_id": 667684212, "side": "buy", "size": "0.00429804", "price": "3130.12000000", "time": "2025-07-16T00:22:36.428088Z", "fetched_at": "2025-07-16T00:23:24.964934+00:00", "symbol": "ETH-USD"}, {"trade_id": 667684211, "side": "buy", "size": "0.01926444", "price": "3130.12000000", "time": "2025-07-16T00:22:36.189148Z", "fetched_at": "2025-07-16T00:23:24.964934+00:00", "symbol": "ETH-USD"}, {"trade_id": 667684210, "side": "sell", "size": "0.00470879", "price": "3130.30000000", "time": "2025-07-16T00:22:34.798514Z", "fetched_at": "2025-07-16T00:23:24.964934+00:00", "symbol": "ETH-USD"}, {"trade_id": 667684209, "side": "sell", "size": "0.00319473", "price": "3130.29000000", "time": "2025-07-16T00:22:34.798514Z", "fetched_at": "2025-07-16T00:23:24.964934+00:00", "symbol": "ETH-USD"}, {"trade_id": 667684208, "side": "buy", "size": "0.04702900", "price": "3130.08000000", "time": "2025-07-16T00:22:33.549769Z", "fetched_at": "2025-07-16T00:23:24.964934+00:00", "symbol": "ETH-USD"}, {"trade_id": 667684207, "side": "buy", "size": "0.00297100", "price": "3130.09000000", "time": "2025-07-16T00:22:33.549769Z", "fetched_at": "2025-07-16T00:23:24.964934+00:00", "symbol": "ETH-USD"}, {"trade_id": 667684206, "side": "sell", "size": "0.17783368", "price": "3130.20000000", "time": "2025-07-16T00:22:32.308649Z", "fetched_at": "2025-07-16T00:23:24.964934+00:00", "symbol": "ETH-USD"}, {"trade_id": 667684205, "side": "sell", "size": "0.15973548", "price": "3130.18000000", "time": "2025-07-16T00:22:32.308649Z", "fetched_at": "2025-07-16T00:23:24.964934+00:00", "symbol": "ETH-USD"}, {"trade_id": 667684204, "side": "sell", "size": "0.00319476", "price": "3130.17000000", "time": "2025-07-16T00:22:32.308649Z", "fetched_at": "2025-07-16T00:23:24.964934+00:00", "symbol": "ETH-USD"}, {"trade_id": 667684203, "side": "sell", "size": "0.00145685", "price": "3130.20000000", "time": "2025-07-16T00:22:31.480848Z", "fetched_at": "2025-07-16T00:23:24.964934+00:00", "symbol": "ETH-USD"}, {"trade_id": 667684202, "side": "sell", "size": "0.00004475", "price": "3130.14000000", "time": "2025-07-16T00:22:31.480848Z", "fetched_at": "2025-07-16T00:23:24.964934+00:00", "symbol": "ETH-USD"}, {"trade_id": 667684201, "side": "sell", "size": "0.00151509", "price": "3130.14000000", "time": "2025-07-16T00:22:30.664582Z", "fetched_at": "2025-07-16T00:23:24.964934+00:00", "symbol": "ETH-USD"}, {"trade_id": 667684200, "side": "sell", "size": "0.31275411", "price": "3130.18000000", "time": "2025-07-16T00:22:30.571801Z", "fetched_at": "2025-07-16T00:23:24.964934+00:00", "symbol": "ETH-USD"}, {"trade_id": 667684199, "side": "sell", "size": "0.05598641", "price": "3130.17000000", "time": "2025-07-16T00:22:30.571801Z", "fetched_at": "2025-07-16T00:23:24.964934+00:00", "symbol": "ETH-USD"}, {"trade_id": 667684198, "side": "sell", "size": "0.00319502", "price": "3130.16000000", "time": "2025-07-16T00:22:30.571801Z", "fetched_at": "2025-07-16T00:23:24.964934+00:00", "symbol": "ETH-USD"}, {"trade_id": 667684197, "side": "sell", "size": "0.00001540", "price": "3130.01000000", "time": "2025-07-16T00:22:30.571801Z", "fetched_at": "2025-07-16T00:23:24.964934+00:00", "symbol": "ETH-USD"}, {"trade_id": 667684196, "side": "sell", "size": "0.00006610", "price": "3130.01000000", "time": "2025-07-16T00:22:30.571801Z", "fetched_at": "2025-07-16T00:23:24.964934+00:00", "symbol": "ETH-USD"}, {"trade_id": 667684195, "side": "sell", "size": "0.00014052", "price": "3130.01000000", "time": "2025-07-16T00:22:30.571801Z", "fetched_at": "2025-07-16T00:23:24.964934+00:00", "symbol": "ETH-USD"}, {"trade_id": 667684194, "side": "buy", "size": "0.03829037", "price": "3129.94000000", "time": "2025-07-16T00:22:30.060493Z", "fetched_at": "2025-07-16T00:23:24.964934+00:00", "symbol": "ETH-USD"}, {"trade_id": 667684193, "side": "buy", "size": "0.00299757", "price": "3129.95000000", "time": "2025-07-16T00:22:30.060493Z", "fetched_at": "2025-07-16T00:23:24.964934+00:00", "symbol": "ETH-USD"}, {"trade_id": 667684192, "side": "sell", "size": "0.00300680", "price": "3129.94000000", "time": "2025-07-16T00:22:29.099735Z", "fetched_at": "2025-07-16T00:23:24.964934+00:00", "symbol": "ETH-USD"}, {"trade_id": 667684191, "side": "sell", "size": "0.01079872", "price": "3130.02000000", "time": "2025-07-16T00:22:28.826880Z", "fetched_at": "2025-07-16T00:23:24.964934+00:00", "symbol": "ETH-USD"}, {"trade_id": 667684190, "side": "sell", "size": "0.00319502", "price": "3130.01000000", "time": "2025-07-16T00:22:28.826880Z", "fetched_at": "2025-07-16T00:23:24.964934+00:00", "symbol": "ETH-USD"}, {"trade_id": 667684189, "side": "sell", "size": "0.00014327", "price": "3130.01000000", "time": "2025-07-16T00:22:28.826880Z", "fetched_at": "2025-07-16T00:23:24.964934+00:00", "symbol": "ETH-USD"}, {"trade_id": 667684188, "side": "sell", "size": "0.00014417", "price": "3130.01000000", "time": "2025-07-16T00:22:28.826880Z", "fetched_at": "2025-07-16T00:23:24.964934+00:00", "symbol": "ETH-USD"}, {"trade_id": 667684187, "side": "sell", "size": "0.00061518", "price": "3130.01000000", "time": "2025-07-16T00:22:28.826880Z", "fetched_at": "2025-07-16T00:23:24.964934+00:00", "symbol": "ETH-USD"}, {"trade_id": 667684186, "side": "sell", "size": "0.15146131", "price": "3130.00000000", "time": "2025-07-16T00:22:27.987025Z", "fetched_at": "2025-07-16T00:23:24.964934+00:00", "symbol": "ETH-USD"}, {"trade_id": 667684185, "side": "buy", "size": "0.06154825", "price": "3129.72000000", "time": "2025-07-16T00:22:27.765344Z", "fetched_at": "2025-07-16T00:23:24.964934+00:00", "symbol": "ETH-USD"}, {"trade_id": 667684184, "side": "buy", "size": "0.00295799", "price": "3129.73000000", "time": "2025-07-16T00:22:27.765344Z", "fetched_at": "2025-07-16T00:23:24.964934+00:00", "symbol": "ETH-USD"}, {"trade_id": 667684183, "side": "buy", "size": "0.09981796", "price": "3129.73000000", "time": "2025-07-16T00:22:27.202530Z", "fetched_at": "2025-07-16T00:23:24.964934+00:00", "symbol": "ETH-USD"}, {"trade_id": 667684182, "side": "buy", "size": "0.00302620", "price": "3129.74000000", "time": "2025-07-16T00:22:27.202530Z", "fetched_at": "2025-07-16T00:23:24.964934+00:00", "symbol": "ETH-USD"}, {"trade_id": 667684181, "side": "buy", "size": "0.00100000", "price": "3129.84000000", "time": "2025-07-16T00:22:27.202530Z", "fetched_at": "2025-07-16T00:23:24.964934+00:00", "symbol": "ETH-USD"}, {"trade_id": 667684180, "side": "sell", "size": "0.06491826", "price": "3130.13000000", "time": "2025-07-16T00:22:27.088843Z", "fetched_at": "2025-07-16T00:23:24.964934+00:00", "symbol": "ETH-USD"}, {"trade_id": 667684179, "side": "sell", "size": "0.00319488", "price": "3130.12000000", "time": "2025-07-16T00:22:27.088843Z", "fetched_at": "2025-07-16T00:23:24.964934+00:00", "symbol": "ETH-USD"}, {"trade_id": 667684178, "side": "sell", "size": "0.11800416", "price": "3130.02000000", "time": "2025-07-16T00:22:26.152623Z", "fetched_at": "2025-07-16T00:23:24.964934+00:00", "symbol": "ETH-USD"}, {"trade_id": 667684177, "side": "sell", "size": "0.00319458", "price": "3130.01000000", "time": "2025-07-16T00:22:26.152623Z", "fetched_at": "2025-07-16T00:23:24.964934+00:00", "symbol": "ETH-USD"}, {"trade_id": 667684176, "side": "buy", "size": "0.01685814", "price": "3129.88000000", "time": "2025-07-16T00:22:25.599833Z", "fetched_at": "2025-07-16T00:23:24.964934+00:00", "symbol": "ETH-USD"}, {"trade_id": 667684175, "side": "buy", "size": "0.00242242", "price": "3129.89000000", "time": "2025-07-16T00:22:25.599833Z", "fetched_at": "2025-07-16T00:23:24.964934+00:00", "symbol": "ETH-USD"}, {"trade_id": 667684174, "side": "buy", "size": "0.00100000", "price": "3130.07000000", "time": "2025-07-16T00:22:25.599833Z", "fetched_at": "2025-07-16T00:23:24.964934+00:00", "symbol": "ETH-USD"}, {"trade_id": 667684173, "side": "buy", "size": "0.00100000", "price": "3130.30000000", "time": "2025-07-16T00:22:25.437210Z", "fetched_at": "2025-07-16T00:23:24.964934+00:00", "symbol": "ETH-USD"}, {"trade_id": 667684172, "side": "sell", "size": "0.73627871", "price": "3130.43000000", "time": "2025-07-16T00:22:24.543767Z", "fetched_at": "2025-07-16T00:23:24.964934+00:00", "symbol": "ETH-USD"}, {"trade_id": 667684171, "side": "sell", "size": "0.15972807", "price": "3130.32000000", "time": "2025-07-16T00:22:24.543767Z", "fetched_at": "2025-07-16T00:23:24.964934+00:00", "symbol": "ETH-USD"}, {"trade_id": 667684170, "side": "sell", "size": "0.10000000", "price": "3130.31000000", "time": "2025-07-16T00:22:24.543767Z", "fetched_at": "2025-07-16T00:23:24.964934+00:00", "symbol": "ETH-USD"}, {"trade_id": 667684169, "side": "sell", "size": "0.00319351", "price": "3130.31000000", "time": "2025-07-16T00:22:24.543767Z", "fetched_at": "2025-07-16T00:23:24.964934+00:00", "symbol": "ETH-USD"}, {"trade_id": 667684168, "side": "buy", "size": "0.00259079", "price": "3130.31000000", "time": "2025-07-16T00:22:24.492023Z", "fetched_at": "2025-07-16T00:23:24.964934+00:00", "symbol": "ETH-USD"}, {"trade_id": 667684167, "side": "sell", "size": "0.00014976", "price": "3130.57000000", "time": "2025-07-16T00:22:24.435315Z", "fetched_at": "2025-07-16T00:23:24.964934+00:00", "symbol": "ETH-USD"}, {"trade_id": 667684166, "side": "buy", "size": "0.05785476", "price": "3130.31000000", "time": "2025-07-16T00:22:24.385618Z", "fetched_at": "2025-07-16T00:23:24.964934+00:00", "symbol": "ETH-USD"}, {"trade_id": 667684165, "side": "buy", "size": "0.00259079", "price": "3130.43000000", "time": "2025-07-16T00:22:24.385618Z", "fetched_at": "2025-07-16T00:23:24.964934+00:00", "symbol": "ETH-USD"}, {"trade_id": 667684164, "side": "buy", "size": "0.00259066", "price": "3130.59000000", "time": "2025-07-16T00:22:24.370469Z", "fetched_at": "2025-07-16T00:23:24.964934+00:00", "symbol": "ETH-USD"}, {"trade_id": 667684163, "side": "buy", "size": "0.33344307", "price": "3130.43000000", "time": "2025-07-16T00:22:24.347168Z", "fetched_at": "2025-07-16T00:23:24.964934+00:00", "symbol": "ETH-USD"}, {"trade_id": 667684162, "side": "buy", "size": "0.00259079", "price": "3130.44000000", "time": "2025-07-16T00:22:24.347168Z", "fetched_at": "2025-07-16T00:23:24.964934+00:00", "symbol": "ETH-USD"}, {"trade_id": 667684161, "side": "buy", "size": "0.00259079", "price": "3130.44000000", "time": "2025-07-16T00:22:24.341550Z", "fetched_at": "2025-07-16T00:23:24.964934+00:00", "symbol": "ETH-USD"}, {"trade_id": 667684160, "side": "buy", "size": "0.00100000", "price": "3130.53000000", "time": "2025-07-16T00:22:24.341529Z", "fetched_at": "2025-07-16T00:23:24.964934+00:00", "symbol": "ETH-USD"}, {"trade_id": 667684159, "side": "buy", "size": "0.25676536", "price": "3130.74000000", "time": "2025-07-16T00:22:24.317107Z", "fetched_at": "2025-07-16T00:23:24.964934+00:00", "symbol": "ETH-USD"}, {"trade_id": 667684158, "side": "buy", "size": "0.00258936", "price": "3130.75000000", "time": "2025-07-16T00:22:24.306446Z", "fetched_at": "2025-07-16T00:23:24.964934+00:00", "symbol": "ETH-USD"}, {"trade_id": 667684157, "side": "buy", "size": "0.00100000", "price": "3130.76000000", "time": "2025-07-16T00:22:24.306446Z", "fetched_at": "2025-07-16T00:23:24.964934+00:00", "symbol": "ETH-USD"}, {"trade_id": 667684156, "side": "buy", "size": "0.00037000", "price": "3130.99000000", "time": "2025-07-16T00:22:23.856074Z", "fetched_at": "2025-07-16T00:23:24.964934+00:00", "symbol": "ETH-USD"}, {"trade_id": 667684155, "side": "buy", "size": "0.00088558", "price": "3130.99000000", "time": "2025-07-16T00:22:23.669411Z", "fetched_at": "2025-07-16T00:23:24.964934+00:00", "symbol": "ETH-USD"}, {"trade_id": 667684154, "side": "buy", "size": "0.00100000", "price": "3130.99000000", "time": "2025-07-16T00:22:23.669411Z", "fetched_at": "2025-07-16T00:23:24.964934+00:00", "symbol": "ETH-USD"}, {"trade_id": 667684153, "side": "buy", "size": "0.00010000", "price": "3131.19000000", "time": "2025-07-16T00:22:22.202193Z", "fetched_at": "2025-07-16T00:23:24.964934+00:00", "symbol": "ETH-USD"}, {"trade_id": 667684152, "side": "sell", "size": "0.01897489", "price": "3131.59000000", "time": "2025-07-16T00:22:21.962392Z", "fetched_at": "2025-07-16T00:23:24.964934+00:00", "symbol": "ETH-USD"}, {"trade_id": 667684151, "side": "sell", "size": "0.00319334", "price": "3131.58000000", "time": "2025-07-16T00:22:21.962392Z", "fetched_at": "2025-07-16T00:23:24.964934+00:00", "symbol": "ETH-USD"}, {"trade_id": 667684150, "side": "sell", "size": "0.01552306", "price": "3131.65000000", "time": "2025-07-16T00:22:21.321985Z", "fetched_at": "2025-07-16T00:23:24.964934+00:00", "symbol": "ETH-USD"}, {"trade_id": 667684149, "side": "sell", "size": "0.00363791", "price": "3131.51000000", "time": "2025-07-16T00:22:21.308788Z", "fetched_at": "2025-07-16T00:23:24.964934+00:00", "symbol": "ETH-USD"}, {"trade_id": 667684148, "side": "sell", "size": "0.00319334", "price": "3131.42000000", "time": "2025-07-16T00:22:21.308788Z", "fetched_at": "2025-07-16T00:23:24.964934+00:00", "symbol": "ETH-USD"}, {"trade_id": 667684147, "side": "buy", "size": "0.00071286", "price": "3131.52000000", "time": "2025-07-16T00:22:21.292870Z", "fetched_at": "2025-07-16T00:23:24.964934+00:00", "symbol": "ETH-USD"}, {"trade_id": 667684146, "side": "sell", "size": "0.15835690", "price": "3131.66000000", "time": "2025-07-16T00:22:19.919825Z", "fetched_at": "2025-07-16T00:23:24.964934+00:00", "symbol": "ETH-USD"}, {"trade_id": 667684145, "side": "sell", "size": "0.01589400", "price": "3131.66000000", "time": "2025-07-16T00:22:19.806868Z", "fetched_at": "2025-07-16T00:23:24.964934+00:00", "symbol": "ETH-USD"}, {"trade_id": 667684144, "side": "sell", "size": "0.00319355", "price": "3131.49000000", "time": "2025-07-16T00:22:19.806868Z", "fetched_at": "2025-07-16T00:23:24.964934+00:00", "symbol": "ETH-USD"}, {"trade_id": 667684143, "side": "sell", "size": "0.02685222", "price": "3131.50000000", "time": "2025-07-16T00:22:19.040294Z", "fetched_at": "2025-07-16T00:23:24.964934+00:00", "symbol": "ETH-USD"}, {"trade_id": 667684142, "side": "sell", "size": "0.00100000", "price": "3131.45000000", "time": "2025-07-16T00:22:19.040294Z", "fetched_at": "2025-07-16T00:23:24.964934+00:00", "symbol": "ETH-USD"}, {"trade_id": 667684141, "side": "sell", "size": "0.00319391", "price": "3131.32000000", "time": "2025-07-16T00:22:19.040294Z", "fetched_at": "2025-07-16T00:23:24.964934+00:00", "symbol": "ETH-USD"}, {"trade_id": 667684140, "side": "sell", "size": "0.00456820", "price": "3131.07000000", "time": "2025-07-16T00:22:17.632795Z", "fetched_at": "2025-07-16T00:23:24.964934+00:00", "symbol": "ETH-USD"}, {"trade_id": 667684139, "side": "sell", "size": "0.00319334", "price": "3131.06000000", "time": "2025-07-16T00:22:17.632795Z", "fetched_at": "2025-07-16T00:23:24.964934+00:00", "symbol": "ETH-USD"}, {"trade_id": 667684138, "side": "sell", "size": "0.07907050", "price": "3131.12000000", "time": "2025-07-16T00:22:17.288766Z", "fetched_at": "2025-07-16T00:23:24.964934+00:00", "symbol": "ETH-USD"}, {"trade_id": 667684137, "side": "sell", "size": "0.00308370", "price": "3131.12000000", "time": "2025-07-16T00:22:17.195297Z", "fetched_at": "2025-07-16T00:23:24.964934+00:00", "symbol": "ETH-USD"}, {"trade_id": 667684136, "side": "sell", "size": "0.00308380", "price": "3130.99000000", "time": "2025-07-16T00:22:16.928688Z", "fetched_at": "2025-07-16T00:23:24.964934+00:00", "symbol": "ETH-USD"}, {"trade_id": 667684135, "side": "buy", "size": "0.51490225", "price": "3130.64000000", "time": "2025-07-16T00:22:16.231174Z", "fetched_at": "2025-07-16T00:23:24.964934+00:00", "symbol": "ETH-USD"}, {"trade_id": 667684134, "side": "buy", "size": "0.12773682", "price": "3130.65000000", "time": "2025-07-16T00:22:16.231174Z", "fetched_at": "2025-07-16T00:23:24.964934+00:00", "symbol": "ETH-USD"}, {"trade_id": 667684133, "side": "buy", "size": "0.00170360", "price": "3130.66000000", "time": "2025-07-16T00:22:16.231174Z", "fetched_at": "2025-07-16T00:23:24.964934+00:00", "symbol": "ETH-USD"}, {"trade_id": 667684132, "side": "buy", "size": "0.00100000", "price": "3130.99000000", "time": "2025-07-16T00:22:16.231174Z", "fetched_at": "2025-07-16T00:23:24.964934+00:00", "symbol": "ETH-USD"}, {"trade_id": 667684131, "side": "buy", "size": "0.34966475", "price": "3131.23000000", "time": "2025-07-16T00:22:16.167134Z", "fetched_at": "2025-07-16T00:23:24.964934+00:00", "symbol": "ETH-USD"}, {"trade_id": 667684130, "side": "buy", "size": "0.35813496", "price": "3131.52000000", "time": "2025-07-16T00:22:16.052404Z", "fetched_at": "2025-07-16T00:23:24.964934+00:00", "symbol": "ETH-USD"}, {"trade_id": 667684129, "side": "buy", "size": "0.04855995", "price": "3131.65000000", "time": "2025-07-16T00:22:15.598569Z", "fetched_at": "2025-07-16T00:23:24.964934+00:00", "symbol": "ETH-USD"}, {"trade_id": 667684128, "side": "sell", "size": "0.01552274", "price": "3131.66000000", "time": "2025-07-16T00:22:15.373460Z", "fetched_at": "2025-07-16T00:23:24.964934+00:00", "symbol": "ETH-USD"}, {"trade_id": 667684127, "side": "sell", "size": "0.00790758", "price": "3131.66000000", "time": "2025-07-16T00:22:15.303357Z", "fetched_at": "2025-07-16T00:23:24.964934+00:00", "symbol": "ETH-USD"}, {"trade_id": 667684126, "side": "buy", "size": "0.00191605", "price": "3131.65000000", "time": "2025-07-16T00:22:15.226501Z", "fetched_at": "2025-07-16T00:23:24.964934+00:00", "symbol": "ETH-USD"}, {"trade_id": 667684125, "side": "sell", "size": "0.00675193", "price": "3131.66000000", "time": "2025-07-16T00:22:15.098785Z", "fetched_at": "2025-07-16T00:23:24.964934+00:00", "symbol": "ETH-USD"}, {"trade_id": 667684124, "side": "sell", "size": "0.00010487", "price": "3131.45000000", "time": "2025-07-16T00:22:15.098785Z", "fetched_at": "2025-07-16T00:23:24.964934+00:00", "symbol": "ETH-USD"}, {"trade_id": 667684123, "side": "sell", "size": "0.00002533", "price": "3131.45000000", "time": "2025-07-16T00:22:15.098785Z", "fetched_at": "2025-07-16T00:23:24.964934+00:00", "symbol": "ETH-USD"}, {"trade_id": 667684122, "side": "sell", "size": "0.00002439", "price": "3131.45000000", "time": "2025-07-16T00:22:15.098785Z", "fetched_at": "2025-07-16T00:23:24.964934+00:00", "symbol": "ETH-USD"}, {"trade_id": 667684121, "side": "sell", "size": "0.00100000", "price": "3131.45000000", "time": "2025-07-16T00:22:15.098785Z", "fetched_at": "2025-07-16T00:23:24.964934+00:00", "symbol": "ETH-USD"}, {"trade_id": 667684120, "side": "buy", "size": "0.12906853", "price": "3131.44000000", "time": "2025-07-16T00:22:14.995327Z", "fetched_at": "2025-07-16T00:23:24.964934+00:00", "symbol": "ETH-USD"}, {"trade_id": 667684119, "side": "sell", "size": "0.00016767", "price": "3131.22000000", "time": "2025-07-16T00:22:14.632035Z", "fetched_at": "2025-07-16T00:23:24.964934+00:00", "symbol": "ETH-USD"}, {"trade_id": 667684118, "side": "sell", "size": "0.00072009", "price": "3131.22000000", "time": "2025-07-16T00:22:14.632035Z", "fetched_at": "2025-07-16T00:23:24.964934+00:00", "symbol": "ETH-USD"}, {"trade_id": 667684117, "side": "sell", "size": "0.00031005", "price": "3131.22000000", "time": "2025-07-16T00:22:14.632035Z", "fetched_at": "2025-07-16T00:23:24.964934+00:00", "symbol": "ETH-USD"}, {"trade_id": 667684116, "side": "sell", "size": "0.00100000", "price": "3131.22000000", "time": "2025-07-16T00:22:14.632035Z", "fetched_at": "2025-07-16T00:23:24.964934+00:00", "symbol": "ETH-USD"}, {"trade_id": 667684115, "side": "sell", "size": "1.59723231", "price": "3131.12000000", "time": "2025-07-16T00:22:14.112442Z", "fetched_at": "2025-07-16T00:23:24.964934+00:00", "symbol": "ETH-USD"}, {"trade_id": 667684114, "side": "sell", "size": "0.79869269", "price": "3131.05000000", "time": "2025-07-16T00:22:14.109145Z", "fetched_at": "2025-07-16T00:23:24.964934+00:00", "symbol": "ETH-USD"}, {"trade_id": 667684113, "side": "sell", "size": "0.00155869", "price": "3130.99000000", "time": "2025-07-16T00:22:14.109145Z", "fetched_at": "2025-07-16T00:23:24.964934+00:00", "symbol": "ETH-USD"}, {"trade_id": 667684112, "side": "sell", "size": "0.00100000", "price": "3130.99000000", "time": "2025-07-16T00:22:14.109145Z", "fetched_at": "2025-07-16T00:23:24.964934+00:00", "symbol": "ETH-USD"}, {"trade_id": 667684111, "side": "sell", "size": "0.00010000", "price": "3130.88000000", "time": "2025-07-16T00:22:13.780422Z", "fetched_at": "2025-07-16T00:23:24.964934+00:00", "symbol": "ETH-USD"}, {"trade_id": 667684110, "side": "sell", "size": "0.36096454", "price": "3130.84000000", "time": "2025-07-16T00:22:13.780422Z", "fetched_at": "2025-07-16T00:23:24.964934+00:00", "symbol": "ETH-USD"}, {"trade_id": 667684109, "side": "sell", "size": "0.22202346", "price": "3130.83000000", "time": "2025-07-16T00:22:13.780422Z", "fetched_at": "2025-07-16T00:23:24.964934+00:00", "symbol": "ETH-USD"}, {"trade_id": 667684108, "side": "sell", "size": "0.00100000", "price": "3130.76000000", "time": "2025-07-16T00:22:13.780422Z", "fetched_at": "2025-07-16T00:23:24.964934+00:00", "symbol": "ETH-USD"}, {"trade_id": 667684107, "side": "sell", "size": "0.00010000", "price": "3130.62000000", "time": "2025-07-16T00:22:13.780422Z", "fetched_at": "2025-07-16T00:23:24.964934+00:00", "symbol": "ETH-USD"}, {"trade_id": 667684106, "side": "sell", "size": "0.00157636", "price": "3130.59000000", "time": "2025-07-16T00:22:13.780422Z", "fetched_at": "2025-07-16T00:23:24.964934+00:00", "symbol": "ETH-USD"}, {"trade_id": 667684105, "side": "sell", "size": "0.00209296", "price": "3130.59000000", "time": "2025-07-16T00:22:13.780422Z", "fetched_at": "2025-07-16T00:23:24.964934+00:00", "symbol": "ETH-USD"}, {"trade_id": 667684104, "side": "sell", "size": "0.19789393", "price": "3130.59000000", "time": "2025-07-16T00:22:13.571872Z", "fetched_at": "2025-07-16T00:23:24.964934+00:00", "symbol": "ETH-USD"}, {"trade_id": 667684103, "side": "sell", "size": "0.00178238", "price": "3130.58000000", "time": "2025-07-16T00:22:13.571872Z", "fetched_at": "2025-07-16T00:23:24.964934+00:00", "symbol": "ETH-USD"}, {"trade_id": 667684102, "side": "sell", "size": "0.00100000", "price": "3130.53000000", "time": "2025-07-16T00:22:13.571872Z", "fetched_at": "2025-07-16T00:23:24.964934+00:00", "symbol": "ETH-USD"}, {"trade_id": 667684101, "side": "sell", "size": "0.00030523", "price": "3130.53000000", "time": "2025-07-16T00:22:13.571872Z", "fetched_at": "2025-07-16T00:23:24.964934+00:00", "symbol": "ETH-USD"}, {"trade_id": 667684100, "side": "sell", "size": "0.00016767", "price": "3130.53000000", "time": "2025-07-16T00:22:13.571872Z", "fetched_at": "2025-07-16T00:23:24.964934+00:00", "symbol": "ETH-USD"}, {"trade_id": 667684099, "side": "sell", "size": "0.00072006", "price": "3130.53000000", "time": "2025-07-16T00:22:13.571872Z", "fetched_at": "2025-07-16T00:23:24.964934+00:00", "symbol": "ETH-USD"}, {"trade_id": 667684098, "side": "sell", "size": "0.30000000", "price": "3130.50000000", "time": "2025-07-16T00:22:13.571872Z", "fetched_at": "2025-07-16T00:23:24.964934+00:00", "symbol": "ETH-USD"}, {"trade_id": 667684097, "side": "buy", "size": "0.40869710", "price": "3130.35000000", "time": "2025-07-16T00:22:12.071308Z", "fetched_at": "2025-07-16T00:23:24.964934+00:00", "symbol": "ETH-USD"}, {"trade_id": 667684096, "side": "buy", "size": "0.51732524", "price": "3130.35000000", "time": "2025-07-16T00:22:12.071308Z", "fetched_at": "2025-07-16T00:23:24.964934+00:00", "symbol": "ETH-USD"}, {"trade_id": 667684095, "side": "buy", "size": "0.94500000", "price": "3130.35000000", "time": "2025-07-16T00:22:12.071308Z", "fetched_at": "2025-07-16T00:23:24.964934+00:00", "symbol": "ETH-USD"}, {"trade_id": 667684094, "side": "buy", "size": "0.12896579", "price": "3130.35000000", "time": "2025-07-16T00:22:12.071308Z", "fetched_at": "2025-07-16T00:23:24.964934+00:00", "symbol": "ETH-USD"}, {"trade_id": 667684093, "side": "buy", "size": "0.03354421", "price": "3130.35000000", "time": "2025-07-16T00:22:12.029128Z", "fetched_at": "2025-07-16T00:23:24.964934+00:00", "symbol": "ETH-USD"}, {"trade_id": 667684092, "side": "sell", "size": "0.17074387", "price": "3130.13000000", "time": "2025-07-16T00:22:11.234361Z", "fetched_at": "2025-07-16T00:23:24.964934+00:00", "symbol": "ETH-USD"}, {"trade_id": 667684091, "side": "sell", "size": "0.01515111", "price": "3130.13000000", "time": "2025-07-16T00:22:10.227128Z", "fetched_at": "2025-07-16T00:23:24.964934+00:00", "symbol": "ETH-USD"}, {"trade_id": 667684090, "side": "buy", "size": "0.00643957", "price": "3130.12000000", "time": "2025-07-16T00:22:09.713938Z", "fetched_at": "2025-07-16T00:23:24.964934+00:00", "symbol": "ETH-USD"}, {"trade_id": 667684089, "side": "sell", "size": "0.01420226", "price": "3130.13000000", "time": "2025-07-16T00:22:09.388735Z", "fetched_at": "2025-07-16T00:23:24.964934+00:00", "symbol": "ETH-USD"}, {"trade_id": 667684088, "side": "buy", "size": "0.38458000", "price": "3130.12000000", "time": "2025-07-16T00:22:09.166563Z", "fetched_at": "2025-07-16T00:23:24.964934+00:00", "symbol": "ETH-USD"}, {"trade_id": 667684087, "side": "buy", "size": "0.01542000", "price": "3130.12000000", "time": "2025-07-16T00:22:09.166563Z", "fetched_at": "2025-07-16T00:23:24.964934+00:00", "symbol": "ETH-USD"}, {"trade_id": 667684086, "side": "sell", "size": "0.80000000", "price": "3129.91000000", "time": "2025-07-16T00:22:05.443040Z", "fetched_at": "2025-07-16T00:23:24.964934+00:00", "symbol": "ETH-USD"}, {"trade_id": 667684085, "side": "buy", "size": "0.32297681", "price": "3129.59000000", "time": "2025-07-16T00:22:03.302855Z", "fetched_at": "2025-07-16T00:23:24.964934+00:00", "symbol": "ETH-USD"}, {"trade_id": 667684084, "side": "buy", "size": "0.02975656", "price": "3129.90000000", "time": "2025-07-16T00:22:03.274547Z", "fetched_at": "2025-07-16T00:23:24.964934+00:00", "symbol": "ETH-USD"}, {"trade_id": 667684083, "side": "buy", "size": "0.51110856", "price": "3129.35000000", "time": "2025-07-16T00:22:03.265414Z", "fetched_at": "2025-07-16T00:23:24.964934+00:00", "symbol": "ETH-USD"}, {"trade_id": 667684082, "side": "buy", "size": "0.00063000", "price": "3129.36000000", "time": "2025-07-16T00:22:03.265414Z", "fetched_at": "2025-07-16T00:23:24.964934+00:00", "symbol": "ETH-USD"}, {"trade_id": 667684081, "side": "buy", "size": "0.00100000", "price": "3129.38000000", "time": "2025-07-16T00:22:03.265414Z", "fetched_at": "2025-07-16T00:23:24.964934+00:00", "symbol": "ETH-USD"}, {"trade_id": 667684080, "side": "buy", "size": "1.28260918", "price": "3129.43000000", "time": "2025-07-16T00:22:03.265414Z", "fetched_at": "2025-07-16T00:23:24.964934+00:00", "symbol": "ETH-USD"}, {"trade_id": 667684079, "side": "buy", "size": "0.79218851", "price": "3129.44000000", "time": "2025-07-16T00:22:03.265414Z", "fetched_at": "2025-07-16T00:23:24.964934+00:00", "symbol": "ETH-USD"}, {"trade_id": 667684078, "side": "buy", "size": "0.00667409", "price": "3129.44000000", "time": "2025-07-16T00:22:03.265209Z", "fetched_at": "2025-07-16T00:23:24.964934+00:00", "symbol": "ETH-USD"}, {"trade_id": 667684077, "side": "buy", "size": "0.00047916", "price": "3129.46000000", "time": "2025-07-16T00:22:03.265209Z", "fetched_at": "2025-07-16T00:23:24.964934+00:00", "symbol": "ETH-USD"}, {"trade_id": 667684076, "side": "buy", "size": "0.21548454", "price": "3129.53000000", "time": "2025-07-16T00:22:03.265209Z", "fetched_at": "2025-07-16T00:23:24.964934+00:00", "symbol": "ETH-USD"}, {"trade_id": 667684075, "side": "buy", "size": "0.04137926", "price": "3129.53000000", "time": "2025-07-16T00:22:03.265045Z", "fetched_at": "2025-07-16T00:23:24.964934+00:00", "symbol": "ETH-USD"}, {"trade_id": 667684074, "side": "buy", "size": "0.95324677", "price": "3129.79000000", "time": "2025-07-16T00:22:03.265045Z", "fetched_at": "2025-07-16T00:23:24.964934+00:00", "symbol": "ETH-USD"}, {"trade_id": 667684073, "side": "buy", "size": "0.76345110", "price": "3129.53000000", "time": "2025-07-16T00:22:03.263985Z", "fetched_at": "2025-07-16T00:23:24.964934+00:00", "symbol": "ETH-USD"}, {"trade_id": 667684072, "side": "buy", "size": "0.36004088", "price": "3129.53000000", "time": "2025-07-16T00:22:03.263985Z", "fetched_at": "2025-07-16T00:23:24.964934+00:00", "symbol": "ETH-USD"}, {"trade_id": 667684071, "side": "buy", "size": "0.58495912", "price": "3129.53000000", "time": "2025-07-16T00:22:03.263902Z", "fetched_at": "2025-07-16T00:23:24.964934+00:00", "symbol": "ETH-USD"}, {"trade_id": 667684070, "side": "buy", "size": "0.81065666", "price": "3129.55000000", "time": "2025-07-16T00:22:03.263902Z", "fetched_at": "2025-07-16T00:23:24.964934+00:00", "symbol": "ETH-USD"}, {"trade_id": 667684069, "side": "buy", "size": "0.73653139", "price": "3129.60000000", "time": "2025-07-16T00:22:03.263902Z", "fetched_at": "2025-07-16T00:23:24.964934+00:00", "symbol": "ETH-USD"}, {"trade_id": 667684068, "side": "buy", "size": "1.25213920", "price": "3129.60000000", "time": "2025-07-16T00:22:03.263902Z", "fetched_at": "2025-07-16T00:23:24.964934+00:00", "symbol": "ETH-USD"}, {"trade_id": 667684067, "side": "buy", "size": "0.00100000", "price": "3129.61000000", "time": "2025-07-16T00:22:03.263902Z", "fetched_at": "2025-07-16T00:23:24.964934+00:00", "symbol": "ETH-USD"}, {"trade_id": 667684066, "side": "buy", "size": "0.00033000", "price": "3129.62000000", "time": "2025-07-16T00:22:03.263902Z", "fetched_at": "2025-07-16T00:23:24.964934+00:00", "symbol": "ETH-USD"}, {"trade_id": 667684065, "side": "buy", "size": "0.21543030", "price": "3129.67000000", "time": "2025-07-16T00:22:03.263902Z", "fetched_at": "2025-07-16T00:23:24.964934+00:00", "symbol": "ETH-USD"}, {"trade_id": 667684064, "side": "buy", "size": "0.81727487", "price": "3129.67000000", "time": "2025-07-16T00:22:03.263310Z", "fetched_at": "2025-07-16T00:23:24.964934+00:00", "symbol": "ETH-USD"}, {"trade_id": 667684063, "side": "buy", "size": "0.64684030", "price": "3129.72000000", "time": "2025-07-16T00:22:03.263310Z", "fetched_at": "2025-07-16T00:23:24.964934+00:00", "symbol": "ETH-USD"}, {"trade_id": 667684062, "side": "buy", "size": "0.49291680", "price": "3129.72000000", "time": "2025-07-16T00:22:03.262954Z", "fetched_at": "2025-07-16T00:23:24.964934+00:00", "symbol": "ETH-USD"}, {"trade_id": 667684061, "side": "buy", "size": "0.78996890", "price": "3129.78000000", "time": "2025-07-16T00:22:03.262954Z", "fetched_at": "2025-07-16T00:23:24.964934+00:00", "symbol": "ETH-USD"}, {"trade_id": 667684060, "side": "buy", "size": "0.79877571", "price": "3129.78000000", "time": "2025-07-16T00:22:03.262954Z", "fetched_at": "2025-07-16T00:23:24.964934+00:00", "symbol": "ETH-USD"}, {"trade_id": 667684059, "side": "buy", "size": "0.15975245", "price": "3129.84000000", "time": "2025-07-16T00:22:03.262954Z", "fetched_at": "2025-07-16T00:23:24.964934+00:00", "symbol": "ETH-USD"}, {"trade_id": 667684058, "side": "buy", "size": "0.00100000", "price": "3129.84000000", "time": "2025-07-16T00:22:03.262954Z", "fetched_at": "2025-07-16T00:23:24.964934+00:00", "symbol": "ETH-USD"}, {"trade_id": 667684057, "side": "buy", "size": "0.18750509", "price": "3129.88000000", "time": "2025-07-16T00:22:03.262954Z", "fetched_at": "2025-07-16T00:23:24.964934+00:00", "symbol": "ETH-USD"}, {"trade_id": 667684056, "side": "buy", "size": "0.00147828", "price": "3129.89000000", "time": "2025-07-16T00:22:03.262954Z", "fetched_at": "2025-07-16T00:23:24.964934+00:00", "symbol": "ETH-USD"}, {"trade_id": 667684055, "side": "buy", "size": "0.03030097", "price": "3130.09000000", "time": "2025-07-16T00:22:03.262726Z", "fetched_at": "2025-07-16T00:23:24.964934+00:00", "symbol": "ETH-USD"}, {"trade_id": 667684054, "side": "buy", "size": "0.00255564", "price": "3130.09000000", "time": "2025-07-16T00:22:02.737426Z", "fetched_at": "2025-07-16T00:23:24.964934+00:00", "symbol": "ETH-USD"}, {"trade_id": 667684053, "side": "buy", "size": "0.00308000", "price": "3130.32000000", "time": "2025-07-16T00:22:02.166508Z", "fetched_at": "2025-07-16T00:23:24.964934+00:00", "symbol": "ETH-USD"}, {"trade_id": 667684052, "side": "sell", "size": "0.02155213", "price": "3130.84000000", "time": "2025-07-16T00:22:01.204411Z", "fetched_at": "2025-07-16T00:23:24.964934+00:00", "symbol": "ETH-USD"}, {"trade_id": 667684051, "side": "sell", "size": "0.00100000", "price": "3130.76000000", "time": "2025-07-16T00:22:01.204411Z", "fetched_at": "2025-07-16T00:23:24.964934+00:00", "symbol": "ETH-USD"}, {"trade_id": 667684050, "side": "sell", "size": "0.00010816", "price": "3130.54000000", "time": "2025-07-16T00:22:01.204411Z", "fetched_at": "2025-07-16T00:23:24.964934+00:00", "symbol": "ETH-USD"}, {"trade_id": 667684049, "side": "sell", "size": "0.00011179", "price": "3130.54000000", "time": "2025-07-16T00:22:01.204411Z", "fetched_at": "2025-07-16T00:23:24.964934+00:00", "symbol": "ETH-USD"}, {"trade_id": 667684048, "side": "sell", "size": "0.00048006", "price": "3130.54000000", "time": "2025-07-16T00:22:01.204411Z", "fetched_at": "2025-07-16T00:23:24.964934+00:00", "symbol": "ETH-USD"}, {"trade_id": 667684047, "side": "sell", "size": "0.00319490", "price": "3130.53000000", "time": "2025-07-16T00:22:01.204411Z", "fetched_at": "2025-07-16T00:23:24.964934+00:00", "symbol": "ETH-USD"}, {"trade_id": 667684046, "side": "sell", "size": "0.00100000", "price": "3130.53000000", "time": "2025-07-16T00:22:01.204411Z", "fetched_at": "2025-07-16T00:23:24.964934+00:00", "symbol": "ETH-USD"}, {"trade_id": 667684045, "side": "sell", "size": "0.00100000", "price": "3130.07000000", "time": "2025-07-16T00:22:00.899128Z", "fetched_at": "2025-07-16T00:23:24.964934+00:00", "symbol": "ETH-USD"}, {"trade_id": 667684044, "side": "sell", "size": "0.00146109", "price": "3130.00000000", "time": "2025-07-16T00:22:00.762684Z", "fetched_at": "2025-07-16T00:23:24.964934+00:00", "symbol": "ETH-USD"}, {"trade_id": 667684043, "side": "sell", "size": "0.00319498", "price": "3130.00000000", "time": "2025-07-16T00:22:00.762684Z", "fetched_at": "2025-07-16T00:23:24.964934+00:00", "symbol": "ETH-USD"}, {"trade_id": 667684042, "side": "buy", "size": "0.00903406", "price": "3129.86000000", "time": "2025-07-16T00:21:56.393217Z", "fetched_at": "2025-07-16T00:23:24.964934+00:00", "symbol": "ETH-USD"}, {"trade_id": 667684041, "side": "sell", "size": "0.00245068", "price": "3129.87000000", "time": "2025-07-16T00:21:56.018074Z", "fetched_at": "2025-07-16T00:23:24.964934+00:00", "symbol": "ETH-USD"}, {"trade_id": 667684040, "side": "sell", "size": "0.04275697", "price": "3129.87000000", "time": "2025-07-16T00:21:54.390169Z", "fetched_at": "2025-07-16T00:23:24.964934+00:00", "symbol": "ETH-USD"}, {"trade_id": 667684039, "side": "sell", "size": "0.10000000", "price": "3129.86000000", "time": "2025-07-16T00:21:54.390169Z", "fetched_at": "2025-07-16T00:23:24.964934+00:00", "symbol": "ETH-USD"}, {"trade_id": 667684038, "side": "sell", "size": "0.00319503", "price": "3129.85000000", "time": "2025-07-16T00:21:54.390169Z", "fetched_at": "2025-07-16T00:23:24.964934+00:00", "symbol": "ETH-USD"}, {"trade_id": 667684037, "side": "sell", "size": "0.00891551", "price": "3130.04000000", "time": "2025-07-16T00:21:52.230807Z", "fetched_at": "2025-07-16T00:23:24.964934+00:00", "symbol": "ETH-USD"}, {"trade_id": 667684036, "side": "sell", "size": "0.00319436", "price": "3129.88000000", "time": "2025-07-16T00:21:52.230807Z", "fetched_at": "2025-07-16T00:23:24.964934+00:00", "symbol": "ETH-USD"}, {"trade_id": 667684035, "side": "sell", "size": "0.00103932", "price": "3129.88000000", "time": "2025-07-16T00:21:52.189684Z", "fetched_at": "2025-07-16T00:23:24.964934+00:00", "symbol": "ETH-USD"}, {"trade_id": 667684034, "side": "sell", "size": "0.00501621", "price": "3129.78000000", "time": "2025-07-16T00:21:52.189684Z", "fetched_at": "2025-07-16T00:23:24.964934+00:00", "symbol": "ETH-USD"}, {"trade_id": 667684033, "side": "sell", "size": "0.80000000", "price": "3129.50000000", "time": "2025-07-16T00:21:52.027360Z", "fetched_at": "2025-07-16T00:23:24.964934+00:00", "symbol": "ETH-USD"}, {"trade_id": 667684032, "side": "buy", "size": "0.00083000", "price": "3129.61000000", "time": "2025-07-16T00:21:50.969190Z", "fetched_at": "2025-07-16T00:23:24.964934+00:00", "symbol": "ETH-USD"}, {"trade_id": 667684031, "side": "buy", "size": "0.00100000", "price": "3129.61000000", "time": "2025-07-16T00:21:50.969190Z", "fetched_at": "2025-07-16T00:23:24.964934+00:00", "symbol": "ETH-USD"}, {"trade_id": 667684030, "side": "sell", "size": "0.05966739", "price": "3129.78000000", "time": "2025-07-16T00:21:50.912844Z", "fetched_at": "2025-07-16T00:23:24.964934+00:00", "symbol": "ETH-USD"}, {"trade_id": 667684029, "side": "sell", "size": "0.10000000", "price": "3129.76000000", "time": "2025-07-16T00:21:50.912844Z", "fetched_at": "2025-07-16T00:23:24.964934+00:00", "symbol": "ETH-USD"}, {"trade_id": 667684028, "side": "sell", "size": "0.00319419", "price": "3129.75000000", "time": "2025-07-16T00:21:50.912844Z", "fetched_at": "2025-07-16T00:23:24.964934+00:00", "symbol": "ETH-USD"}, {"trade_id": 667684027, "side": "buy", "size": "0.00319493", "price": "3129.96000000", "time": "2025-07-16T00:21:50.463767Z", "fetched_at": "2025-07-16T00:23:24.964934+00:00", "symbol": "ETH-USD"}, {"trade_id": 667684026, "side": "buy", "size": "0.04976632", "price": "3130.17000000", "time": "2025-07-16T00:21:50.406579Z", "fetched_at": "2025-07-16T00:23:24.964934+00:00", "symbol": "ETH-USD"}, {"trade_id": 667684025, "side": "buy", "size": "2.86076558", "price": "3129.75000000", "time": "2025-07-16T00:21:50.400857Z", "fetched_at": "2025-07-16T00:23:24.964934+00:00", "symbol": "ETH-USD"}, {"trade_id": 667684024, "side": "buy", "size": "0.34052805", "price": "3129.77000000", "time": "2025-07-16T00:21:50.400857Z", "fetched_at": "2025-07-16T00:23:24.964934+00:00", "symbol": "ETH-USD"}, {"trade_id": 667684023, "side": "buy", "size": "0.00100000", "price": "3129.84000000", "time": "2025-07-16T00:21:50.400857Z", "fetched_at": "2025-07-16T00:23:24.964934+00:00", "symbol": "ETH-USD"}, {"trade_id": 667684022, "side": "buy", "size": "0.33029673", "price": "3129.87000000", "time": "2025-07-16T00:21:50.400857Z", "fetched_at": "2025-07-16T00:23:24.964934+00:00", "symbol": "ETH-USD"}, {"trade_id": 667684021, "side": "buy", "size": "0.79874983", "price": "3129.89000000", "time": "2025-07-16T00:21:50.400857Z", "fetched_at": "2025-07-16T00:23:24.964934+00:00", "symbol": "ETH-USD"}, {"trade_id": 667684020, "side": "buy", "size": "0.63377897", "price": "3129.90000000", "time": "2025-07-16T00:21:50.400857Z", "fetched_at": "2025-07-16T00:23:24.964934+00:00", "symbol": "ETH-USD"}, {"trade_id": 667684019, "side": "buy", "size": "0.80934005", "price": "3129.90000000", "time": "2025-07-16T00:21:50.400532Z", "fetched_at": "2025-07-16T00:23:24.964934+00:00", "symbol": "ETH-USD"}, {"trade_id": 667684018, "side": "buy", "size": "0.86730426", "price": "3129.92000000", "time": "2025-07-16T00:21:50.400532Z", "fetched_at": "2025-07-16T00:23:24.964934+00:00", "symbol": "ETH-USD"}, {"trade_id": 667684017, "side": "buy", "size": "1.53997869", "price": "3129.92000000", "time": "2025-07-16T00:21:50.400532Z", "fetched_at": "2025-07-16T00:23:24.964934+00:00", "symbol": "ETH-USD"}, {"trade_id": 667684016, "side": "buy", "size": "0.30457543", "price": "3129.93000000", "time": "2025-07-16T00:21:50.400532Z", "fetched_at": "2025-07-16T00:23:24.964934+00:00", "symbol": "ETH-USD"}, {"trade_id": 667684015, "side": "buy", "size": "1.29999967", "price": "3129.96000000", "time": "2025-07-16T00:21:50.400532Z", "fetched_at": "2025-07-16T00:23:24.964934+00:00", "symbol": "ETH-USD"}, {"trade_id": 667684014, "side": "buy", "size": "0.78334524", "price": "3129.99000000", "time": "2025-07-16T00:21:50.400532Z", "fetched_at": "2025-07-16T00:23:24.964934+00:00", "symbol": "ETH-USD"}, {"trade_id": 667684013, "side": "buy", "size": "0.02390447", "price": "3130.00000000", "time": "2025-07-16T00:21:50.400532Z", "fetched_at": "2025-07-16T00:23:24.964934+00:00", "symbol": "ETH-USD"}, {"trade_id": 667684012, "side": "buy", "size": "1.44308214", "price": "3130.02000000", "time": "2025-07-16T00:21:50.400532Z", "fetched_at": "2025-07-16T00:23:24.964934+00:00", "symbol": "ETH-USD"}, {"trade_id": 667684011, "side": "buy", "size": "0.79871602", "price": "3130.02000000", "time": "2025-07-16T00:21:50.400532Z", "fetched_at": "2025-07-16T00:23:24.964934+00:00", "symbol": "ETH-USD"}