[{"trade_id": 667665968, "side": "buy", "size": "0.00214022", "price": "3130.49000000", "time": "2025-07-15T23:39:30.670895Z", "fetched_at": "2025-07-15T23:39:34.094554+00:00", "symbol": "ETH-USD"}, {"trade_id": 667665967, "side": "buy", "size": "0.95556276", "price": "3130.31000000", "time": "2025-07-15T23:39:29.932097Z", "fetched_at": "2025-07-15T23:39:34.094554+00:00", "symbol": "ETH-USD"}, {"trade_id": 667665966, "side": "buy", "size": "0.00216133", "price": "3130.33000000", "time": "2025-07-15T23:39:29.932097Z", "fetched_at": "2025-07-15T23:39:34.094554+00:00", "symbol": "ETH-USD"}, {"trade_id": 667665965, "side": "buy", "size": "0.00042000", "price": "3130.36000000", "time": "2025-07-15T23:39:29.932097Z", "fetched_at": "2025-07-15T23:39:34.094554+00:00", "symbol": "ETH-USD"}, {"trade_id": 667665964, "side": "sell", "size": "0.00398040", "price": "3130.59000000", "time": "2025-07-15T23:39:29.281801Z", "fetched_at": "2025-07-15T23:39:34.094554+00:00", "symbol": "ETH-USD"}, {"trade_id": 667665963, "side": "buy", "size": "0.03213113", "price": "3130.32000000", "time": "2025-07-15T23:39:29.124832Z", "fetched_at": "2025-07-15T23:39:34.094554+00:00", "symbol": "ETH-USD"}, {"trade_id": 667665962, "side": "buy", "size": "0.00219067", "price": "3130.33000000", "time": "2025-07-15T23:39:29.124832Z", "fetched_at": "2025-07-15T23:39:34.094554+00:00", "symbol": "ETH-USD"}, {"trade_id": 667665961, "side": "buy", "size": "0.00045000", "price": "3130.38000000", "time": "2025-07-15T23:39:29.124832Z", "fetched_at": "2025-07-15T23:39:34.094554+00:00", "symbol": "ETH-USD"}, {"trade_id": 667665960, "side": "buy", "size": "0.00043000", "price": "3130.63000000", "time": "2025-07-15T23:39:29.124832Z", "fetched_at": "2025-07-15T23:39:34.094554+00:00", "symbol": "ETH-USD"}, {"trade_id": 667665959, "side": "sell", "size": "0.01585106", "price": "3130.39000000", "time": "2025-07-15T23:39:28.234452Z", "fetched_at": "2025-07-15T23:39:34.094554+00:00", "symbol": "ETH-USD"}, {"trade_id": 667665958, "side": "buy", "size": "0.00225191", "price": "3130.63000000", "time": "2025-07-15T23:39:28.212949Z", "fetched_at": "2025-07-15T23:39:34.094554+00:00", "symbol": "ETH-USD"}, {"trade_id": 667665957, "side": "buy", "size": "0.00225191", "price": "3130.64000000", "time": "2025-07-15T23:39:28.169455Z", "fetched_at": "2025-07-15T23:39:34.094554+00:00", "symbol": "ETH-USD"}, {"trade_id": 667665956, "side": "buy", "size": "0.01292809", "price": "3130.64000000", "time": "2025-07-15T23:39:28.152319Z", "fetched_at": "2025-07-15T23:39:34.094554+00:00", "symbol": "ETH-USD"}, {"trade_id": 667665955, "side": "buy", "size": "0.00225191", "price": "3130.64000000", "time": "2025-07-15T23:39:28.152319Z", "fetched_at": "2025-07-15T23:39:34.094554+00:00", "symbol": "ETH-USD"}, {"trade_id": 667665954, "side": "buy", "size": "0.00432176", "price": "3130.30000000", "time": "2025-07-15T23:39:27.717967Z", "fetched_at": "2025-07-15T23:39:34.094554+00:00", "symbol": "ETH-USD"}, {"trade_id": 667665953, "side": "buy", "size": "0.00100000", "price": "3130.30000000", "time": "2025-07-15T23:39:27.717967Z", "fetched_at": "2025-07-15T23:39:34.094554+00:00", "symbol": "ETH-USD"}, {"trade_id": 667665952, "side": "buy", "size": "0.00228312", "price": "3130.64000000", "time": "2025-07-15T23:39:27.717967Z", "fetched_at": "2025-07-15T23:39:34.094554+00:00", "symbol": "ETH-USD"}, {"trade_id": 667665951, "side": "buy", "size": "0.00046000", "price": "3130.64000000", "time": "2025-07-15T23:39:27.717967Z", "fetched_at": "2025-07-15T23:39:34.094554+00:00", "symbol": "ETH-USD"}, {"trade_id": 667665950, "side": "sell", "size": "0.00308383", "price": "3130.65000000", "time": "2025-07-15T23:39:27.421399Z", "fetched_at": "2025-07-15T23:39:34.094554+00:00", "symbol": "ETH-USD"}, {"trade_id": 667665949, "side": "sell", "size": "0.01552257", "price": "3130.65000000", "time": "2025-07-15T23:39:27.236634Z", "fetched_at": "2025-07-15T23:39:34.094554+00:00", "symbol": "ETH-USD"}, {"trade_id": 667665948, "side": "sell", "size": "0.00271961", "price": "3130.75000000", "time": "2025-07-15T23:39:26.577861Z", "fetched_at": "2025-07-15T23:39:34.094554+00:00", "symbol": "ETH-USD"}, {"trade_id": 667665947, "side": "sell", "size": "0.10619550", "price": "3131.15000000", "time": "2025-07-15T23:39:25.871728Z", "fetched_at": "2025-07-15T23:39:34.094554+00:00", "symbol": "ETH-USD"}, {"trade_id": 667665946, "side": "sell", "size": "0.19056226", "price": "3131.15000000", "time": "2025-07-15T23:39:25.871728Z", "fetched_at": "2025-07-15T23:39:34.094554+00:00", "symbol": "ETH-USD"}, {"trade_id": 667665945, "side": "sell", "size": "0.00012455", "price": "3131.11000000", "time": "2025-07-15T23:39:25.871728Z", "fetched_at": "2025-07-15T23:39:34.094554+00:00", "symbol": "ETH-USD"}, {"trade_id": 667665944, "side": "sell", "size": "0.00024002", "price": "3131.00000000", "time": "2025-07-15T23:39:25.871728Z", "fetched_at": "2025-07-15T23:39:34.094554+00:00", "symbol": "ETH-USD"}, {"trade_id": 667665943, "side": "sell", "size": "0.60000000", "price": "3130.99000000", "time": "2025-07-15T23:39:25.871728Z", "fetched_at": "2025-07-15T23:39:34.094554+00:00", "symbol": "ETH-USD"}, {"trade_id": 667665942, "side": "sell", "size": "0.03084466", "price": "3130.97000000", "time": "2025-07-15T23:39:25.871728Z", "fetched_at": "2025-07-15T23:39:34.094554+00:00", "symbol": "ETH-USD"}, {"trade_id": 667665941, "side": "sell", "size": "0.00319391", "price": "3130.96000000", "time": "2025-07-15T23:39:25.871728Z", "fetched_at": "2025-07-15T23:39:34.094554+00:00", "symbol": "ETH-USD"}, {"trade_id": 667665940, "side": "sell", "size": "0.00015714", "price": "3130.54000000", "time": "2025-07-15T23:39:25.871728Z", "fetched_at": "2025-07-15T23:39:34.094554+00:00", "symbol": "ETH-USD"}, {"trade_id": 667665939, "side": "buy", "size": "0.07900000", "price": "3130.53000000", "time": "2025-07-15T23:39:25.810291Z", "fetched_at": "2025-07-15T23:39:34.094554+00:00", "symbol": "ETH-USD"}, {"trade_id": 667665938, "side": "buy", "size": "0.00100000", "price": "3130.53000000", "time": "2025-07-15T23:39:25.810291Z", "fetched_at": "2025-07-15T23:39:34.094554+00:00", "symbol": "ETH-USD"}, {"trade_id": 667665937, "side": "buy", "size": "0.00151760", "price": "3130.99000000", "time": "2025-07-15T23:39:25.531530Z", "fetched_at": "2025-07-15T23:39:34.094554+00:00", "symbol": "ETH-USD"}, {"trade_id": 667665936, "side": "buy", "size": "0.00100000", "price": "3130.99000000", "time": "2025-07-15T23:39:25.531530Z", "fetched_at": "2025-07-15T23:39:34.094554+00:00", "symbol": "ETH-USD"}, {"trade_id": 667665935, "side": "sell", "size": "0.62115458", "price": "3131.00000000", "time": "2025-07-15T23:39:24.883014Z", "fetched_at": "2025-07-15T23:39:34.094554+00:00", "symbol": "ETH-USD"}, {"trade_id": 667665934, "side": "buy", "size": "0.00251566", "price": "3131.30000000", "time": "2025-07-15T23:39:23.925478Z", "fetched_at": "2025-07-15T23:39:34.094554+00:00", "symbol": "ETH-USD"}, {"trade_id": 667665933, "side": "sell", "size": "0.00316333", "price": "3131.35000000", "time": "2025-07-15T23:39:23.922122Z", "fetched_at": "2025-07-15T23:39:34.094554+00:00", "symbol": "ETH-USD"}, {"trade_id": 667665932, "side": "sell", "size": "0.15714408", "price": "3131.33000000", "time": "2025-07-15T23:39:23.858932Z", "fetched_at": "2025-07-15T23:39:34.094554+00:00", "symbol": "ETH-USD"}, {"trade_id": 667665931, "side": "buy", "size": "0.19034662", "price": "3131.21000000", "time": "2025-07-15T23:39:23.751888Z", "fetched_at": "2025-07-15T23:39:34.094554+00:00", "symbol": "ETH-USD"}, {"trade_id": 667665930, "side": "buy", "size": "0.19283771", "price": "3131.21000000", "time": "2025-07-15T23:39:23.749946Z", "fetched_at": "2025-07-15T23:39:34.094554+00:00", "symbol": "ETH-USD"}, {"trade_id": 667665929, "side": "buy", "size": "1.61681567", "price": "3131.21000000", "time": "2025-07-15T23:39:23.747615Z", "fetched_at": "2025-07-15T23:39:34.094554+00:00", "symbol": "ETH-USD"}, {"trade_id": 667665928, "side": "buy", "size": "0.02734734", "price": "3131.30000000", "time": "2025-07-15T23:39:23.747615Z", "fetched_at": "2025-07-15T23:39:34.094554+00:00", "symbol": "ETH-USD"}, {"trade_id": 667665927, "side": "buy", "size": "0.30190998", "price": "3131.30000000", "time": "2025-07-15T23:39:23.737638Z", "fetched_at": "2025-07-15T23:39:34.094554+00:00", "symbol": "ETH-USD"}, {"trade_id": 667665926, "side": "buy", "size": "0.02734734", "price": "3131.31000000", "time": "2025-07-15T23:39:23.737638Z", "fetched_at": "2025-07-15T23:39:34.094554+00:00", "symbol": "ETH-USD"}, {"trade_id": 667665925, "side": "buy", "size": "0.04641740", "price": "3131.32000000", "time": "2025-07-15T23:39:23.737638Z", "fetched_at": "2025-07-15T23:39:34.094554+00:00", "symbol": "ETH-USD"}, {"trade_id": 667665924, "side": "buy", "size": "1.00000000", "price": "3131.51000000", "time": "2025-07-15T23:39:23.728950Z", "fetched_at": "2025-07-15T23:39:34.094554+00:00", "symbol": "ETH-USD"}, {"trade_id": 667665923, "side": "buy", "size": "0.17896687", "price": "3131.67000000", "time": "2025-07-15T23:39:23.727838Z", "fetched_at": "2025-07-15T23:39:34.094554+00:00", "symbol": "ETH-USD"}, {"trade_id": 667665922, "side": "buy", "size": "0.58451687", "price": "3131.67000000", "time": "2025-07-15T23:39:23.727501Z", "fetched_at": "2025-07-15T23:39:34.094554+00:00", "symbol": "ETH-USD"}, {"trade_id": 667665921, "side": "buy", "size": "0.59608925", "price": "3131.67000000", "time": "2025-07-15T23:39:23.727501Z", "fetched_at": "2025-07-15T23:39:34.094554+00:00", "symbol": "ETH-USD"}, {"trade_id": 667665920, "side": "buy", "size": "0.00253260", "price": "3131.67000000", "time": "2025-07-15T23:39:23.727501Z", "fetched_at": "2025-07-15T23:39:34.094554+00:00", "symbol": "ETH-USD"}, {"trade_id": 667665919, "side": "sell", "size": "0.00100000", "price": "3131.22000000", "time": "2025-07-15T23:39:22.867192Z", "fetched_at": "2025-07-15T23:39:34.094554+00:00", "symbol": "ETH-USD"}, {"trade_id": 667665918, "side": "sell", "size": "0.00379072", "price": "3131.15000000", "time": "2025-07-15T23:39:21.298401Z", "fetched_at": "2025-07-15T23:39:34.094554+00:00", "symbol": "ETH-USD"}, {"trade_id": 667665917, "side": "sell", "size": "0.00241778", "price": "3131.14000000", "time": "2025-07-15T23:39:21.298401Z", "fetched_at": "2025-07-15T23:39:34.094554+00:00", "symbol": "ETH-USD"}, {"trade_id": 667665916, "side": "sell", "size": "0.45097749", "price": "3131.12000000", "time": "2025-07-15T23:39:20.923646Z", "fetched_at": "2025-07-15T23:39:34.094554+00:00", "symbol": "ETH-USD"}, {"trade_id": 667665915, "side": "sell", "size": "0.00024001", "price": "3131.11000000", "time": "2025-07-15T23:39:20.923646Z", "fetched_at": "2025-07-15T23:39:34.094554+00:00", "symbol": "ETH-USD"}, {"trade_id": 667665914, "side": "sell", "size": "0.00242719", "price": "3130.85000000", "time": "2025-07-15T23:39:20.923646Z", "fetched_at": "2025-07-15T23:39:34.094554+00:00", "symbol": "ETH-USD"}, {"trade_id": 667665913, "side": "sell", "size": "0.00141773", "price": "3131.06000000", "time": "2025-07-15T23:39:19.688825Z", "fetched_at": "2025-07-15T23:39:34.094554+00:00", "symbol": "ETH-USD"}, {"trade_id": 667665912, "side": "sell", "size": "0.00243628", "price": "3131.05000000", "time": "2025-07-15T23:39:19.688825Z", "fetched_at": "2025-07-15T23:39:34.094554+00:00", "symbol": "ETH-USD"}, {"trade_id": 667665911, "side": "sell", "size": "0.00080183", "price": "3130.84000000", "time": "2025-07-15T23:39:19.688825Z", "fetched_at": "2025-07-15T23:39:34.094554+00:00", "symbol": "ETH-USD"}, {"trade_id": 667665910, "side": "sell", "size": "0.05539089", "price": "3131.07000000", "time": "2025-07-15T23:39:19.453504Z", "fetched_at": "2025-07-15T23:39:34.094554+00:00", "symbol": "ETH-USD"}, {"trade_id": 667665909, "side": "sell", "size": "0.00184260", "price": "3131.06000000", "time": "2025-07-15T23:39:19.453504Z", "fetched_at": "2025-07-15T23:39:34.094554+00:00", "symbol": "ETH-USD"}, {"trade_id": 667665908, "side": "sell", "size": "0.00100000", "price": "3130.99000000", "time": "2025-07-15T23:39:19.453504Z", "fetched_at": "2025-07-15T23:39:34.094554+00:00", "symbol": "ETH-USD"}, {"trade_id": 667665907, "side": "sell", "size": "0.00085772", "price": "3130.84000000", "time": "2025-07-15T23:39:19.453504Z", "fetched_at": "2025-07-15T23:39:34.094554+00:00", "symbol": "ETH-USD"}, {"trade_id": 667665906, "side": "sell", "size": "0.00100000", "price": "3130.76000000", "time": "2025-07-15T23:39:19.453504Z", "fetched_at": "2025-07-15T23:39:34.094554+00:00", "symbol": "ETH-USD"}, {"trade_id": 667665905, "side": "sell", "size": "0.00100000", "price": "3130.53000000", "time": "2025-07-15T23:39:19.453504Z", "fetched_at": "2025-07-15T23:39:34.094554+00:00", "symbol": "ETH-USD"}, {"trade_id": 667665904, "side": "sell", "size": "0.00100000", "price": "3130.30000000", "time": "2025-07-15T23:39:19.453504Z", "fetched_at": "2025-07-15T23:39:34.094554+00:00", "symbol": "ETH-USD"}, {"trade_id": 667665903, "side": "buy", "size": "0.02352702", "price": "3130.29000000", "time": "2025-07-15T23:39:19.085277Z", "fetched_at": "2025-07-15T23:39:34.094554+00:00", "symbol": "ETH-USD"}, {"trade_id": 667665902, "side": "buy", "size": "0.00206213", "price": "3130.29000000", "time": "2025-07-15T23:39:19.085277Z", "fetched_at": "2025-07-15T23:39:34.094554+00:00", "symbol": "ETH-USD"}, {"trade_id": 667665901, "side": "sell", "size": "0.00004956", "price": "3130.07000000", "time": "2025-07-15T23:39:18.103271Z", "fetched_at": "2025-07-15T23:39:34.094554+00:00", "symbol": "ETH-USD"}, {"trade_id": 667665900, "side": "sell", "size": "0.00002770", "price": "3130.07000000", "time": "2025-07-15T23:39:18.103271Z", "fetched_at": "2025-07-15T23:39:34.094554+00:00", "symbol": "ETH-USD"}, {"trade_id": 667665899, "side": "sell", "size": "0.00100000", "price": "3130.07000000", "time": "2025-07-15T23:39:18.103271Z", "fetched_at": "2025-07-15T23:39:34.094554+00:00", "symbol": "ETH-USD"}, {"trade_id": 667665898, "side": "sell", "size": "0.00010334", "price": "3129.93000000", "time": "2025-07-15T23:39:17.991942Z", "fetched_at": "2025-07-15T23:39:34.094554+00:00", "symbol": "ETH-USD"}, {"trade_id": 667665897, "side": "buy", "size": "0.00043000", "price": "3129.81000000", "time": "2025-07-15T23:39:17.146953Z", "fetched_at": "2025-07-15T23:39:34.094554+00:00", "symbol": "ETH-USD"}, {"trade_id": 667665896, "side": "buy", "size": "0.00216735", "price": "3129.83000000", "time": "2025-07-15T23:39:17.146953Z", "fetched_at": "2025-07-15T23:39:34.094554+00:00", "symbol": "ETH-USD"}, {"trade_id": 667665895, "side": "buy", "size": "0.00805798", "price": "3129.74000000", "time": "2025-07-15T23:39:16.631840Z", "fetched_at": "2025-07-15T23:39:34.094554+00:00", "symbol": "ETH-USD"}, {"trade_id": 667665894, "side": "buy", "size": "0.00215065", "price": "3129.75000000", "time": "2025-07-15T23:39:16.631840Z", "fetched_at": "2025-07-15T23:39:34.094554+00:00", "symbol": "ETH-USD"}, {"trade_id": 667665893, "side": "buy", "size": "0.04416588", "price": "3129.91000000", "time": "2025-07-15T23:39:16.535470Z", "fetched_at": "2025-07-15T23:39:34.094554+00:00", "symbol": "ETH-USD"}, {"trade_id": 667665892, "side": "sell", "size": "0.79874058", "price": "3129.93000000", "time": "2025-07-15T23:39:16.471878Z", "fetched_at": "2025-07-15T23:39:34.094554+00:00", "symbol": "ETH-USD"}, {"trade_id": 667665891, "side": "sell", "size": "0.15974876", "price": "3129.92000000", "time": "2025-07-15T23:39:16.471878Z", "fetched_at": "2025-07-15T23:39:34.094554+00:00", "symbol": "ETH-USD"}, {"trade_id": 667665890, "side": "sell", "size": "0.00242949", "price": "3129.91000000", "time": "2025-07-15T23:39:16.471878Z", "fetched_at": "2025-07-15T23:39:34.094554+00:00", "symbol": "ETH-USD"}, {"trade_id": 667665889, "side": "sell", "size": "0.00100000", "price": "3129.61000000", "time": "2025-07-15T23:39:16.464714Z", "fetched_at": "2025-07-15T23:39:34.094554+00:00", "symbol": "ETH-USD"}, {"trade_id": 667665888, "side": "sell", "size": "0.00042640", "price": "3129.57000000", "time": "2025-07-15T23:39:16.464714Z", "fetched_at": "2025-07-15T23:39:34.094554+00:00", "symbol": "ETH-USD"}, {"trade_id": 667665887, "side": "sell", "size": "0.00010335", "price": "3129.57000000", "time": "2025-07-15T23:39:16.464714Z", "fetched_at": "2025-07-15T23:39:34.094554+00:00", "symbol": "ETH-USD"}, {"trade_id": 667665886, "side": "sell", "size": "0.00011177", "price": "3129.57000000", "time": "2025-07-15T23:39:16.464714Z", "fetched_at": "2025-07-15T23:39:34.094554+00:00", "symbol": "ETH-USD"}, {"trade_id": 667665885, "side": "sell", "size": "0.00317983", "price": "3129.57000000", "time": "2025-07-15T23:39:16.464714Z", "fetched_at": "2025-07-15T23:39:34.094554+00:00", "symbol": "ETH-USD"}, {"trade_id": 667665884, "side": "buy", "size": "0.22977670", "price": "3129.56000000", "time": "2025-07-15T23:39:14.963385Z", "fetched_at": "2025-07-15T23:39:34.094554+00:00", "symbol": "ETH-USD"}, {"trade_id": 667665883, "side": "buy", "size": "0.00031951", "price": "3129.56000000", "time": "2025-07-15T23:39:14.566157Z", "fetched_at": "2025-07-15T23:39:34.094554+00:00", "symbol": "ETH-USD"}, {"trade_id": 667665882, "side": "buy", "size": "0.00415318", "price": "3129.56000000", "time": "2025-07-15T23:39:14.236905Z", "fetched_at": "2025-07-15T23:39:34.094554+00:00", "symbol": "ETH-USD"}, {"trade_id": 667665881, "side": "sell", "size": "0.00915520", "price": "3129.42000000", "time": "2025-07-15T23:39:14.103757Z", "fetched_at": "2025-07-15T23:39:34.094554+00:00", "symbol": "ETH-USD"}, {"trade_id": 667665880, "side": "sell", "size": "0.00010334", "price": "3129.28000000", "time": "2025-07-15T23:39:14.103757Z", "fetched_at": "2025-07-15T23:39:34.094554+00:00", "symbol": "ETH-USD"}, {"trade_id": 667665879, "side": "sell", "size": "0.00005589", "price": "3129.28000000", "time": "2025-07-15T23:39:14.103757Z", "fetched_at": "2025-07-15T23:39:34.094554+00:00", "symbol": "ETH-USD"}, {"trade_id": 667665878, "side": "sell", "size": "0.30000000", "price": "3129.10000000", "time": "2025-07-15T23:39:13.984601Z", "fetched_at": "2025-07-15T23:39:34.094554+00:00", "symbol": "ETH-USD"}, {"trade_id": 667665877, "side": "sell", "size": "0.65002992", "price": "3129.06000000", "time": "2025-07-15T23:39:13.984601Z", "fetched_at": "2025-07-15T23:39:34.094554+00:00", "symbol": "ETH-USD"}, {"trade_id": 667665876, "side": "sell", "size": "0.00319564", "price": "3129.04000000", "time": "2025-07-15T23:39:13.984601Z", "fetched_at": "2025-07-15T23:39:34.094554+00:00", "symbol": "ETH-USD"}, {"trade_id": 667665875, "side": "sell", "size": "0.02088173", "price": "3128.98000000", "time": "2025-07-15T23:39:13.655453Z", "fetched_at": "2025-07-15T23:39:34.094554+00:00", "symbol": "ETH-USD"}, {"trade_id": 667665874, "side": "sell", "size": "0.00319538", "price": "3128.97000000", "time": "2025-07-15T23:39:13.655453Z", "fetched_at": "2025-07-15T23:39:34.094554+00:00", "symbol": "ETH-USD"}, {"trade_id": 667665873, "side": "sell", "size": "0.00620950", "price": "3128.97000000", "time": "2025-07-15T23:39:13.502347Z", "fetched_at": "2025-07-15T23:39:34.094554+00:00", "symbol": "ETH-USD"}, {"trade_id": 667665872, "side": "sell", "size": "0.00474389", "price": "3129.05000000", "time": "2025-07-15T23:39:13.335523Z", "fetched_at": "2025-07-15T23:39:34.094554+00:00", "symbol": "ETH-USD"}, {"trade_id": 667665871, "side": "sell", "size": "0.15214068", "price": "3129.06000000", "time": "2025-07-15T23:39:13.272615Z", "fetched_at": "2025-07-15T23:39:34.094554+00:00", "symbol": "ETH-USD"}, {"trade_id": 667665870, "side": "sell", "size": "0.00319536", "price": "3129.05000000", "time": "2025-07-15T23:39:13.272615Z", "fetched_at": "2025-07-15T23:39:34.094554+00:00", "symbol": "ETH-USD"}, {"trade_id": 667665869, "side": "sell", "size": "0.02273637", "price": "3128.93000000", "time": "2025-07-15T23:39:12.987575Z", "fetched_at": "2025-07-15T23:39:34.094554+00:00", "symbol": "ETH-USD"}, {"trade_id": 667665868, "side": "buy", "size": "0.00123475", "price": "3129.13000000", "time": "2025-07-15T23:39:12.466322Z", "fetched_at": "2025-07-15T23:39:34.094554+00:00", "symbol": "ETH-USD"}, {"trade_id": 667665867, "side": "buy", "size": "0.00123475", "price": "3129.13000000", "time": "2025-07-15T23:39:12.451357Z", "fetched_at": "2025-07-15T23:39:34.094554+00:00", "symbol": "ETH-USD"}, {"trade_id": 667665866, "side": "buy", "size": "0.00100000", "price": "3129.15000000", "time": "2025-07-15T23:39:12.388361Z", "fetched_at": "2025-07-15T23:39:34.094554+00:00", "symbol": "ETH-USD"}, {"trade_id": 667665865, "side": "buy", "size": "0.00116645", "price": "3129.27000000", "time": "2025-07-15T23:39:12.377891Z", "fetched_at": "2025-07-15T23:39:34.094554+00:00", "symbol": "ETH-USD"}, {"trade_id": 667665864, "side": "buy", "size": "0.48000000", "price": "3129.37000000", "time": "2025-07-15T23:39:10.374278Z", "fetched_at": "2025-07-15T23:39:34.094554+00:00", "symbol": "ETH-USD"}, {"trade_id": 667665863, "side": "buy", "size": "0.00160714", "price": "3129.27000000", "time": "2025-07-15T23:39:10.245196Z", "fetched_at": "2025-07-15T23:39:34.094554+00:00", "symbol": "ETH-USD"}, {"trade_id": 667665862, "side": "buy", "size": "0.00100000", "price": "3129.38000000", "time": "2025-07-15T23:39:10.225628Z", "fetched_at": "2025-07-15T23:39:34.094554+00:00", "symbol": "ETH-USD"}, {"trade_id": 667665861, "side": "buy", "size": "0.00160703", "price": "3129.48000000", "time": "2025-07-15T23:39:10.209637Z", "fetched_at": "2025-07-15T23:39:34.094554+00:00", "symbol": "ETH-USD"}, {"trade_id": 667665860, "side": "buy", "size": "0.00032000", "price": "3129.50000000", "time": "2025-07-15T23:39:10.169066Z", "fetched_at": "2025-07-15T23:39:34.094554+00:00", "symbol": "ETH-USD"}, {"trade_id": 667665859, "side": "buy", "size": "0.00160563", "price": "3129.50000000", "time": "2025-07-15T23:39:10.169066Z", "fetched_at": "2025-07-15T23:39:34.094554+00:00", "symbol": "ETH-USD"}, {"trade_id": 667665858, "side": "buy", "size": "0.11760000", "price": "3129.82000000", "time": "2025-07-15T23:39:09.847097Z", "fetched_at": "2025-07-15T23:39:34.094554+00:00", "symbol": "ETH-USD"}, {"trade_id": 667665857, "side": "buy", "size": "0.15543953", "price": "3129.82000000", "time": "2025-07-15T23:39:09.847097Z", "fetched_at": "2025-07-15T23:39:34.094554+00:00", "symbol": "ETH-USD"}, {"trade_id": 667665856, "side": "buy", "size": "1.72695696", "price": "3129.82000000", "time": "2025-07-15T23:39:09.846862Z", "fetched_at": "2025-07-15T23:39:34.094554+00:00", "symbol": "ETH-USD"}, {"trade_id": 667665855, "side": "buy", "size": "0.00163761", "price": "3129.83000000", "time": "2025-07-15T23:39:09.846862Z", "fetched_at": "2025-07-15T23:39:34.094554+00:00", "symbol": "ETH-USD"}, {"trade_id": 667665854, "side": "buy", "size": "0.11760351", "price": "3129.82000000", "time": "2025-07-15T23:39:08.965349Z", "fetched_at": "2025-07-15T23:39:34.094554+00:00", "symbol": "ETH-USD"}, {"trade_id": 667665853, "side": "sell", "size": "0.28448664", "price": "3130.28000000", "time": "2025-07-15T23:39:08.431210Z", "fetched_at": "2025-07-15T23:39:34.094554+00:00", "symbol": "ETH-USD"}, {"trade_id": 667665852, "side": "sell", "size": "1.19643238", "price": "3130.27000000", "time": "2025-07-15T23:39:08.431210Z", "fetched_at": "2025-07-15T23:39:34.094554+00:00", "symbol": "ETH-USD"}, {"trade_id": 667665851, "side": "sell", "size": "0.15973337", "price": "3130.22000000", "time": "2025-07-15T23:39:08.431210Z", "fetched_at": "2025-07-15T23:39:34.094554+00:00", "symbol": "ETH-USD"}, {"trade_id": 667665850, "side": "sell", "size": "0.79866845", "price": "3130.21000000", "time": "2025-07-15T23:39:08.431210Z", "fetched_at": "2025-07-15T23:39:34.094554+00:00", "symbol": "ETH-USD"}, {"trade_id": 667665849, "side": "sell", "size": "0.06994754", "price": "3130.20000000", "time": "2025-07-15T23:39:08.431210Z", "fetched_at": "2025-07-15T23:39:34.094554+00:00", "symbol": "ETH-USD"}, {"trade_id": 667665848, "side": "sell", "size": "0.00025552", "price": "3130.18000000", "time": "2025-07-15T23:39:08.431210Z", "fetched_at": "2025-07-15T23:39:34.094554+00:00", "symbol": "ETH-USD"}, {"trade_id": 667665847, "side": "sell", "size": "0.30000000", "price": "3130.10000000", "time": "2025-07-15T23:39:08.431210Z", "fetched_at": "2025-07-15T23:39:34.094554+00:00", "symbol": "ETH-USD"}, {"trade_id": 667665846, "side": "sell", "size": "0.30000000", "price": "3130.00000000", "time": "2025-07-15T23:39:08.431210Z", "fetched_at": "2025-07-15T23:39:34.094554+00:00", "symbol": "ETH-USD"}, {"trade_id": 667665845, "side": "sell", "size": "0.00319483", "price": "3129.85000000", "time": "2025-07-15T23:39:08.431210Z", "fetched_at": "2025-07-15T23:39:34.094554+00:00", "symbol": "ETH-USD"}, {"trade_id": 667665844, "side": "buy", "size": "0.00839315", "price": "3129.84000000", "time": "2025-07-15T23:39:08.322583Z", "fetched_at": "2025-07-15T23:39:34.094554+00:00", "symbol": "ETH-USD"}, {"trade_id": 667665843, "side": "buy", "size": "0.00170999", "price": "3130.17000000", "time": "2025-07-15T23:39:07.164209Z", "fetched_at": "2025-07-15T23:39:34.094554+00:00", "symbol": "ETH-USD"}, {"trade_id": 667665842, "side": "sell", "size": "0.00150230", "price": "3130.26000000", "time": "2025-07-15T23:39:07.133157Z", "fetched_at": "2025-07-15T23:39:34.094554+00:00", "symbol": "ETH-USD"}, {"trade_id": 667665841, "side": "sell", "size": "0.00058081", "price": "3130.31000000", "time": "2025-07-15T23:39:06.696796Z", "fetched_at": "2025-07-15T23:39:34.094554+00:00", "symbol": "ETH-USD"}, {"trade_id": 667665840, "side": "sell", "size": "0.00100000", "price": "3129.84000000", "time": "2025-07-15T23:39:06.696796Z", "fetched_at": "2025-07-15T23:39:34.094554+00:00", "symbol": "ETH-USD"}, {"trade_id": 667665839, "side": "sell", "size": "0.30000000", "price": "3129.60000000", "time": "2025-07-15T23:39:06.258321Z", "fetched_at": "2025-07-15T23:39:34.094554+00:00", "symbol": "ETH-USD"}, {"trade_id": 667665838, "side": "sell", "size": "0.00003815", "price": "3129.53000000", "time": "2025-07-15T23:39:06.254697Z", "fetched_at": "2025-07-15T23:39:34.094554+00:00", "symbol": "ETH-USD"}, {"trade_id": 667665837, "side": "sell", "size": "0.30000000", "price": "3129.50000000", "time": "2025-07-15T23:39:06.254697Z", "fetched_at": "2025-07-15T23:39:34.094554+00:00", "symbol": "ETH-USD"}, {"trade_id": 667665836, "side": "sell", "size": "0.04484666", "price": "3129.44000000", "time": "2025-07-15T23:39:06.254697Z", "fetched_at": "2025-07-15T23:39:34.094554+00:00", "symbol": "ETH-USD"}, {"trade_id": 667665835, "side": "sell", "size": "0.03104207", "price": "3129.44000000", "time": "2025-07-15T23:39:06.250602Z", "fetched_at": "2025-07-15T23:39:34.094554+00:00", "symbol": "ETH-USD"}, {"trade_id": 667665834, "side": "buy", "size": "0.08013866", "price": "3129.43000000", "time": "2025-07-15T23:39:06.216455Z", "fetched_at": "2025-07-15T23:39:34.094554+00:00", "symbol": "ETH-USD"}, {"trade_id": 667665833, "side": "sell", "size": "0.00005588", "price": "3129.21000000", "time": "2025-07-15T23:39:05.855118Z", "fetched_at": "2025-07-15T23:39:34.094554+00:00", "symbol": "ETH-USD"}, {"trade_id": 667665832, "side": "sell", "size": "0.00015248", "price": "3129.21000000", "time": "2025-07-15T23:39:05.855118Z", "fetched_at": "2025-07-15T23:39:34.094554+00:00", "symbol": "ETH-USD"}, {"trade_id": 667665831, "side": "sell", "size": "0.00106706", "price": "3128.69000000", "time": "2025-07-15T23:39:05.633260Z", "fetched_at": "2025-07-15T23:39:34.094554+00:00", "symbol": "ETH-USD"}, {"trade_id": 667665830, "side": "buy", "size": "0.00948802", "price": "3128.68000000", "time": "2025-07-15T23:39:05.412455Z", "fetched_at": "2025-07-15T23:39:34.094554+00:00", "symbol": "ETH-USD"}, {"trade_id": 667665829, "side": "sell", "size": "0.00106706", "price": "3128.66000000", "time": "2025-07-15T23:39:05.187024Z", "fetched_at": "2025-07-15T23:39:34.094554+00:00", "symbol": "ETH-USD"}, {"trade_id": 667665828, "side": "sell", "size": "0.16762871", "price": "3128.66000000", "time": "2025-07-15T23:39:05.187024Z", "fetched_at": "2025-07-15T23:39:34.094554+00:00", "symbol": "ETH-USD"}, {"trade_id": 667665827, "side": "sell", "size": "0.00106706", "price": "3128.12000000", "time": "2025-07-15T23:39:05.122787Z", "fetched_at": "2025-07-15T23:39:34.094554+00:00", "symbol": "ETH-USD"}, {"trade_id": 667665826, "side": "sell", "size": "0.29484000", "price": "3128.00000000", "time": "2025-07-15T23:39:04.966721Z", "fetched_at": "2025-07-15T23:39:34.094554+00:00", "symbol": "ETH-USD"}, {"trade_id": 667665825, "side": "sell", "size": "0.00106706", "price": "3127.79000000", "time": "2025-07-15T23:39:04.966721Z", "fetched_at": "2025-07-15T23:39:34.094554+00:00", "symbol": "ETH-USD"}, {"trade_id": 667665824, "side": "buy", "size": "0.00146940", "price": "3128.04000000", "time": "2025-07-15T23:39:04.560257Z", "fetched_at": "2025-07-15T23:39:34.094554+00:00", "symbol": "ETH-USD"}, {"trade_id": 667665823, "side": "buy", "size": "2.00000000", "price": "3127.95000000", "time": "2025-07-15T23:39:04.519940Z", "fetched_at": "2025-07-15T23:39:34.094554+00:00", "symbol": "ETH-USD"}, {"trade_id": 667665822, "side": "buy", "size": "0.00146944", "price": "3127.96000000", "time": "2025-07-15T23:39:04.519940Z", "fetched_at": "2025-07-15T23:39:34.094554+00:00", "symbol": "ETH-USD"}, {"trade_id": 667665821, "side": "buy", "size": "0.00100000", "price": "3128.00000000", "time": "2025-07-15T23:39:04.519940Z", "fetched_at": "2025-07-15T23:39:34.094554+00:00", "symbol": "ETH-USD"}, {"trade_id": 667665820, "side": "buy", "size": "0.06698804", "price": "3128.24000000", "time": "2025-07-15T23:39:04.484092Z", "fetched_at": "2025-07-15T23:39:34.094554+00:00", "symbol": "ETH-USD"}, {"trade_id": 667665819, "side": "buy", "size": "0.00146375", "price": "3128.24000000", "time": "2025-07-15T23:39:04.484092Z", "fetched_at": "2025-07-15T23:39:34.094554+00:00", "symbol": "ETH-USD"}, {"trade_id": 667665818, "side": "sell", "size": "0.00221378", "price": "3128.53000000", "time": "2025-07-15T23:39:04.347718Z", "fetched_at": "2025-07-15T23:39:34.094554+00:00", "symbol": "ETH-USD"}, {"trade_id": 667665817, "side": "sell", "size": "0.00516288", "price": "3128.70000000", "time": "2025-07-15T23:39:04.298516Z", "fetched_at": "2025-07-15T23:39:34.094554+00:00", "symbol": "ETH-USD"}, {"trade_id": 667665816, "side": "sell", "size": "0.00104377", "price": "3128.69000000", "time": "2025-07-15T23:39:04.298516Z", "fetched_at": "2025-07-15T23:39:34.094554+00:00", "symbol": "ETH-USD"}, {"trade_id": 667665815, "side": "buy", "size": "0.00149383", "price": "3128.53000000", "time": "2025-07-15T23:39:04.174179Z", "fetched_at": "2025-07-15T23:39:34.094554+00:00", "symbol": "ETH-USD"}, {"trade_id": 667665814, "side": "buy", "size": "0.00550816", "price": "3128.52000000", "time": "2025-07-15T23:39:03.604726Z", "fetched_at": "2025-07-15T23:39:34.094554+00:00", "symbol": "ETH-USD"}, {"trade_id": 667665813, "side": "buy", "size": "0.00051000", "price": "3128.52000000", "time": "2025-07-15T23:39:03.604726Z", "fetched_at": "2025-07-15T23:39:34.094554+00:00", "symbol": "ETH-USD"}, {"trade_id": 667665812, "side": "buy", "size": "0.00138184", "price": "3128.53000000", "time": "2025-07-15T23:39:03.604726Z", "fetched_at": "2025-07-15T23:39:34.094554+00:00", "symbol": "ETH-USD"}, {"trade_id": 667665811, "side": "buy", "size": "0.53147027", "price": "3128.96000000", "time": "2025-07-15T23:39:01.991051Z", "fetched_at": "2025-07-15T23:39:34.094554+00:00", "symbol": "ETH-USD"}, {"trade_id": 667665810, "side": "buy", "size": "0.00181906", "price": "3128.97000000", "time": "2025-07-15T23:39:01.991051Z", "fetched_at": "2025-07-15T23:39:34.094554+00:00", "symbol": "ETH-USD"}, {"trade_id": 667665809, "side": "buy", "size": "2.00000000", "price": "3129.20000000", "time": "2025-07-15T23:39:01.947082Z", "fetched_at": "2025-07-15T23:39:34.094554+00:00", "symbol": "ETH-USD"}, {"trade_id": 667665808, "side": "buy", "size": "0.01279000", "price": "3129.20000000", "time": "2025-07-15T23:39:01.947082Z", "fetched_at": "2025-07-15T23:39:34.094554+00:00", "symbol": "ETH-USD"}, {"trade_id": 667665807, "side": "sell", "size": "0.04237726", "price": "3129.77000000", "time": "2025-07-15T23:39:00.931712Z", "fetched_at": "2025-07-15T23:39:34.094554+00:00", "symbol": "ETH-USD"}, {"trade_id": 667665806, "side": "sell", "size": "0.03250361", "price": "3129.76000000", "time": "2025-07-15T23:39:00.931712Z", "fetched_at": "2025-07-15T23:39:34.094554+00:00", "symbol": "ETH-USD"}, {"trade_id": 667665805, "side": "sell", "size": "0.00048003", "price": "3129.21000000", "time": "2025-07-15T23:39:00.931712Z", "fetched_at": "2025-07-15T23:39:34.094554+00:00", "symbol": "ETH-USD"}, {"trade_id": 667665804, "side": "sell", "size": "0.00110426", "price": "3129.21000000", "time": "2025-07-15T23:39:00.931712Z", "fetched_at": "2025-07-15T23:39:34.094554+00:00", "symbol": "ETH-USD"}, {"trade_id": 667665803, "side": "sell", "size": "0.00302384", "price": "3129.77000000", "time": "2025-07-15T23:39:00.853343Z", "fetched_at": "2025-07-15T23:39:34.094554+00:00", "symbol": "ETH-USD"}, {"trade_id": 667665802, "side": "sell", "size": "0.03752216", "price": "3129.80000000", "time": "2025-07-15T23:39:00.736751Z", "fetched_at": "2025-07-15T23:39:34.094554+00:00", "symbol": "ETH-USD"}, {"trade_id": 667665801, "side": "sell", "size": "0.51754739", "price": "3129.76000000", "time": "2025-07-15T23:39:00.736751Z", "fetched_at": "2025-07-15T23:39:34.094554+00:00", "symbol": "ETH-USD"}, {"trade_id": 667665800, "side": "sell", "size": "0.20000000", "price": "3129.72000000", "time": "2025-07-15T23:39:00.736751Z", "fetched_at": "2025-07-15T23:39:34.094554+00:00", "symbol": "ETH-USD"}, {"trade_id": 667665799, "side": "sell", "size": "0.17438392", "price": "3129.62000000", "time": "2025-07-15T23:39:00.736751Z", "fetched_at": "2025-07-15T23:39:34.094554+00:00", "symbol": "ETH-USD"}, {"trade_id": 667665798, "side": "sell", "size": "0.00108695", "price": "3129.61000000", "time": "2025-07-15T23:39:00.736751Z", "fetched_at": "2025-07-15T23:39:34.094554+00:00", "symbol": "ETH-USD"}, {"trade_id": 667665797, "side": "sell", "size": "0.00005589", "price": "3129.15000000", "time": "2025-07-15T23:39:00.736751Z", "fetched_at": "2025-07-15T23:39:34.094554+00:00", "symbol": "ETH-USD"}, {"trade_id": 667665796, "side": "sell", "size": "0.00010334", "price": "3129.05000000", "time": "2025-07-15T23:39:00.736751Z", "fetched_at": "2025-07-15T23:39:34.094554+00:00", "symbol": "ETH-USD"}, {"trade_id": 667665795, "side": "sell", "size": "0.00024002", "price": "3129.05000000", "time": "2025-07-15T23:39:00.736751Z", "fetched_at": "2025-07-15T23:39:34.094554+00:00", "symbol": "ETH-USD"}, {"trade_id": 667665794, "side": "buy", "size": "0.00003318", "price": "3128.74000000", "time": "2025-07-15T23:38:59.845112Z", "fetched_at": "2025-07-15T23:39:34.094554+00:00", "symbol": "ETH-USD"}, {"trade_id": 667665793, "side": "sell", "size": "0.00332628", "price": "3128.87000000", "time": "2025-07-15T23:38:58.065587Z", "fetched_at": "2025-07-15T23:39:34.094554+00:00", "symbol": "ETH-USD"}, {"trade_id": 667665792, "side": "buy", "size": "0.98377000", "price": "3128.82000000", "time": "2025-07-15T23:38:57.985129Z", "fetched_at": "2025-07-15T23:39:34.094554+00:00", "symbol": "ETH-USD"}, {"trade_id": 667665791, "side": "buy", "size": "0.01623000", "price": "3128.82000000", "time": "2025-07-15T23:38:57.968477Z", "fetched_at": "2025-07-15T23:39:34.094554+00:00", "symbol": "ETH-USD"}, {"trade_id": 667665790, "side": "buy", "size": "0.00319588", "price": "3129.03000000", "time": "2025-07-15T23:38:57.968245Z", "fetched_at": "2025-07-15T23:39:34.094554+00:00", "symbol": "ETH-USD"}, {"trade_id": 667665789, "side": "buy", "size": "0.00273712", "price": "3129.15000000", "time": "2025-07-15T23:38:57.968245Z", "fetched_at": "2025-07-15T23:39:34.094554+00:00", "symbol": "ETH-USD"}, {"trade_id": 667665788, "side": "sell", "size": "0.00186663", "price": "3129.44000000", "time": "2025-07-15T23:38:57.544585Z", "fetched_at": "2025-07-15T23:39:34.094554+00:00", "symbol": "ETH-USD"}, {"trade_id": 667665787, "side": "sell", "size": "0.15977248", "price": "3129.45000000", "time": "2025-07-15T23:38:57.529320Z", "fetched_at": "2025-07-15T23:39:34.094554+00:00", "symbol": "ETH-USD"}, {"trade_id": 667665786, "side": "sell", "size": "0.15977248", "price": "3129.45000000", "time": "2025-07-15T23:38:57.498981Z", "fetched_at": "2025-07-15T23:39:34.094554+00:00", "symbol": "ETH-USD"}, {"trade_id": 667665785, "side": "sell", "size": "0.00169854", "price": "3129.45000000", "time": "2025-07-15T23:38:57.498981Z", "fetched_at": "2025-07-15T23:39:34.094554+00:00", "symbol": "ETH-USD"}, {"trade_id": 667665784, "side": "sell", "size": "0.54075952", "price": "3129.44000000", "time": "2025-07-15T23:38:57.498981Z", "fetched_at": "2025-07-15T23:39:34.094554+00:00", "symbol": "ETH-USD"}, {"trade_id": 667665783, "side": "buy", "size": "0.09873612", "price": "3129.61000000", "time": "2025-07-15T23:38:57.408819Z", "fetched_at": "2025-07-15T23:39:34.094554+00:00", "symbol": "ETH-USD"}, {"trade_id": 667665782, "side": "buy", "size": "0.09673659", "price": "3129.61000000", "time": "2025-07-15T23:38:57.408819Z", "fetched_at": "2025-07-15T23:39:34.094554+00:00", "symbol": "ETH-USD"}, {"trade_id": 667665781, "side": "buy", "size": "0.00319525", "price": "3129.65000000", "time": "2025-07-15T23:38:57.408819Z", "fetched_at": "2025-07-15T23:39:34.094554+00:00", "symbol": "ETH-USD"}, {"trade_id": 667665780, "side": "buy", "size": "0.00304545", "price": "3129.95000000", "time": "2025-07-15T23:38:57.339097Z", "fetched_at": "2025-07-15T23:39:34.094554+00:00", "symbol": "ETH-USD"}, {"trade_id": 667665779, "side": "buy", "size": "0.01623000", "price": "3129.77000000", "time": "2025-07-15T23:38:57.329138Z", "fetched_at": "2025-07-15T23:39:34.094554+00:00", "symbol": "ETH-USD"}, {"trade_id": 667665778, "side": "buy", "size": "0.01318439", "price": "3129.77000000", "time": "2025-07-15T23:38:57.329102Z", "fetched_at": "2025-07-15T23:39:34.094554+00:00", "symbol": "ETH-USD"}, {"trade_id": 667665777, "side": "buy", "size": "0.00304561", "price": "3129.78000000", "time": "2025-07-15T23:38:57.329102Z", "fetched_at": "2025-07-15T23:39:34.094554+00:00", "symbol": "ETH-USD"}, {"trade_id": 667665776, "side": "sell", "size": "0.02312920", "price": "3130.22000000", "time": "2025-07-15T23:38:57.103071Z", "fetched_at": "2025-07-15T23:39:34.094554+00:00", "symbol": "ETH-USD"}, {"trade_id": 667665775, "side": "sell", "size": "0.43635543", "price": "3130.18000000", "time": "2025-07-15T23:38:57.103071Z", "fetched_at": "2025-07-15T23:39:34.094554+00:00", "symbol": "ETH-USD"}, {"trade_id": 667665774, "side": "sell", "size": "0.46525211", "price": "3130.18000000", "time": "2025-07-15T23:38:57.103071Z", "fetched_at": "2025-07-15T23:39:34.094554+00:00", "symbol": "ETH-USD"}, {"trade_id": 667665773, "side": "sell", "size": "0.00154080", "price": "3130.17000000", "time": "2025-07-15T23:38:57.103071Z", "fetched_at": "2025-07-15T23:39:34.094554+00:00", "symbol": "ETH-USD"}, {"trade_id": 667665772, "side": "sell", "size": "0.01394743", "price": "3130.18000000", "time": "2025-07-15T23:38:56.878237Z", "fetched_at": "2025-07-15T23:39:34.094554+00:00", "symbol": "ETH-USD"}, {"trade_id": 667665771, "side": "sell", "size": "0.00154080", "price": "3130.17000000", "time": "2025-07-15T23:38:56.878237Z", "fetched_at": "2025-07-15T23:39:34.094554+00:00", "symbol": "ETH-USD"}, {"trade_id": 667665770, "side": "buy", "size": "0.00050234", "price": "3130.33000000", "time": "2025-07-15T23:38:56.336778Z", "fetched_at": "2025-07-15T23:39:34.094554+00:00", "symbol": "ETH-USD"}, {"trade_id": 667665769, "side": "buy", "size": "0.00319430", "price": "3130.58000000", "time": "2025-07-15T23:38:55.394948Z", "fetched_at": "2025-07-15T23:39:34.094554+00:00", "symbol": "ETH-USD"}, {"trade_id": 667665768, "side": "buy", "size": "2.00000000", "price": "3130.63000000", "time": "2025-07-15T23:38:55.313737Z", "fetched_at": "2025-07-15T23:39:34.094554+00:00", "symbol": "ETH-USD"}, {"trade_id": 667665767, "side": "buy", "size": "0.00319424", "price": "3130.64000000", "time": "2025-07-15T23:38:55.313737Z", "fetched_at": "2025-07-15T23:39:34.094554+00:00", "symbol": "ETH-USD"}, {"trade_id": 667665766, "side": "sell", "size": "0.00059883", "price": "3131.13000000", "time": "2025-07-15T23:38:53.892409Z", "fetched_at": "2025-07-15T23:39:34.094554+00:00", "symbol": "ETH-USD"}, {"trade_id": 667665765, "side": "sell", "size": "0.00149994", "price": "3131.12000000", "time": "2025-07-15T23:38:53.892409Z", "fetched_at": "2025-07-15T23:39:34.094554+00:00", "symbol": "ETH-USD"}, {"trade_id": 667665764, "side": "sell", "size": "0.00058258", "price": "3130.74000000", "time": "2025-07-15T23:38:53.892409Z", "fetched_at": "2025-07-15T23:39:34.094554+00:00", "symbol": "ETH-USD"}, {"trade_id": 667665763, "side": "sell", "size": "0.00048004", "price": "3130.46000000", "time": "2025-07-15T23:38:53.892409Z", "fetched_at": "2025-07-15T23:39:34.094554+00:00", "symbol": "ETH-USD"}, {"trade_id": 667665762, "side": "buy", "size": "0.00012766", "price": "3130.33000000", "time": "2025-07-15T23:38:52.751749Z", "fetched_at": "2025-07-15T23:39:34.094554+00:00", "symbol": "ETH-USD"}, {"trade_id": 667665761, "side": "sell", "size": "0.00030836", "price": "3130.45000000", "time": "2025-07-15T23:38:52.602901Z", "fetched_at": "2025-07-15T23:39:34.094554+00:00", "symbol": "ETH-USD"}, {"trade_id": 667665760, "side": "sell", "size": "0.00019858", "price": "3130.45000000", "time": "2025-07-15T23:38:52.583321Z", "fetched_at": "2025-07-15T23:39:34.094554+00:00", "symbol": "ETH-USD"}, {"trade_id": 667665759, "side": "sell", "size": "0.00319365", "price": "3130.34000000", "time": "2025-07-15T23:38:52.583321Z", "fetched_at": "2025-07-15T23:39:34.094554+00:00", "symbol": "ETH-USD"}, {"trade_id": 667665758, "side": "buy", "size": "0.00063000", "price": "3130.45000000", "time": "2025-07-15T23:38:52.392032Z", "fetched_at": "2025-07-15T23:39:34.094554+00:00", "symbol": "ETH-USD"}, {"trade_id": 667665757, "side": "buy", "size": "0.00319443", "price": "3130.45000000", "time": "2025-07-15T23:38:52.354138Z", "fetched_at": "2025-07-15T23:39:34.094554+00:00", "symbol": "ETH-USD"}, {"trade_id": 667665756, "side": "buy", "size": "0.00319443", "price": "3130.45000000", "time": "2025-07-15T23:38:52.337522Z", "fetched_at": "2025-07-15T23:39:34.094554+00:00", "symbol": "ETH-USD"}, {"trade_id": 667665755, "side": "buy", "size": "0.44634809", "price": "3131.07000000", "time": "2025-07-15T23:38:51.892259Z", "fetched_at": "2025-07-15T23:39:34.094554+00:00", "symbol": "ETH-USD"}, {"trade_id": 667665754, "side": "buy", "size": "0.36729621", "price": "3131.07000000", "time": "2025-07-15T23:38:51.892199Z", "fetched_at": "2025-07-15T23:39:34.094554+00:00", "symbol": "ETH-USD"}, {"trade_id": 667665753, "side": "buy", "size": "0.60122647", "price": "3131.07000000", "time": "2025-07-15T23:38:51.891816Z", "fetched_at": "2025-07-15T23:39:34.094554+00:00", "symbol": "ETH-USD"}, {"trade_id": 667665752, "side": "buy", "size": "0.58512923", "price": "3131.07000000", "time": "2025-07-15T23:38:51.891758Z", "fetched_at": "2025-07-15T23:39:34.094554+00:00", "symbol": "ETH-USD"}, {"trade_id": 667665751, "side": "sell", "size": "0.00867488", "price": "3131.48000000", "time": "2025-07-15T23:38:50.751587Z", "fetched_at": "2025-07-15T23:39:34.094554+00:00", "symbol": "ETH-USD"}, {"trade_id": 667665750, "side": "sell", "size": "0.37537094", "price": "3131.49000000", "time": "2025-07-15T23:38:50.033289Z", "fetched_at": "2025-07-15T23:39:34.094554+00:00", "symbol": "ETH-USD"}, {"trade_id": 667665749, "side": "sell", "size": "0.15968648", "price": "3131.14000000", "time": "2025-07-15T23:38:49.966269Z", "fetched_at": "2025-07-15T23:39:34.094554+00:00", "symbol": "ETH-USD"}, {"trade_id": 667665748, "side": "sell", "size": "0.18376409", "price": "3130.86000000", "time": "2025-07-15T23:38:49.965824Z", "fetched_at": "2025-07-15T23:39:34.094554+00:00", "symbol": "ETH-USD"}, {"trade_id": 667665747, "side": "sell", "size": "0.01623000", "price": "3130.86000000", "time": "2025-07-15T23:38:49.959640Z", "fetched_at": "2025-07-15T23:39:34.094554+00:00", "symbol": "ETH-USD"}, {"trade_id": 667665746, "side": "sell", "size": "0.00198269", "price": "3130.73000000", "time": "2025-07-15T23:38:49.959364Z", "fetched_at": "2025-07-15T23:39:34.094554+00:00", "symbol": "ETH-USD"}, {"trade_id": 667665745, "side": "sell", "size": "0.00059349", "price": "3130.73000000", "time": "2025-07-15T23:38:49.959364Z", "fetched_at": "2025-07-15T23:39:34.094554+00:00", "symbol": "ETH-USD"}, {"trade_id": 667665744, "side": "sell", "size": "0.00005421", "price": "3130.51000000", "time": "2025-07-15T23:38:49.819083Z", "fetched_at": "2025-07-15T23:39:34.094554+00:00", "symbol": "ETH-USD"}, {"trade_id": 667665743, "side": "sell", "size": "0.00005589", "price": "3130.51000000", "time": "2025-07-15T23:38:49.819083Z", "fetched_at": "2025-07-15T23:39:34.094554+00:00", "symbol": "ETH-USD"}, {"trade_id": 667665742, "side": "sell", "size": "0.00107696", "price": "3130.51000000", "time": "2025-07-15T23:38:49.819083Z", "fetched_at": "2025-07-15T23:39:34.094554+00:00", "symbol": "ETH-USD"}, {"trade_id": 667665741, "side": "sell", "size": "0.00319517", "price": "3129.98000000", "time": "2025-07-15T23:38:48.749545Z", "fetched_at": "2025-07-15T23:39:34.094554+00:00", "symbol": "ETH-USD"}, {"trade_id": 667665740, "side": "sell", "size": "0.60000000", "price": "3130.10000000", "time": "2025-07-15T23:38:48.214322Z", "fetched_at": "2025-07-15T23:39:34.094554+00:00", "symbol": "ETH-USD"}, {"trade_id": 667665739, "side": "sell", "size": "0.00319517", "price": "3130.09000000", "time": "2025-07-15T23:38:48.214322Z", "fetched_at": "2025-07-15T23:39:34.094554+00:00", "symbol": "ETH-USD"}, {"trade_id": 667665738, "side": "sell", "size": "0.00010335", "price": "3129.97000000", "time": "2025-07-15T23:38:48.214322Z", "fetched_at": "2025-07-15T23:39:34.094554+00:00", "symbol": "ETH-USD"}, {"trade_id": 667665737, "side": "sell", "size": "0.00294433", "price": "3129.97000000", "time": "2025-07-15T23:38:48.084607Z", "fetched_at": "2025-07-15T23:39:34.094554+00:00", "symbol": "ETH-USD"}, {"trade_id": 667665736, "side": "buy", "size": "0.08666106", "price": "3129.86000000", "time": "2025-07-15T23:38:47.596121Z", "fetched_at": "2025-07-15T23:39:34.094554+00:00", "symbol": "ETH-USD"}, {"trade_id": 667665735, "side": "buy", "size": "0.00360000", "price": "3129.84000000", "time": "2025-07-15T23:38:47.581937Z", "fetched_at": "2025-07-15T23:39:34.094554+00:00", "symbol": "ETH-USD"}, {"trade_id": 667665734, "side": "buy", "size": "0.00000269", "price": "3130.26000000", "time": "2025-07-15T23:38:47.581533Z", "fetched_at": "2025-07-15T23:39:34.094554+00:00", "symbol": "ETH-USD"}, {"trade_id": 667665733, "side": "buy", "size": "0.49999731", "price": "3130.26000000", "time": "2025-07-15T23:38:47.581267Z", "fetched_at": "2025-07-15T23:39:34.094554+00:00", "symbol": "ETH-USD"}, {"trade_id": 667665732, "side": "buy", "size": "0.52242269", "price": "3130.34000000", "time": "2025-07-15T23:38:47.581267Z", "fetched_at": "2025-07-15T23:39:34.094554+00:00", "symbol": "ETH-USD"}, {"trade_id": 667665731, "side": "buy", "size": "0.49664000", "price": "3130.49000000", "time": "2025-07-15T23:38:47.527238Z", "fetched_at": "2025-07-15T23:39:34.094554+00:00", "symbol": "ETH-USD"}, {"trade_id": 667665730, "side": "buy", "size": "0.10336000", "price": "3130.49000000", "time": "2025-07-15T23:38:47.516290Z", "fetched_at": "2025-07-15T23:39:34.094554+00:00", "symbol": "ETH-USD"}, {"trade_id": 667665729, "side": "buy", "size": "0.00319435", "price": "3130.53000000", "time": "2025-07-15T23:38:47.516290Z", "fetched_at": "2025-07-15T23:39:34.094554+00:00", "symbol": "ETH-USD"}, {"trade_id": 667665728, "side": "buy", "size": "0.14617155", "price": "3130.51000000", "time": "2025-07-15T23:38:47.506401Z", "fetched_at": "2025-07-15T23:39:34.094554+00:00", "symbol": "ETH-USD"}, {"trade_id": 667665727, "side": "buy", "size": "2.00000000", "price": "3130.52000000", "time": "2025-07-15T23:38:47.506401Z", "fetched_at": "2025-07-15T23:39:34.094554+00:00", "symbol": "ETH-USD"}, {"trade_id": 667665726, "side": "buy", "size": "0.00319435", "price": "3130.53000000", "time": "2025-07-15T23:38:47.506401Z", "fetched_at": "2025-07-15T23:39:34.094554+00:00", "symbol": "ETH-USD"}, {"trade_id": 667665725, "side": "sell", "size": "0.15971379", "price": "3130.99000000", "time": "2025-07-15T23:38:47.131367Z", "fetched_at": "2025-07-15T23:39:34.094554+00:00", "symbol": "ETH-USD"}, {"trade_id": 667665724, "side": "sell", "size": "0.52784142", "price": "3130.84000000", "time": "2025-07-15T23:38:47.116930Z", "fetched_at": "2025-07-15T23:39:34.094554+00:00", "symbol": "ETH-USD"}, {"trade_id": 667665723, "side": "sell", "size": "0.00053774", "price": "3130.80000000", "time": "2025-07-15T23:38:47.116930Z", "fetched_at": "2025-07-15T23:39:34.094554+00:00", "symbol": "ETH-USD"}, {"trade_id": 667665722, "side": "buy", "size": "0.01623000", "price": "3130.71000000", "time": "2025-07-15T23:38:47.098443Z", "fetched_at": "2025-07-15T23:39:34.094554+00:00", "symbol": "ETH-USD"}, {"trade_id": 667665721, "side": "sell", "size": "0.30000000", "price": "3130.70000000", "time": "2025-07-15T23:38:47.090958Z", "fetched_at": "2025-07-15T23:39:34.094554+00:00", "symbol": "ETH-USD"}, {"trade_id": 667665720, "side": "sell", "size": "0.00010334", "price": "3130.70000000", "time": "2025-07-15T23:38:47.090958Z", "fetched_at": "2025-07-15T23:39:34.094554+00:00", "symbol": "ETH-USD"}, {"trade_id": 667665719, "side": "sell", "size": "0.15971379", "price": "3130.60000000", "time": "2025-07-15T23:38:47.090520Z", "fetched_at": "2025-07-15T23:39:34.094554+00:00", "symbol": "ETH-USD"}, {"trade_id": 667665718, "side": "sell", "size": "0.00319409", "price": "3130.59000000", "time": "2025-07-15T23:38:47.090520Z", "fetched_at": "2025-07-15T23:39:34.094554+00:00", "symbol": "ETH-USD"}, {"trade_id": 667665717, "side": "sell", "size": "0.30000000", "price": "3130.20000000", "time": "2025-07-15T23:38:45.915154Z", "fetched_at": "2025-07-15T23:39:34.094554+00:00", "symbol": "ETH-USD"}, {"trade_id": 667665716, "side": "sell", "size": "0.00319404", "price": "3130.19000000", "time": "2025-07-15T23:38:45.915154Z", "fetched_at": "2025-07-15T23:39:34.094554+00:00", "symbol": "ETH-USD"}, {"trade_id": 667665715, "side": "sell", "size": "0.30000000", "price": "3130.10000000", "time": "2025-07-15T23:38:45.911459Z", "fetched_at": "2025-07-15T23:39:34.094554+00:00", "symbol": "ETH-USD"}, {"trade_id": 667665714, "side": "buy", "size": "0.94500000", "price": "3130.19000000", "time": "2025-07-15T23:38:45.809116Z", "fetched_at": "2025-07-15T23:39:34.094554+00:00", "symbol": "ETH-USD"}, {"trade_id": 667665713, "side": "buy", "size": "0.00100000", "price": "3130.56000000", "time": "2025-07-15T23:38:45.712987Z", "fetched_at": "2025-07-15T23:39:34.094554+00:00", "symbol": "ETH-USD"}, {"trade_id": 667665712, "side": "buy", "size": "0.00319428", "price": "3130.59000000", "time": "2025-07-15T23:38:45.674663Z", "fetched_at": "2025-07-15T23:39:34.094554+00:00", "symbol": "ETH-USD"}, {"trade_id": 667665711, "side": "buy", "size": "0.00063000", "price": "3130.69000000", "time": "2025-07-15T23:38:45.636719Z", "fetched_at": "2025-07-15T23:39:34.094554+00:00", "symbol": "ETH-USD"}, {"trade_id": 667665710, "side": "buy", "size": "0.01623000", "price": "3130.90000000", "time": "2025-07-15T23:38:45.282905Z", "fetched_at": "2025-07-15T23:39:34.094554+00:00", "symbol": "ETH-USD"}, {"trade_id": 667665709, "side": "buy", "size": "0.25973686", "price": "3131.18000000", "time": "2025-07-15T23:38:45.267545Z", "fetched_at": "2025-07-15T23:39:34.094554+00:00", "symbol": "ETH-USD"}, {"trade_id": 667665708, "side": "buy", "size": "0.00319366", "price": "3131.21000000", "time": "2025-07-15T23:38:45.267545Z", "fetched_at": "2025-07-15T23:39:34.094554+00:00", "symbol": "ETH-USD"}, {"trade_id": 667665707, "side": "buy", "size": "0.34154397", "price": "3131.26000000", "time": "2025-07-15T23:38:45.265675Z", "fetched_at": "2025-07-15T23:39:34.094554+00:00", "symbol": "ETH-USD"}, {"trade_id": 667665706, "side": "buy", "size": "0.00100000", "price": "3131.52000000", "time": "2025-07-15T23:38:45.259523Z", "fetched_at": "2025-07-15T23:39:34.094554+00:00", "symbol": "ETH-USD"}, {"trade_id": 667665705, "side": "sell", "size": "0.00000319", "price": "3131.53000000", "time": "2025-07-15T23:38:45.115261Z", "fetched_at": "2025-07-15T23:39:34.094554+00:00", "symbol": "ETH-USD"}, {"trade_id": 667665704, "side": "sell", "size": "0.00127682", "price": "3131.53000000", "time": "2025-07-15T23:38:45.096637Z", "fetched_at": "2025-07-15T23:39:34.094554+00:00", "symbol": "ETH-USD"}, {"trade_id": 667665703, "side": "sell", "size": "0.09100837", "price": "3132.04000000", "time": "2025-07-15T23:38:45.073471Z", "fetched_at": "2025-07-15T23:39:34.094554+00:00", "symbol": "ETH-USD"}, {"trade_id": 667665702, "side": "sell", "size": "0.52454153", "price": "3132.04000000", "time": "2025-07-15T23:38:45.073471Z", "fetched_at": "2025-07-15T23:39:34.094554+00:00", "symbol": "ETH-USD"}, {"trade_id": 667665701, "side": "sell", "size": "0.11344377", "price": "3132.03000000", "time": "2025-07-15T23:38:45.073471Z", "fetched_at": "2025-07-15T23:39:34.094554+00:00", "symbol": "ETH-USD"}, {"trade_id": 667665700, "side": "sell", "size": "0.01140179", "price": "3132.03000000", "time": "2025-07-15T23:38:45.073471Z", "fetched_at": "2025-07-15T23:39:34.094554+00:00", "symbol": "ETH-USD"}, {"trade_id": 667665699, "side": "sell", "size": "0.00046803", "price": "3132.02000000", "time": "2025-07-15T23:38:45.073471Z", "fetched_at": "2025-07-15T23:39:34.094554+00:00", "symbol": "ETH-USD"}, {"trade_id": 667665698, "side": "sell", "size": "0.04377501", "price": "3131.86000000", "time": "2025-07-15T23:38:45.073471Z", "fetched_at": "2025-07-15T23:39:34.094554+00:00", "symbol": "ETH-USD"}, {"trade_id": 667665697, "side": "sell", "size": "1.01444000", "price": "3131.77000000", "time": "2025-07-15T23:38:45.073471Z", "fetched_at": "2025-07-15T23:39:34.094554+00:00", "symbol": "ETH-USD"}, {"trade_id": 667665696, "side": "sell", "size": "1.38473000", "price": "3131.68000000", "time": "2025-07-15T23:38:45.073471Z", "fetched_at": "2025-07-15T23:39:34.094554+00:00", "symbol": "ETH-USD"}, {"trade_id": 667665695, "side": "sell", "size": "0.00319126", "price": "3131.53000000", "time": "2025-07-15T23:38:45.073471Z", "fetched_at": "2025-07-15T23:39:34.094554+00:00", "symbol": "ETH-USD"}, {"trade_id": 667665694, "side": "buy", "size": "0.00319310", "price": "3131.76000000", "time": "2025-07-15T23:38:44.910885Z", "fetched_at": "2025-07-15T23:39:34.094554+00:00", "symbol": "ETH-USD"}, {"trade_id": 667665693, "side": "buy", "size": "0.00319310", "price": "3131.76000000", "time": "2025-07-15T23:38:44.893374Z", "fetched_at": "2025-07-15T23:39:34.094554+00:00", "symbol": "ETH-USD"}, {"trade_id": 667665692, "side": "buy", "size": "0.00319301", "price": "3131.85000000", "time": "2025-07-15T23:38:44.861245Z", "fetched_at": "2025-07-15T23:39:34.094554+00:00", "symbol": "ETH-USD"}, {"trade_id": 667665691, "side": "buy", "size": "0.00319300", "price": "3131.86000000", "time": "2025-07-15T23:38:44.845566Z", "fetched_at": "2025-07-15T23:39:34.094554+00:00", "symbol": "ETH-USD"}, {"trade_id": 667665690, "side": "buy", "size": "0.58168800", "price": "3131.78000000", "time": "2025-07-15T23:38:44.771266Z", "fetched_at": "2025-07-15T23:39:34.094554+00:00", "symbol": "ETH-USD"}, {"trade_id": 667665689, "side": "buy", "size": "0.61558960", "price": "3131.95000000", "time": "2025-07-15T23:38:44.767034Z", "fetched_at": "2025-07-15T23:39:34.094554+00:00", "symbol": "ETH-USD"}, {"trade_id": 667665688, "side": "buy", "size": "0.00319288", "price": "3131.97000000", "time": "2025-07-15T23:38:44.767034Z", "fetched_at": "2025-07-15T23:39:34.094554+00:00", "symbol": "ETH-USD"}, {"trade_id": 667665687, "side": "buy", "size": "0.01623000", "price": "3132.20000000", "time": "2025-07-15T23:38:44.761534Z", "fetched_at": "2025-07-15T23:39:34.094554+00:00", "symbol": "ETH-USD"}, {"trade_id": 667665686, "side": "buy", "size": "0.50069777", "price": "3132.69000000", "time": "2025-07-15T23:38:44.318897Z", "fetched_at": "2025-07-15T23:39:34.094554+00:00", "symbol": "ETH-USD"}, {"trade_id": 667665685, "side": "buy", "size": "0.00319214", "price": "3132.70000000", "time": "2025-07-15T23:38:44.318897Z", "fetched_at": "2025-07-15T23:39:34.094554+00:00", "symbol": "ETH-USD"}, {"trade_id": 667665684, "side": "sell", "size": "0.07922152", "price": "3133.52000000", "time": "2025-07-15T23:38:44.084433Z", "fetched_at": "2025-07-15T23:39:34.094554+00:00", "symbol": "ETH-USD"}, {"trade_id": 667665683, "side": "sell", "size": "0.34585543", "price": "3133.28000000", "time": "2025-07-15T23:38:44.074662Z", "fetched_at": "2025-07-15T23:39:34.094554+00:00", "symbol": "ETH-USD"}, {"trade_id": 667665682, "side": "sell", "size": "0.15958881", "price": "3133.06000000", "time": "2025-07-15T23:38:44.074662Z", "fetched_at": "2025-07-15T23:39:34.094554+00:00", "symbol": "ETH-USD"}, {"trade_id": 667665681, "side": "sell", "size": "0.14779962", "price": "3133.51000000", "time": "2025-07-15T23:38:44.069630Z", "fetched_at": "2025-07-15T23:39:34.094554+00:00", "symbol": "ETH-USD"}, {"trade_id": 667665680, "side": "sell", "size": "0.01306038", "price": "3133.44000000", "time": "2025-07-15T23:38:44.069630Z", "fetched_at": "2025-07-15T23:39:34.094554+00:00", "symbol": "ETH-USD"}, {"trade_id": 667665679, "side": "sell", "size": "0.02581538", "price": "3133.44000000", "time": "2025-07-15T23:38:44.069221Z", "fetched_at": "2025-07-15T23:39:34.094554+00:00", "symbol": "ETH-USD"}, {"trade_id": 667665678, "side": "sell", "size": "0.08046340", "price": "3133.42000000", "time": "2025-07-15T23:38:44.069221Z", "fetched_at": "2025-07-15T23:39:34.094554+00:00", "symbol": "ETH-USD"}, {"trade_id": 667665677, "side": "sell", "size": "0.02997464", "price": "3133.41000000", "time": "2025-07-15T23:38:44.069221Z", "fetched_at": "2025-07-15T23:39:34.094554+00:00", "symbol": "ETH-USD"}, {"trade_id": 667665676, "side": "sell", "size": "0.02724658", "price": "3133.40000000", "time": "2025-07-15T23:38:44.069221Z", "fetched_at": "2025-07-15T23:39:34.094554+00:00", "symbol": "ETH-USD"}, {"trade_id": 667665675, "side": "buy", "size": "1.89000000", "price": "3133.11000000", "time": "2025-07-15T23:38:44.055439Z", "fetched_at": "2025-07-15T23:39:34.094554+00:00", "symbol": "ETH-USD"}, {"trade_id": 667665674, "side": "buy", "size": "0.00319171", "price": "3133.12000000", "time": "2025-07-15T23:38:44.055439Z", "fetched_at": "2025-07-15T23:39:34.094554+00:00", "symbol": "ETH-USD"}, {"trade_id": 667665673, "side": "sell", "size": "0.06851373", "price": "3133.64000000", "time": "2025-07-15T23:38:44.039807Z", "fetched_at": "2025-07-15T23:39:34.094554+00:00", "symbol": "ETH-USD"}, {"trade_id": 667665672, "side": "sell", "size": "0.00904668", "price": "3133.72000000", "time": "2025-07-15T23:38:44.029832Z", "fetched_at": "2025-07-15T23:39:34.094554+00:00", "symbol": "ETH-USD"}, {"trade_id": 667665671, "side": "sell", "size": "0.19149904", "price": "3133.71000000", "time": "2025-07-15T23:38:44.029832Z", "fetched_at": "2025-07-15T23:39:34.094554+00:00", "symbol": "ETH-USD"}, {"trade_id": 667665670, "side": "sell", "size": "0.00005589", "price": "3133.70000000", "time": "2025-07-15T23:38:44.029832Z", "fetched_at": "2025-07-15T23:39:34.094554+00:00", "symbol": "ETH-USD"}, {"trade_id": 667665669, "side": "sell", "size": "0.03088466", "price": "3133.70000000", "time": "2025-07-15T23:38:44.029832Z", "fetched_at": "2025-07-15T23:39:34.094554+00:00", "symbol": "ETH-USD"}, {"trade_id": 667665668, "side": "sell", "size": "0.30000000", "price": "3133.50000000", "time": "2025-07-15T23:38:44.029832Z", "fetched_at": "2025-07-15T23:39:34.094554+00:00", "symbol": "ETH-USD"}, {"trade_id": 667665667, "side": "sell", "size": "0.03490064", "price": "3133.44000000", "time": "2025-07-15T23:38:44.029832Z", "fetched_at": "2025-07-15T23:39:34.094554+00:00", "symbol": "ETH-USD"}, {"trade_id": 667665666, "side": "sell", "size": "0.30000000", "price": "3133.44000000", "time": "2025-07-15T23:38:44.029413Z", "fetched_at": "2025-07-15T23:39:34.094554+00:00", "symbol": "ETH-USD"}, {"trade_id": 667665665, "side": "sell", "size": "0.23148627", "price": "3133.44000000", "time": "2025-07-15T23:38:44.028919Z", "fetched_at": "2025-07-15T23:39:34.094554+00:00", "symbol": "ETH-USD"}, {"trade_id": 667665664, "side": "sell", "size": "0.06851373", "price": "3133.40000000", "time": "2025-07-15T23:38:44.028919Z", "fetched_at": "2025-07-15T23:39:34.094554+00:00", "symbol": "ETH-USD"}, {"trade_id": 667665663, "side": "sell", "size": "0.15957604", "price": "3133.40000000", "time": "2025-07-15T23:38:44.028547Z", "fetched_at": "2025-07-15T23:39:34.094554+00:00", "symbol": "ETH-USD"}, {"trade_id": 667665662, "side": "sell", "size": "0.07191023", "price": "3133.40000000", "time": "2025-07-15T23:38:44.026773Z", "fetched_at": "2025-07-15T23:39:34.094554+00:00", "symbol": "ETH-USD"}, {"trade_id": 667665661, "side": "sell", "size": "0.15957604", "price": "3133.31000000", "time": "2025-07-15T23:38:44.026773Z", "fetched_at": "2025-07-15T23:39:34.094554+00:00", "symbol": "ETH-USD"}, {"trade_id": 667665660, "side": "sell", "size": "0.56638691", "price": "3133.33000000", "time": "2025-07-15T23:38:44.016504Z", "fetched_at": "2025-07-15T23:39:34.094554+00:00", "symbol": "ETH-USD"}, {"trade_id": 667665659, "side": "sell", "size": "0.01086886", "price": "3133.71000000", "time": "2025-07-15T23:38:44.000700Z", "fetched_at": "2025-07-15T23:39:34.094554+00:00", "symbol": "ETH-USD"}, {"trade_id": 667665658, "side": "sell", "size": "0.55232762", "price": "3133.43000000", "time": "2025-07-15T23:38:44.000700Z", "fetched_at": "2025-07-15T23:39:34.094554+00:00", "symbol": "ETH-USD"}, {"trade_id": 667665657, "side": "sell", "size": "0.00319043", "price": "3133.43000000", "time": "2025-07-15T23:38:44.000427Z", "fetched_at": "2025-07-15T23:39:34.094554+00:00", "symbol": "ETH-USD"}, {"trade_id": 667665656, "side": "buy", "size": "0.00644974", "price": "3132.36000000", "time": "2025-07-15T23:38:43.977902Z", "fetched_at": "2025-07-15T23:39:34.094554+00:00", "symbol": "ETH-USD"}, {"trade_id": 667665655, "side": "buy", "size": "0.00100000", "price": "3132.48000000", "time": "2025-07-15T23:38:43.977902Z", "fetched_at": "2025-07-15T23:39:34.094554+00:00", "symbol": "ETH-USD"}, {"trade_id": 667665654, "side": "buy", "size": "0.52197867", "price": "3132.49000000", "time": "2025-07-15T23:38:43.977902Z", "fetched_at": "2025-07-15T23:39:34.094554+00:00", "symbol": "ETH-USD"}, {"trade_id": 667665653, "side": "buy", "size": "0.78439472", "price": "3132.50000000", "time": "2025-07-15T23:38:43.977902Z", "fetched_at": "2025-07-15T23:39:34.094554+00:00", "symbol": "ETH-USD"}, {"trade_id": 667665652, "side": "buy", "size": "0.16611189", "price": "3132.51000000", "time": "2025-07-15T23:38:43.977902Z", "fetched_at": "2025-07-15T23:39:34.094554+00:00", "symbol": "ETH-USD"}, {"trade_id": 667665651, "side": "buy", "size": "0.60081823", "price": "3132.69000000", "time": "2025-07-15T23:38:43.977902Z", "fetched_at": "2025-07-15T23:39:34.094554+00:00", "symbol": "ETH-USD"}, {"trade_id": 667665650, "side": "buy", "size": "0.31911617", "price": "3132.71000000", "time": "2025-07-15T23:38:43.977902Z", "fetched_at": "2025-07-15T23:39:34.094554+00:00", "symbol": "ETH-USD"}, {"trade_id": 667665649, "side": "buy", "size": "0.66776556", "price": "3132.72000000", "time": "2025-07-15T23:38:43.977902Z", "fetched_at": "2025-07-15T23:39:34.094554+00:00", "symbol": "ETH-USD"}, {"trade_id": 667665648, "side": "buy", "size": "0.10832609", "price": "3132.72000000", "time": "2025-07-15T23:38:43.977902Z", "fetched_at": "2025-07-15T23:39:34.094554+00:00", "symbol": "ETH-USD"}, {"trade_id": 667665647, "side": "buy", "size": "0.00319203", "price": "3132.81000000", "time": "2025-07-15T23:38:43.977902Z", "fetched_at": "2025-07-15T23:39:34.094554+00:00", "symbol": "ETH-USD"}, {"trade_id": 667665646, "side": "buy", "size": "0.10000000", "price": "3132.82000000", "time": "2025-07-15T23:38:43.977902Z", "fetched_at": "2025-07-15T23:39:34.094554+00:00", "symbol": "ETH-USD"}, {"trade_id": 667665645, "side": "buy", "size": "0.94500000", "price": "3132.89000000", "time": "2025-07-15T23:38:43.977902Z", "fetched_at": "2025-07-15T23:39:34.094554+00:00", "symbol": "ETH-USD"}, {"trade_id": 667665644, "side": "buy", "size": "0.94151823", "price": "3132.97000000", "time": "2025-07-15T23:38:43.977902Z", "fetched_at": "2025-07-15T23:39:34.094554+00:00", "symbol": "ETH-USD"}, {"trade_id": 667665643, "side": "sell", "size": "0.24269000", "price": "3133.59000000", "time": "2025-07-15T23:38:43.977378Z", "fetched_at": "2025-07-15T23:39:34.094554+00:00", "symbol": "ETH-USD"}, {"trade_id": 667665642, "side": "sell", "size": "0.34043004", "price": "3133.59000000", "time": "2025-07-15T23:38:43.975332Z", "fetched_at": "2025-07-15T23:39:34.094554+00:00", "symbol": "ETH-USD"}, {"trade_id": 667665641, "side": "sell", "size": "0.24269000", "price": "3133.52000000", "time": "2025-07-15T23:38:43.975332Z", "fetched_at": "2025-07-15T23:39:34.094554+00:00", "symbol": "ETH-USD"}, {"trade_id": 667665640, "side": "sell", "size": "0.00319043", "price": "3133.30000000", "time": "2025-07-15T23:38:43.975332Z", "fetched_at": "2025-07-15T23:39:34.094554+00:00", "symbol": "ETH-USD"}, {"trade_id": 667665639, "side": "sell", "size": "0.15957667", "price": "3133.29000000", "time": "2025-07-15T23:38:43.975332Z", "fetched_at": "2025-07-15T23:39:34.094554+00:00", "symbol": "ETH-USD"}, {"trade_id": 667665638, "side": "buy", "size": "0.00348177", "price": "3132.97000000", "time": "2025-07-15T23:38:43.959525Z", "fetched_at": "2025-07-15T23:39:34.094554+00:00", "symbol": "ETH-USD"}, {"trade_id": 667665637, "side": "sell", "size": "0.57586538", "price": "3133.61000000", "time": "2025-07-15T23:38:43.956060Z", "fetched_at": "2025-07-15T23:39:34.094554+00:00", "symbol": "ETH-USD"}, {"trade_id": 667665636, "side": "sell", "size": "0.42413462", "price": "3133.59000000", "time": "2025-07-15T23:38:43.956060Z", "fetched_at": "2025-07-15T23:39:34.094554+00:00", "symbol": "ETH-USD"}, {"trade_id": 667665635, "side": "sell", "size": "0.19787550", "price": "3133.59000000", "time": "2025-07-15T23:38:43.954896Z", "fetched_at": "2025-07-15T23:39:34.094554+00:00", "symbol": "ETH-USD"}, {"trade_id": 667665634, "side": "sell", "size": "0.44304105", "price": "3133.53000000", "time": "2025-07-15T23:38:43.954896Z", "fetched_at": "2025-07-15T23:39:34.094554+00:00", "symbol": "ETH-USD"}, {"trade_id": 667665633, "side": "sell", "size": "0.79787318", "price": "3133.33000000", "time": "2025-07-15T23:38:43.954896Z", "fetched_at": "2025-07-15T23:39:34.094554+00:00", "symbol": "ETH-USD"}, {"trade_id": 667665632, "side": "sell", "size": "0.60000000", "price": "3133.32000000", "time": "2025-07-15T23:38:43.954896Z", "fetched_at": "2025-07-15T23:39:34.094554+00:00", "symbol": "ETH-USD"}, {"trade_id": 667665631, "side": "sell", "size": "0.17010139", "price": "3133.31000000", "time": "2025-07-15T23:38:43.954896Z", "fetched_at": "2025-07-15T23:39:34.094554+00:00", "symbol": "ETH-USD"}, {"trade_id": 667665630, "side": "sell", "size": "0.00319043", "price": "3133.30000000", "time": "2025-07-15T23:38:43.954896Z", "fetched_at": "2025-07-15T23:39:34.094554+00:00", "symbol": "ETH-USD"}, {"trade_id": 667665629, "side": "sell", "size": "0.79792838", "price": "3133.12000000", "time": "2025-07-15T23:38:43.922741Z", "fetched_at": "2025-07-15T23:39:34.094554+00:00", "symbol": "ETH-USD"}, {"trade_id": 667665628, "side": "sell", "size": "0.15959291", "price": "3132.98000000", "time": "2025-07-15T23:38:43.922690Z", "fetched_at": "2025-07-15T23:39:34.094554+00:00", "symbol": "ETH-USD"}, {"trade_id": 667665627, "side": "buy", "size": "0.00319186", "price": "3132.97000000", "time": "2025-07-15T23:38:43.921929Z", "fetched_at": "2025-07-15T23:39:34.094554+00:00", "symbol": "ETH-USD"}, {"trade_id": 667665626, "side": "sell", "size": "0.15958447", "price": "3133.14000000", "time": "2025-07-15T23:38:43.854098Z", "fetched_at": "2025-07-15T23:39:34.094554+00:00", "symbol": "ETH-USD"}, {"trade_id": 667665625, "side": "buy", "size": "0.00063000", "price": "3133.01000000", "time": "2025-07-15T23:38:43.845360Z", "fetched_at": "2025-07-15T23:39:34.094554+00:00", "symbol": "ETH-USD"}, {"trade_id": 667665624, "side": "buy", "size": "0.00319149", "price": "3133.01000000", "time": "2025-07-15T23:38:43.834950Z", "fetched_at": "2025-07-15T23:39:34.094554+00:00", "symbol": "ETH-USD"}, {"trade_id": 667665623, "side": "buy", "size": "0.51438401", "price": "3133.01000000", "time": "2025-07-15T23:38:43.799156Z", "fetched_at": "2025-07-15T23:39:34.094554+00:00", "symbol": "ETH-USD"}, {"trade_id": 667665622, "side": "buy", "size": "0.00319149", "price": "3133.34000000", "time": "2025-07-15T23:38:43.799156Z", "fetched_at": "2025-07-15T23:39:34.094554+00:00", "symbol": "ETH-USD"}, {"trade_id": 667665621, "side": "sell", "size": "0.43987980", "price": "3133.76000000", "time": "2025-07-15T23:38:43.794977Z", "fetched_at": "2025-07-15T23:39:34.094554+00:00", "symbol": "ETH-USD"}, {"trade_id": 667665620, "side": "sell", "size": "0.94500000", "price": "3133.76000000", "time": "2025-07-15T23:38:43.794977Z", "fetched_at": "2025-07-15T23:39:34.094554+00:00", "symbol": "ETH-USD"}, {"trade_id": 667665619, "side": "sell", "size": "0.10000000", "price": "3133.76000000", "time": "2025-07-15T23:38:43.794977Z", "fetched_at": "2025-07-15T23:39:34.094554+00:00", "symbol": "ETH-USD"}, {"trade_id": 667665618, "side": "sell", "size": "0.01126397", "price": "3133.76000000", "time": "2025-07-15T23:38:43.794977Z", "fetched_at": "2025-07-15T23:39:34.094554+00:00", "symbol": "ETH-USD"}, {"trade_id": 667665617, "side": "sell", "size": "0.22925064", "price": "3133.76000000", "time": "2025-07-15T23:38:43.794977Z", "fetched_at": "2025-07-15T23:39:34.094554+00:00", "symbol": "ETH-USD"}, {"trade_id": 667665616, "side": "sell", "size": "0.07955570", "price": "3133.74000000", "time": "2025-07-15T23:38:43.794977Z", "fetched_at": "2025-07-15T23:39:34.094554+00:00", "symbol": "ETH-USD"}, {"trade_id": 667665615, "side": "sell", "size": "0.04187078", "price": "3133.74000000", "time": "2025-07-15T23:38:43.793417Z", "fetched_at": "2025-07-15T23:39:34.094554+00:00", "symbol": "ETH-USD"}, {"trade_id": 667665614, "side": "sell", "size": "0.42887640", "price": "3133.67000000", "time": "2025-07-15T23:38:43.793417Z", "fetched_at": "2025-07-15T23:39:34.094554+00:00", "symbol": "ETH-USD"}, {"trade_id": 667665613, "side": "sell", "size": "0.79782890", "price": "3133.51000000", "time": "2025-07-15T23:38:43.793417Z", "fetched_at": "2025-07-15T23:39:34.094554+00:00", "symbol": "ETH-USD"}, {"trade_id": 667665612, "side": "sell", "size": "0.06352392", "price": "3133.50000000", "time": "2025-07-15T23:38:43.793417Z", "fetched_at": "2025-07-15T23:39:34.094554+00:00", "symbol": "ETH-USD"}, {"trade_id": 667665611, "side": "sell", "size": "0.10000000", "price": "3133.26000000", "time": "2025-07-15T23:38:43.793417Z", "fetched_at": "2025-07-15T23:39:34.094554+00:00", "symbol": "ETH-USD"}, {"trade_id": 667665610, "side": "sell", "size": "0.78031000", "price": "3133.08000000", "time": "2025-07-15T23:38:43.793417Z", "fetched_at": "2025-07-15T23:39:34.094554+00:00", "symbol": "ETH-USD"}, {"trade_id": 667665609, "side": "sell", "size": "0.35823000", "price": "3133.08000000", "time": "2025-07-15T23:38:43.792304Z", "fetched_at": "2025-07-15T23:39:34.094554+00:00", "symbol": "ETH-USD"}, {"trade_id": 667665608, "side": "buy", "size": "0.02393309", "price": "3133.15000000", "time": "2025-07-15T23:38:43.782774Z", "fetched_at": "2025-07-15T23:39:34.094554+00:00", "symbol": "ETH-USD"}, {"trade_id": 667665607, "side": "sell", "size": "0.65502301", "price": "3134.02000000", "time": "2025-07-15T23:38:43.770314Z", "fetched_at": "2025-07-15T23:39:34.094554+00:00", "symbol": "ETH-USD"}, {"trade_id": 667665606, "side": "sell", "size": "0.47861960", "price": "3134.01000000", "time": "2025-07-15T23:38:43.770314Z", "fetched_at": "2025-07-15T23:39:34.094554+00:00", "symbol": "ETH-USD"}, {"trade_id": 667665605, "side": "sell", "size": "0.08808930", "price": "3133.95000000", "time": "2025-07-15T23:38:43.770314Z", "fetched_at": "2025-07-15T23:39:34.094554+00:00", "symbol": "ETH-USD"}, {"trade_id": 667665604, "side": "sell", "size": "0.27463638", "price": "3133.84000000", "time": "2025-07-15T23:38:43.770314Z", "fetched_at": "2025-07-15T23:39:34.094554+00:00", "symbol": "ETH-USD"}, {"trade_id": 667665603, "side": "buy", "size": "0.00100000", "price": "3133.44000000", "time": "2025-07-15T23:38:43.770274Z", "fetched_at": "2025-07-15T23:39:34.094554+00:00", "symbol": "ETH-USD"}, {"trade_id": 667665602, "side": "sell", "size": "0.32536362", "price": "3133.84000000", "time": "2025-07-15T23:38:43.770107Z", "fetched_at": "2025-07-15T23:39:34.094554+00:00", "symbol": "ETH-USD"}, {"trade_id": 667665601, "side": "sell", "size": "0.79774557", "price": "3133.84000000", "time": "2025-07-15T23:38:43.770107Z", "fetched_at": "2025-07-15T23:39:34.094554+00:00", "symbol": "ETH-USD"}, {"trade_id": 667665600, "side": "sell", "size": "0.09862829", "price": "3133.82000000", "time": "2025-07-15T23:38:43.770107Z", "fetched_at": "2025-07-15T23:39:34.094554+00:00", "symbol": "ETH-USD"}, {"trade_id": 667665599, "side": "sell", "size": "0.55892011", "price": "3133.78000000", "time": "2025-07-15T23:38:43.770107Z", "fetched_at": "2025-07-15T23:39:34.094554+00:00", "symbol": "ETH-USD"}, {"trade_id": 667665598, "side": "sell", "size": "1.83219523", "price": "3133.78000000", "time": "2025-07-15T23:38:43.770107Z", "fetched_at": "2025-07-15T23:39:34.094554+00:00", "symbol": "ETH-USD"}, {"trade_id": 667665597, "side": "sell", "size": "1.39774000", "price": "3133.45000000", "time": "2025-07-15T23:38:43.770107Z", "fetched_at": "2025-07-15T23:39:34.094554+00:00", "symbol": "ETH-USD"}, {"trade_id": 667665596, "side": "sell", "size": "0.16350000", "price": "3133.45000000", "time": "2025-07-15T23:38:43.770107Z", "fetched_at": "2025-07-15T23:39:34.094554+00:00", "symbol": "ETH-USD"}, {"trade_id": 667665595, "side": "sell", "size": "0.16086000", "price": "3133.45000000", "time": "2025-07-15T23:38:43.770107Z", "fetched_at": "2025-07-15T23:39:34.094554+00:00", "symbol": "ETH-USD"}, {"trade_id": 667665594, "side": "buy", "size": "0.00319104", "price": "3133.78000000", "time": "2025-07-15T23:38:43.760494Z", "fetched_at": "2025-07-15T23:39:34.094554+00:00", "symbol": "ETH-USD"}, {"trade_id": 667665593, "side": "buy", "size": "0.00250276", "price": "3133.69000000", "time": "2025-07-15T23:38:43.573742Z", "fetched_at": "2025-07-15T23:39:34.094554+00:00", "symbol": "ETH-USD"}, {"trade_id": 667665592, "side": "sell", "size": "0.00256292", "price": "3133.71000000", "time": "2025-07-15T23:38:43.542721Z", "fetched_at": "2025-07-15T23:39:34.094554+00:00", "symbol": "ETH-USD"}, {"trade_id": 667665591, "side": "sell", "size": "0.00318836", "price": "3133.69000000", "time": "2025-07-15T23:38:43.542721Z", "fetched_at": "2025-07-15T23:39:34.094554+00:00", "symbol": "ETH-USD"}, {"trade_id": 667665590, "side": "buy", "size": "0.00250285", "price": "3133.57000000", "time": "2025-07-15T23:38:43.541903Z", "fetched_at": "2025-07-15T23:39:34.094554+00:00", "symbol": "ETH-USD"}, {"trade_id": 667665589, "side": "buy", "size": "0.00319108", "price": "3133.74000000", "time": "2025-07-15T23:38:43.390397Z", "fetched_at": "2025-07-15T23:39:34.094554+00:00", "symbol": "ETH-USD"}, {"trade_id": 667665588, "side": "buy", "size": "1.90000000", "price": "3133.90000000", "time": "2025-07-15T23:38:43.262991Z", "fetched_at": "2025-07-15T23:39:34.094554+00:00", "symbol": "ETH-USD"}, {"trade_id": 667665587, "side": "buy", "size": "0.00319090", "price": "3133.92000000", "time": "2025-07-15T23:38:43.262991Z", "fetched_at": "2025-07-15T23:39:34.094554+00:00", "symbol": "ETH-USD"}, {"trade_id": 667665586, "side": "buy", "size": "0.00100000", "price": "3133.92000000", "time": "2025-07-15T23:38:43.262991Z", "fetched_at": "2025-07-15T23:39:34.094554+00:00", "symbol": "ETH-USD"}, {"trade_id": 667665585, "side": "buy", "size": "3.36977843", "price": "3134.06000000", "time": "2025-07-15T23:38:43.262991Z", "fetched_at": "2025-07-15T23:39:34.094554+00:00", "symbol": "ETH-USD"}, {"trade_id": 667665584, "side": "buy", "size": "0.00063000", "price": "3134.07000000", "time": "2025-07-15T23:38:43.262991Z", "fetched_at": "2025-07-15T23:39:34.094554+00:00", "symbol": "ETH-USD"}, {"trade_id": 667665583, "side": "buy", "size": "0.00319044", "price": "3134.37000000", "time": "2025-07-15T23:38:42.875988Z", "fetched_at": "2025-07-15T23:39:34.094554+00:00", "symbol": "ETH-USD"}, {"trade_id": 667665582, "side": "buy", "size": "0.00319044", "price": "3134.37000000", "time": "2025-07-15T23:38:42.857293Z", "fetched_at": "2025-07-15T23:39:34.094554+00:00", "symbol": "ETH-USD"}, {"trade_id": 667665581, "side": "buy", "size": "0.00319044", "price": "3134.37000000", "time": "2025-07-15T23:38:42.844614Z", "fetched_at": "2025-07-15T23:39:34.094554+00:00", "symbol": "ETH-USD"}, {"trade_id": 667665580, "side": "buy", "size": "0.00319044", "price": "3134.37000000", "time": "2025-07-15T23:38:42.828907Z", "fetched_at": "2025-07-15T23:39:34.094554+00:00", "symbol": "ETH-USD"}, {"trade_id": 667665579, "side": "sell", "size": "0.00420566", "price": "3134.38000000", "time": "2025-07-15T23:38:42.822956Z", "fetched_at": "2025-07-15T23:39:34.094554+00:00", "symbol": "ETH-USD"}, {"trade_id": 667665578, "side": "buy", "size": "14.49431883", "price": "3134.06000000", "time": "2025-07-15T23:38:42.777310Z", "fetched_at": "2025-07-15T23:39:34.094554+00:00", "symbol": "ETH-USD"}, {"trade_id": 667665577, "side": "buy", "size": "0.22055117", "price": "3134.07000000", "time": "2025-07-15T23:38:42.777310Z", "fetched_at": "2025-07-15T23:39:34.094554+00:00", "symbol": "ETH-USD"}, {"trade_id": 667665576, "side": "buy", "size": "10.74149284", "price": "3134.07000000", "time": "2025-07-15T23:38:42.777258Z", "fetched_at": "2025-07-15T23:39:34.094554+00:00", "symbol": "ETH-USD"}, {"trade_id": 667665575, "side": "buy", "size": "0.22154144", "price": "3134.08000000", "time": "2025-07-15T23:38:42.777258Z", "fetched_at": "2025-07-15T23:39:34.094554+00:00", "symbol": "ETH-USD"}, {"trade_id": 667665574, "side": "buy", "size": "0.00100000", "price": "3134.16000000", "time": "2025-07-15T23:38:42.777258Z", "fetched_at": "2025-07-15T23:39:34.094554+00:00", "symbol": "ETH-USD"}, {"trade_id": 667665573, "side": "buy", "size": "0.29553534", "price": "3134.20000000", "time": "2025-07-15T23:38:42.777258Z", "fetched_at": "2025-07-15T23:39:34.094554+00:00", "symbol": "ETH-USD"}, {"trade_id": 667665572, "side": "buy", "size": "5.58983038", "price": "3134.22000000", "time": "2025-07-15T23:38:42.777258Z", "fetched_at": "2025-07-15T23:39:34.094554+00:00", "symbol": "ETH-USD"}, {"trade_id": 667665571, "side": "sell", "size": "0.45665376", "price": "3135.02000000", "time": "2025-07-15T23:38:42.776273Z", "fetched_at": "2025-07-15T23:39:34.094554+00:00", "symbol": "ETH-USD"}, {"trade_id": 667665570, "side": "sell", "size": "0.00048624", "price": "3135.01000000", "time": "2025-07-15T23:38:42.776273Z", "fetched_at": "2025-07-15T23:39:34.094554+00:00", "symbol": "ETH-USD"}, {"trade_id": 667665569, "side": "sell", "size": "0.16086000", "price": "3134.83000000", "time": "2025-07-15T23:38:42.776273Z", "fetched_at": "2025-07-15T23:39:34.094554+00:00", "symbol": "ETH-USD"}, {"trade_id": 667665568, "side": "sell", "size": "0.16350000", "price": "3134.56000000", "time": "2025-07-15T23:38:42.776273Z", "fetched_at": "2025-07-15T23:39:34.094554+00:00", "symbol": "ETH-USD"}, {"trade_id": 667665567, "side": "sell", "size": "0.16086000", "price": "3134.53000000", "time": "2025-07-15T23:38:42.776273Z", "fetched_at": "2025-07-15T23:39:34.094554+00:00", "symbol": "ETH-USD"}, {"trade_id": 667665566, "side": "buy", "size": "0.00100000", "price": "3134.40000000", "time": "2025-07-15T23:38:42.775383Z", "fetched_at": "2025-07-15T23:39:34.094554+00:00", "symbol": "ETH-USD"}, {"trade_id": 667665565, "side": "sell", "size": "0.16350000", "price": "3135.02000000", "time": "2025-07-15T23:38:42.772445Z", "fetched_at": "2025-07-15T23:39:34.094554+00:00", "symbol": "ETH-USD"}, {"trade_id": 667665564, "side": "sell", "size": "0.16350000", "price": "3134.54000000", "time": "2025-07-15T23:38:42.762928Z", "fetched_at": "2025-07-15T23:39:34.094554+00:00", "symbol": "ETH-USD"}, {"trade_id": 667665563, "side": "sell", "size": "0.16086000", "price": "3134.51000000", "time": "2025-07-15T23:38:42.762928Z", "fetched_at": "2025-07-15T23:39:34.094554+00:00", "symbol": "ETH-USD"}, {"trade_id": 667665562, "side": "sell", "size": "0.16086000", "price": "3134.41000000", "time": "2025-07-15T23:38:42.761293Z", "fetched_at": "2025-07-15T23:39:34.094554+00:00", "symbol": "ETH-USD"}, {"trade_id": 667665561, "side": "sell", "size": "0.16350000", "price": "3134.41000000", "time": "2025-07-15T23:38:42.761293Z", "fetched_at": "2025-07-15T23:39:34.094554+00:00", "symbol": "ETH-USD"}, {"trade_id": 667665560, "side": "buy", "size": "3.80116183", "price": "3134.53000000", "time": "2025-07-15T23:38:42.753085Z", "fetched_at": "2025-07-15T23:39:34.094554+00:00", "symbol": "ETH-USD"}, {"trade_id": 667665559, "side": "buy", "size": "0.44472830", "price": "3134.64000000", "time": "2025-07-15T23:38:42.752234Z", "fetched_at": "2025-07-15T23:39:34.094554+00:00", "symbol": "ETH-USD"}, {"trade_id": 667665558, "side": "buy", "size": "0.00100000", "price": "3134.64000000", "time": "2025-07-15T23:38:42.752234Z", "fetched_at": "2025-07-15T23:39:34.094554+00:00", "symbol": "ETH-USD"}, {"trade_id": 667665557, "side": "buy", "size": "0.34082378", "price": "3134.78000000", "time": "2025-07-15T23:38:42.747531Z", "fetched_at": "2025-07-15T23:39:34.094554+00:00", "symbol": "ETH-USD"}, {"trade_id": 667665556, "side": "buy", "size": "0.50000000", "price": "3134.87000000", "time": "2025-07-15T23:38:42.738516Z", "fetched_at": "2025-07-15T23:39:34.094554+00:00", "symbol": "ETH-USD"}, {"trade_id": 667665555, "side": "buy", "size": "0.01324127", "price": "3134.88000000", "time": "2025-07-15T23:38:42.738516Z", "fetched_at": "2025-07-15T23:39:34.094554+00:00", "symbol": "ETH-USD"}, {"trade_id": 667665554, "side": "buy", "size": "0.00100000", "price": "3134.88000000", "time": "2025-07-15T23:38:42.738516Z", "fetched_at": "2025-07-15T23:39:34.094554+00:00", "symbol": "ETH-USD"}, {"trade_id": 667665553, "side": "buy", "size": "0.00047833", "price": "3134.91000000", "time": "2025-07-15T23:38:42.738516Z", "fetched_at": "2025-07-15T23:39:34.094554+00:00", "symbol": "ETH-USD"}, {"trade_id": 667665552, "side": "buy", "size": "0.00010000", "price": "3134.93000000", "time": "2025-07-15T23:38:42.738516Z", "fetched_at": "2025-07-15T23:39:34.094554+00:00", "symbol": "ETH-USD"}, {"trade_id": 667665551, "side": "buy", "size": "0.22999306", "price": "3135.02000000", "time": "2025-07-15T23:38:42.728188Z", "fetched_at": "2025-07-15T23:39:34.094554+00:00", "symbol": "ETH-USD"}, {"trade_id": 667665550, "side": "buy", "size": "0.13764778", "price": "3135.08000000", "time": "2025-07-15T23:38:42.728188Z", "fetched_at": "2025-07-15T23:39:34.094554+00:00", "symbol": "ETH-USD"}, {"trade_id": 667665549, "side": "buy", "size": "0.00100000", "price": "3135.12000000", "time": "2025-07-15T23:38:42.728188Z", "fetched_at": "2025-07-15T23:39:34.094554+00:00", "symbol": "ETH-USD"}, {"trade_id": 667665548, "side": "buy", "size": "0.00010000", "price": "3135.20000000", "time": "2025-07-15T23:38:42.728188Z", "fetched_at": "2025-07-15T23:39:34.094554+00:00", "symbol": "ETH-USD"}, {"trade_id": 667665547, "side": "buy", "size": "0.00100000", "price": "3135.36000000", "time": "2025-07-15T23:38:42.728188Z", "fetched_at": "2025-07-15T23:39:34.094554+00:00", "symbol": "ETH-USD"}, {"trade_id": 667665546, "side": "buy", "size": "0.00010000", "price": "3135.48000000", "time": "2025-07-15T23:38:42.724125Z", "fetched_at": "2025-07-15T23:39:34.094554+00:00", "symbol": "ETH-USD"}, {"trade_id": 667665545, "side": "buy", "size": "0.00318915", "price": "3135.64000000", "time": "2025-07-15T23:38:42.718970Z", "fetched_at": "2025-07-15T23:39:34.094554+00:00", "symbol": "ETH-USD"}, {"trade_id": 667665544, "side": "buy", "size": "0.00063000", "price": "3135.60000000", "time": "2025-07-15T23:38:42.688460Z", "fetched_at": "2025-07-15T23:39:34.094554+00:00", "symbol": "ETH-USD"}, {"trade_id": 667665543, "side": "buy", "size": "0.00318919", "price": "3135.60000000", "time": "2025-07-15T23:38:42.678496Z", "fetched_at": "2025-07-15T23:39:34.094554+00:00", "symbol": "ETH-USD"}, {"trade_id": 667665542, "side": "buy", "size": "0.00100000", "price": "3135.60000000", "time": "2025-07-15T23:38:42.668554Z", "fetched_at": "2025-07-15T23:39:34.094554+00:00", "symbol": "ETH-USD"}, {"trade_id": 667665541, "side": "buy", "size": "0.00100000", "price": "3135.84000000", "time": "2025-07-15T23:38:42.655877Z", "fetched_at": "2025-07-15T23:39:34.094554+00:00", "symbol": "ETH-USD"}, {"trade_id": 667665540, "side": "buy", "size": "0.00318891", "price": "3135.87000000", "time": "2025-07-15T23:38:42.652105Z", "fetched_at": "2025-07-15T23:39:34.094554+00:00", "symbol": "ETH-USD"}, {"trade_id": 667665539, "side": "buy", "size": "0.00100000", "price": "3135.87000000", "time": "2025-07-15T23:38:42.633195Z", "fetched_at": "2025-07-15T23:39:34.094554+00:00", "symbol": "ETH-USD"}, {"trade_id": 667665538, "side": "buy", "size": "0.00318883", "price": "3135.95000000", "time": "2025-07-15T23:38:42.612874Z", "fetched_at": "2025-07-15T23:39:34.094554+00:00", "symbol": "ETH-USD"}, {"trade_id": 667665537, "side": "buy", "size": "0.00063000", "price": "3135.91000000", "time": "2025-07-15T23:38:42.516070Z", "fetched_at": "2025-07-15T23:39:34.094554+00:00", "symbol": "ETH-USD"}, {"trade_id": 667665536, "side": "buy", "size": "0.00318856", "price": "3136.22000000", "time": "2025-07-15T23:38:42.491049Z", "fetched_at": "2025-07-15T23:39:34.094554+00:00", "symbol": "ETH-USD"}, {"trade_id": 667665535, "side": "buy", "size": "0.09485465", "price": "3136.03000000", "time": "2025-07-15T23:38:42.461558Z", "fetched_at": "2025-07-15T23:39:34.094554+00:00", "symbol": "ETH-USD"}, {"trade_id": 667665534, "side": "buy", "size": "0.00100000", "price": "3136.08000000", "time": "2025-07-15T23:38:42.461558Z", "fetched_at": "2025-07-15T23:39:34.094554+00:00", "symbol": "ETH-USD"}, {"trade_id": 667665533, "side": "buy", "size": "0.00044326", "price": "3136.12000000", "time": "2025-07-15T23:38:42.445643Z", "fetched_at": "2025-07-15T23:39:34.094554+00:00", "symbol": "ETH-USD"}, {"trade_id": 667665532, "side": "buy", "size": "0.00063000", "price": "3136.23000000", "time": "2025-07-15T23:38:42.445643Z", "fetched_at": "2025-07-15T23:39:34.094554+00:00", "symbol": "ETH-USD"}, {"trade_id": 667665531, "side": "buy", "size": "0.00318855", "price": "3136.23000000", "time": "2025-07-15T23:38:42.445643Z", "fetched_at": "2025-07-15T23:39:34.094554+00:00", "symbol": "ETH-USD"}, {"trade_id": 667665530, "side": "sell", "size": "0.73962021", "price": "3136.24000000", "time": "2025-07-15T23:38:42.322546Z", "fetched_at": "2025-07-15T23:39:34.094554+00:00", "symbol": "ETH-USD"}, {"trade_id": 667665529, "side": "sell", "size": "0.00498088", "price": "3136.33000000", "time": "2025-07-15T23:38:42.171233Z", "fetched_at": "2025-07-15T23:39:34.094554+00:00", "symbol": "ETH-USD"}, {"trade_id": 667665528, "side": "buy", "size": "0.00318846", "price": "3136.32000000", "time": "2025-07-15T23:38:42.141284Z", "fetched_at": "2025-07-15T23:39:34.094554+00:00", "symbol": "ETH-USD"}, {"trade_id": 667665527, "side": "buy", "size": "0.00318846", "price": "3136.32000000", "time": "2025-07-15T23:38:42.130437Z", "fetched_at": "2025-07-15T23:39:34.094554+00:00", "symbol": "ETH-USD"}, {"trade_id": 667665526, "side": "buy", "size": "0.00100000", "price": "3136.32000000", "time": "2025-07-15T23:38:42.130437Z", "fetched_at": "2025-07-15T23:39:34.094554+00:00", "symbol": "ETH-USD"}, {"trade_id": 667665525, "side": "buy", "size": "0.00063000", "price": "3136.39000000", "time": "2025-07-15T23:38:42.083611Z", "fetched_at": "2025-07-15T23:39:34.094554+00:00", "symbol": "ETH-USD"}, {"trade_id": 667665524, "side": "buy", "size": "0.00318838", "price": "3136.39000000", "time": "2025-07-15T23:38:42.083611Z", "fetched_at": "2025-07-15T23:39:34.094554+00:00", "symbol": "ETH-USD"}, {"trade_id": 667665523, "side": "buy", "size": "0.52541837", "price": "3136.53000000", "time": "2025-07-15T23:38:40.757450Z", "fetched_at": "2025-07-15T23:39:34.094554+00:00", "symbol": "ETH-USD"}, {"trade_id": 667665522, "side": "buy", "size": "0.03850389", "price": "3136.54000000", "time": "2025-07-15T23:38:40.757450Z", "fetched_at": "2025-07-15T23:39:34.094554+00:00", "symbol": "ETH-USD"}, {"trade_id": 667665521, "side": "buy", "size": "0.00318822", "price": "3136.55000000", "time": "2025-07-15T23:38:40.757450Z", "fetched_at": "2025-07-15T23:39:34.094554+00:00", "symbol": "ETH-USD"}, {"trade_id": 667665520, "side": "buy", "size": "0.00063000", "price": "3136.58000000", "time": "2025-07-15T23:38:40.757450Z", "fetched_at": "2025-07-15T23:39:34.094554+00:00", "symbol": "ETH-USD"}, {"trade_id": 667665519, "side": "sell", "size": "0.79698294", "price": "3136.83000000", "time": "2025-07-15T23:38:40.197209Z", "fetched_at": "2025-07-15T23:39:34.094554+00:00", "symbol": "ETH-USD"}, {"trade_id": 667665518, "side": "sell", "size": "0.15940104", "price": "3136.75000000", "time": "2025-07-15T23:38:40.197209Z", "fetched_at": "2025-07-15T23:39:34.094554+00:00", "symbol": "ETH-USD"}, {"trade_id": 667665517, "side": "buy", "size": "0.00034553", "price": "3136.55000000", "time": "2025-07-15T23:38:40.181505Z", "fetched_at": "2025-07-15T23:39:34.094554+00:00", "symbol": "ETH-USD"}, {"trade_id": 667665516, "side": "buy", "size": "0.00063000", "price": "3136.82000000", "time": "2025-07-15T23:38:40.181505Z", "fetched_at": "2025-07-15T23:39:34.094554+00:00", "symbol": "ETH-USD"}, {"trade_id": 667665515, "side": "sell", "size": "0.00000318", "price": "3137.11000000", "time": "2025-07-15T23:38:40.163223Z", "fetched_at": "2025-07-15T23:39:34.094554+00:00", "symbol": "ETH-USD"}, {"trade_id": 667665514, "side": "sell", "size": "0.79698294", "price": "3136.83000000", "time": "2025-07-15T23:38:39.666530Z", "fetched_at": "2025-07-15T23:39:34.094554+00:00", "symbol": "ETH-USD"}, {"trade_id": 667665513, "side": "sell", "size": "0.79698294", "price": "3136.83000000", "time": "2025-07-15T23:38:39.565370Z", "fetched_at": "2025-07-15T23:39:34.094554+00:00", "symbol": "ETH-USD"}, {"trade_id": 667665512, "side": "sell", "size": "0.79698294", "price": "3136.83000000", "time": "2025-07-15T23:38:39.369776Z", "fetched_at": "2025-07-15T23:39:34.094554+00:00", "symbol": "ETH-USD"}, {"trade_id": 667665511, "side": "buy", "size": "0.00318795", "price": "3136.82000000", "time": "2025-07-15T23:38:39.367876Z", "fetched_at": "2025-07-15T23:39:34.094554+00:00", "symbol": "ETH-USD"}, {"trade_id": 667665510, "side": "sell", "size": "0.79698262", "price": "3136.84000000", "time": "2025-07-15T23:38:39.273824Z", "fetched_at": "2025-07-15T23:39:34.094554+00:00", "symbol": "ETH-USD"}, {"trade_id": 667665509, "side": "sell", "size": "0.14362587", "price": "3136.68000000", "time": "2025-07-15T23:38:39.273824Z", "fetched_at": "2025-07-15T23:39:34.094554+00:00", "symbol": "ETH-USD"}, {"trade_id": 667665508, "side": "sell", "size": "0.01577846", "price": "3136.68000000", "time": "2025-07-15T23:38:39.266809Z", "fetched_at": "2025-07-15T23:39:34.094554+00:00", "symbol": "ETH-USD"}, {"trade_id": 667665507, "side": "sell", "size": "0.15939506", "price": "3136.86000000", "time": "2025-07-15T23:38:39.112531Z", "fetched_at": "2025-07-15T23:39:34.094554+00:00", "symbol": "ETH-USD"}, {"trade_id": 667665506, "side": "sell", "size": "0.79695977", "price": "3136.93000000", "time": "2025-07-15T23:38:39.081725Z", "fetched_at": "2025-07-15T23:39:34.094554+00:00", "symbol": "ETH-USD"}, {"trade_id": 667665505, "side": "sell", "size": "0.00126148", "price": "3136.92000000", "time": "2025-07-15T23:38:39.081725Z", "fetched_at": "2025-07-15T23:39:34.094554+00:00", "symbol": "ETH-USD"}, {"trade_id": 667665504, "side": "sell", "size": "0.00005589", "price": "3136.90000000", "time": "2025-07-15T23:38:39.050977Z", "fetched_at": "2025-07-15T23:39:34.094554+00:00", "symbol": "ETH-USD"}, {"trade_id": 667665503, "side": "sell", "size": "0.79152001", "price": "3136.86000000", "time": "2025-07-15T23:38:39.050977Z", "fetched_at": "2025-07-15T23:39:34.094554+00:00", "symbol": "ETH-USD"}, {"trade_id": 667665502, "side": "sell", "size": "0.15939506", "price": "3136.86000000", "time": "2025-07-15T23:38:39.050977Z", "fetched_at": "2025-07-15T23:39:34.094554+00:00", "symbol": "ETH-USD"}, {"trade_id": 667665501, "side": "sell", "size": "0.80172001", "price": "3136.90000000", "time": "2025-07-15T23:38:39.017844Z", "fetched_at": "2025-07-15T23:39:34.094554+00:00", "symbol": "ETH-USD"}, {"trade_id": 667665500, "side": "sell", "size": "0.00119955", "price": "3136.89000000", "time": "2025-07-15T23:38:39.017844Z", "fetched_at": "2025-07-15T23:39:34.094554+00:00", "symbol": "ETH-USD"}, {"trade_id": 667665499, "side": "sell", "size": "0.00119955", "price": "3136.92000000", "time": "2025-07-15T23:38:38.987190Z", "fetched_at": "2025-07-15T23:39:34.094554+00:00", "symbol": "ETH-USD"}, {"trade_id": 667665498, "side": "sell", "size": "0.79695977", "price": "3136.93000000", "time": "2025-07-15T23:38:38.986062Z", "fetched_at": "2025-07-15T23:39:34.094554+00:00", "symbol": "ETH-USD"}, {"trade_id": 667665497, "side": "sell", "size": "0.11975085", "price": "3136.99000000", "time": "2025-07-15T23:38:38.966354Z", "fetched_at": "2025-07-15T23:39:34.094554+00:00", "symbol": "ETH-USD"}, {"trade_id": 667665496, "side": "sell", "size": "0.00120472", "price": "3136.98000000", "time": "2025-07-15T23:38:38.966354Z", "fetched_at": "2025-07-15T23:39:34.094554+00:00", "symbol": "ETH-USD"}, {"trade_id": 667665495, "side": "sell", "size": "0.78540001", "price": "3136.79000000", "time": "2025-07-15T23:38:38.894542Z", "fetched_at": "2025-07-15T23:39:34.094554+00:00", "symbol": "ETH-USD"}, {"trade_id": 667665494, "side": "sell", "size": "0.79695977", "price": "3136.93000000", "time": "2025-07-15T23:38:38.863953Z", "fetched_at": "2025-07-15T23:39:34.094554+00:00", "symbol": "ETH-USD"}, {"trade_id": 667665493, "side": "sell", "size": "0.72828001", "price": "3136.80000000", "time": "2025-07-15T23:38:38.863953Z", "fetched_at": "2025-07-15T23:39:34.094554+00:00", "symbol": "ETH-USD"}, {"trade_id": 667665492, "side": "sell", "size": "0.15819339", "price": "3136.80000000", "time": "2025-07-15T23:38:38.863953Z", "fetched_at": "2025-07-15T23:39:34.094554+00:00", "symbol": "ETH-USD"}, {"trade_id": 667665491, "side": "sell", "size": "0.00120472", "price": "3136.80000000", "time": "2025-07-15T23:38:38.832481Z", "fetched_at": "2025-07-15T23:39:34.094554+00:00", "symbol": "ETH-USD"}, {"trade_id": 667665490, "side": "sell", "size": "0.57747529", "price": "3136.96000000", "time": "2025-07-15T23:38:38.822767Z", "fetched_at": "2025-07-15T23:39:34.094554+00:00", "symbol": "ETH-USD"}, {"trade_id": 667665489, "side": "sell", "size": "0.00120472", "price": "3136.95000000", "time": "2025-07-15T23:38:38.822767Z", "fetched_at": "2025-07-15T23:39:34.094554+00:00", "symbol": "ETH-USD"}, {"trade_id": 667665488, "side": "sell", "size": "0.54944001", "price": "3136.62000000", "time": "2025-07-15T23:38:38.725460Z", "fetched_at": "2025-07-15T23:39:34.094554+00:00", "symbol": "ETH-USD"}, {"trade_id": 667665487, "side": "sell", "size": "0.79695977", "price": "3136.93000000", "time": "2025-07-15T23:38:38.700997Z", "fetched_at": "2025-07-15T23:39:34.094554+00:00", "symbol": "ETH-USD"}, {"trade_id": 667665486, "side": "sell", "size": "0.54604001", "price": "3136.81000000", "time": "2025-07-15T23:38:38.700997Z", "fetched_at": "2025-07-15T23:39:34.094554+00:00", "symbol": "ETH-USD"}, {"trade_id": 667665485, "side": "sell", "size": "0.05754000", "price": "3136.62000000", "time": "2025-07-15T23:38:38.700997Z", "fetched_at": "2025-07-15T23:39:34.094554+00:00", "symbol": "ETH-USD"}, {"trade_id": 667665484, "side": "buy", "size": "2.79840636", "price": "3136.80000000", "time": "2025-07-15T23:38:38.680583Z", "fetched_at": "2025-07-15T23:39:34.094554+00:00", "symbol": "ETH-USD"}, {"trade_id": 667665483, "side": "buy", "size": "0.05433580", "price": "3136.81000000", "time": "2025-07-15T23:38:38.680583Z", "fetched_at": "2025-07-15T23:39:34.094554+00:00", "symbol": "ETH-USD"}, {"trade_id": 667665482, "side": "sell", "size": "0.68334026", "price": "3136.95000000", "time": "2025-07-15T23:38:38.670714Z", "fetched_at": "2025-07-15T23:39:34.094554+00:00", "symbol": "ETH-USD"}, {"trade_id": 667665481, "side": "buy", "size": "0.00081782", "price": "3136.94000000", "time": "2025-07-15T23:38:38.668764Z", "fetched_at": "2025-07-15T23:39:34.094554+00:00", "symbol": "ETH-USD"}, {"trade_id": 667665480, "side": "sell", "size": "0.00073975", "price": "3136.95000000", "time": "2025-07-15T23:38:38.663290Z", "fetched_at": "2025-07-15T23:39:34.094554+00:00", "symbol": "ETH-USD"}, {"trade_id": 667665479, "side": "sell", "size": "0.16520000", "price": "3136.95000000", "time": "2025-07-15T23:38:38.659846Z", "fetched_at": "2025-07-15T23:39:34.094554+00:00", "symbol": "ETH-USD"}, {"trade_id": 667665478, "side": "buy", "size": "0.00237000", "price": "3136.82000000", "time": "2025-07-15T23:38:38.650706Z", "fetched_at": "2025-07-15T23:39:34.094554+00:00", "symbol": "ETH-USD"}, {"trade_id": 667665477, "side": "buy", "size": "0.00063000", "price": "3136.94000000", "time": "2025-07-15T23:38:38.650706Z", "fetched_at": "2025-07-15T23:39:34.094554+00:00", "symbol": "ETH-USD"}, {"trade_id": 667665476, "side": "sell", "size": "0.49576001", "price": "3136.95000000", "time": "2025-07-15T23:38:38.624880Z", "fetched_at": "2025-07-15T23:39:34.094554+00:00", "symbol": "ETH-USD"}, {"trade_id": 667665475, "side": "sell", "size": "0.16520000", "price": "3136.95000000", "time": "2025-07-15T23:38:38.593889Z", "fetched_at": "2025-07-15T23:39:34.094554+00:00", "symbol": "ETH-USD"}, {"trade_id": 667665474, "side": "sell", "size": "0.14941843", "price": "3136.95000000", "time": "2025-07-15T23:38:38.592456Z", "fetched_at": "2025-07-15T23:39:34.094554+00:00", "symbol": "ETH-USD"}, {"trade_id": 667665473, "side": "sell", "size": "0.01578157", "price": "3136.95000000", "time": "2025-07-15T23:38:38.586138Z", "fetched_at": "2025-07-15T23:39:34.094554+00:00", "symbol": "ETH-USD"}, {"trade_id": 667665472, "side": "sell", "size": "0.46399870", "price": "3137.09000000", "time": "2025-07-15T23:38:38.572630Z", "fetched_at": "2025-07-15T23:39:34.094554+00:00", "symbol": "ETH-USD"}, {"trade_id": 667665471, "side": "sell", "size": "0.00073975", "price": "3137.08000000", "time": "2025-07-15T23:38:38.572630Z", "fetched_at": "2025-07-15T23:39:34.094554+00:00", "symbol": "ETH-USD"}, {"trade_id": 667665470, "side": "sell", "size": "0.00073975", "price": "3137.05000000", "time": "2025-07-15T23:38:38.554887Z", "fetched_at": "2025-07-15T23:39:34.094554+00:00", "symbol": "ETH-USD"}, {"trade_id": 667665469, "side": "sell", "size": "0.44266026", "price": "3136.95000000", "time": "2025-07-15T23:38:38.554887Z", "fetched_at": "2025-07-15T23:39:34.094554+00:00", "symbol": "ETH-USD"}, {"trade_id": 667665468, "side": "sell", "size": "0.16520000", "price": "3136.95000000", "time": "2025-07-15T23:38:38.549436Z", "fetched_at": "2025-07-15T23:39:34.094554+00:00", "symbol": "ETH-USD"}, {"trade_id": 667665467, "side": "sell", "size": "0.00073975", "price": "3136.95000000", "time": "2025-07-15T23:38:38.549020Z", "fetched_at": "2025-07-15T23:39:34.094554+00:00", "symbol": "ETH-USD"}, {"trade_id": 667665466, "side": "sell", "size": "0.16520000", "price": "3136.95000000", "time": "2025-07-15T23:38:38.547108Z", "fetched_at": "2025-07-15T23:39:34.094554+00:00", "symbol": "ETH-USD"}