[{"trade_id": 847586310, "side": "sell", "size": "0.00413520", "price": "117483.46000000", "time": "2025-07-11T15:39:33.006418Z", "fetched_at": "2025-07-11T15:39:35.147036+00:00", "symbol": "BTC-USD"}, {"trade_id": 847586309, "side": "sell", "size": "0.00006378", "price": "117483.46000000", "time": "2025-07-11T15:39:32.968990Z", "fetched_at": "2025-07-11T15:39:35.147036+00:00", "symbol": "BTC-USD"}, {"trade_id": 847586308, "side": "sell", "size": "0.00003100", "price": "117483.46000000", "time": "2025-07-11T15:39:32.968990Z", "fetched_at": "2025-07-11T15:39:35.147036+00:00", "symbol": "BTC-USD"}, {"trade_id": 847586307, "side": "sell", "size": "0.00001328", "price": "117483.46000000", "time": "2025-07-11T15:39:32.968990Z", "fetched_at": "2025-07-11T15:39:35.147036+00:00", "symbol": "BTC-USD"}, {"trade_id": 847586306, "side": "sell", "size": "0.00165400", "price": "117483.45000000", "time": "2025-07-11T15:39:32.576184Z", "fetched_at": "2025-07-11T15:39:35.147036+00:00", "symbol": "BTC-USD"}, {"trade_id": 847586305, "side": "sell", "size": "0.00020000", "price": "117483.43000000", "time": "2025-07-11T15:39:32.290996Z", "fetched_at": "2025-07-11T15:39:35.147036+00:00", "symbol": "BTC-USD"}, {"trade_id": 847586304, "side": "buy", "size": "0.00024147", "price": "117483.42000000", "time": "2025-07-11T15:39:32.290838Z", "fetched_at": "2025-07-11T15:39:35.147036+00:00", "symbol": "BTC-USD"}, {"trade_id": 847586303, "side": "sell", "size": "0.00331146", "price": "117483.30000000", "time": "2025-07-11T15:39:32.052747Z", "fetched_at": "2025-07-11T15:39:35.147036+00:00", "symbol": "BTC-USD"}, {"trade_id": 847586302, "side": "sell", "size": "0.00007922", "price": "117483.30000000", "time": "2025-07-11T15:39:32.052747Z", "fetched_at": "2025-07-11T15:39:35.147036+00:00", "symbol": "BTC-USD"}, {"trade_id": 847586301, "side": "sell", "size": "0.00152862", "price": "117483.37000000", "time": "2025-07-11T15:39:31.912331Z", "fetched_at": "2025-07-11T15:39:35.147036+00:00", "symbol": "BTC-USD"}, {"trade_id": 847586300, "side": "sell", "size": "0.00008513", "price": "117474.01000000", "time": "2025-07-11T15:39:31.912331Z", "fetched_at": "2025-07-11T15:39:35.147036+00:00", "symbol": "BTC-USD"}, {"trade_id": 847586299, "side": "sell", "size": "0.00075032", "price": "117483.38000000", "time": "2025-07-11T15:39:31.833790Z", "fetched_at": "2025-07-11T15:39:35.147036+00:00", "symbol": "BTC-USD"}, {"trade_id": 847586298, "side": "sell", "size": "0.00000561", "price": "117474.01000000", "time": "2025-07-11T15:39:31.833790Z", "fetched_at": "2025-07-11T15:39:35.147036+00:00", "symbol": "BTC-USD"}, {"trade_id": 847586297, "side": "sell", "size": "0.00008513", "price": "117474.01000000", "time": "2025-07-11T15:39:31.833790Z", "fetched_at": "2025-07-11T15:39:35.147036+00:00", "symbol": "BTC-USD"}, {"trade_id": 847586296, "side": "buy", "size": "0.08376111", "price": "117483.45000000", "time": "2025-07-11T15:39:31.689166Z", "fetched_at": "2025-07-11T15:39:35.147036+00:00", "symbol": "BTC-USD"}, {"trade_id": 847586295, "side": "buy", "size": "0.00680812", "price": "117483.45000000", "time": "2025-07-11T15:39:31.689166Z", "fetched_at": "2025-07-11T15:39:35.147036+00:00", "symbol": "BTC-USD"}, {"trade_id": 847586294, "side": "buy", "size": "0.07850625", "price": "117483.45000000", "time": "2025-07-11T15:39:31.689166Z", "fetched_at": "2025-07-11T15:39:35.147036+00:00", "symbol": "BTC-USD"}, {"trade_id": 847586293, "side": "buy", "size": "0.00003001", "price": "117483.45000000", "time": "2025-07-11T15:39:31.666946Z", "fetched_at": "2025-07-11T15:39:35.147036+00:00", "symbol": "BTC-USD"}, {"trade_id": 847586292, "side": "buy", "size": "0.00024692", "price": "117483.45000000", "time": "2025-07-11T15:39:31.495522Z", "fetched_at": "2025-07-11T15:39:35.147036+00:00", "symbol": "BTC-USD"}, {"trade_id": 847586291, "side": "buy", "size": "0.00062719", "price": "117472.68000000", "time": "2025-07-11T15:39:31.144404Z", "fetched_at": "2025-07-11T15:39:35.147036+00:00", "symbol": "BTC-USD"}, {"trade_id": 847586290, "side": "buy", "size": "0.00001000", "price": "117473.58000000", "time": "2025-07-11T15:39:31.144404Z", "fetched_at": "2025-07-11T15:39:35.147036+00:00", "symbol": "BTC-USD"}, {"trade_id": 847586289, "side": "buy", "size": "0.00000119", "price": "117481.93000000", "time": "2025-07-11T15:39:31.097958Z", "fetched_at": "2025-07-11T15:39:35.147036+00:00", "symbol": "BTC-USD"}, {"trade_id": 847586288, "side": "buy", "size": "0.00000170", "price": "117481.93000000", "time": "2025-07-11T15:39:31.097958Z", "fetched_at": "2025-07-11T15:39:35.147036+00:00", "symbol": "BTC-USD"}, {"trade_id": 847586287, "side": "buy", "size": "0.00691987", "price": "117481.93000000", "time": "2025-07-11T15:39:31.097958Z", "fetched_at": "2025-07-11T15:39:35.147036+00:00", "symbol": "BTC-USD"}, {"trade_id": 847586286, "side": "buy", "size": "0.00643803", "price": "117493.24000000", "time": "2025-07-11T15:39:31.097610Z", "fetched_at": "2025-07-11T15:39:35.147036+00:00", "symbol": "BTC-USD"}, {"trade_id": 847586285, "side": "buy", "size": "0.00851170", "price": "117485.29000000", "time": "2025-07-11T15:39:31.092723Z", "fetched_at": "2025-07-11T15:39:35.147036+00:00", "symbol": "BTC-USD"}, {"trade_id": 847586284, "side": "buy", "size": "0.06222646", "price": "117485.89000000", "time": "2025-07-11T15:39:31.092723Z", "fetched_at": "2025-07-11T15:39:35.147036+00:00", "symbol": "BTC-USD"}, {"trade_id": 847586283, "side": "buy", "size": "0.00743222", "price": "117485.90000000", "time": "2025-07-11T15:39:31.092723Z", "fetched_at": "2025-07-11T15:39:35.147036+00:00", "symbol": "BTC-USD"}, {"trade_id": 847586282, "side": "buy", "size": "0.01806044", "price": "117494.35000000", "time": "2025-07-11T15:39:31.091832Z", "fetched_at": "2025-07-11T15:39:35.147036+00:00", "symbol": "BTC-USD"}, {"trade_id": 847586281, "side": "buy", "size": "0.00000357", "price": "117495.58000000", "time": "2025-07-11T15:39:31.091832Z", "fetched_at": "2025-07-11T15:39:35.147036+00:00", "symbol": "BTC-USD"}, {"trade_id": 847586280, "side": "buy", "size": "0.00003276", "price": "117498.36000000", "time": "2025-07-11T15:39:31.091832Z", "fetched_at": "2025-07-11T15:39:35.147036+00:00", "symbol": "BTC-USD"}, {"trade_id": 847586279, "side": "buy", "size": "0.00680765", "price": "117499.12000000", "time": "2025-07-11T15:39:30.951096Z", "fetched_at": "2025-07-11T15:39:35.147036+00:00", "symbol": "BTC-USD"}, {"trade_id": 847586278, "side": "buy", "size": "0.00003275", "price": "117500.86000000", "time": "2025-07-11T15:39:30.951096Z", "fetched_at": "2025-07-11T15:39:35.147036+00:00", "symbol": "BTC-USD"}, {"trade_id": 847586277, "side": "sell", "size": "0.00016142", "price": "117501.75000000", "time": "2025-07-11T15:39:30.850846Z", "fetched_at": "2025-07-11T15:39:35.147036+00:00", "symbol": "BTC-USD"}, {"trade_id": 847586276, "side": "sell", "size": "0.00156899", "price": "117498.39000000", "time": "2025-07-11T15:39:30.783586Z", "fetched_at": "2025-07-11T15:39:35.147036+00:00", "symbol": "BTC-USD"}, {"trade_id": 847586275, "side": "sell", "size": "0.00008511", "price": "117495.59000000", "time": "2025-07-11T15:39:30.783586Z", "fetched_at": "2025-07-11T15:39:35.147036+00:00", "symbol": "BTC-USD"}, {"trade_id": 847586274, "side": "sell", "size": "0.00002656", "price": "117482.19000000", "time": "2025-07-11T15:39:30.656014Z", "fetched_at": "2025-07-11T15:39:35.147036+00:00", "symbol": "BTC-USD"}, {"trade_id": 847586273, "side": "sell", "size": "0.00003102", "price": "117482.19000000", "time": "2025-07-11T15:39:30.656014Z", "fetched_at": "2025-07-11T15:39:35.147036+00:00", "symbol": "BTC-USD"}, {"trade_id": 847586272, "side": "sell", "size": "0.07553763", "price": "117481.96000000", "time": "2025-07-11T15:39:30.656014Z", "fetched_at": "2025-07-11T15:39:35.147036+00:00", "symbol": "BTC-USD"}, {"trade_id": 847586271, "side": "sell", "size": "0.00012637", "price": "117481.96000000", "time": "2025-07-11T15:39:30.616242Z", "fetched_at": "2025-07-11T15:39:35.147036+00:00", "symbol": "BTC-USD"}, {"trade_id": 847586270, "side": "sell", "size": "0.00000008", "price": "117481.94000000", "time": "2025-07-11T15:39:30.368335Z", "fetched_at": "2025-07-11T15:39:35.147036+00:00", "symbol": "BTC-USD"}, {"trade_id": 847586269, "side": "sell", "size": "0.00000170", "price": "117481.94000000", "time": "2025-07-11T15:39:30.349784Z", "fetched_at": "2025-07-11T15:39:35.147036+00:00", "symbol": "BTC-USD"}, {"trade_id": 847586268, "side": "sell", "size": "0.00412866", "price": "117481.94000000", "time": "2025-07-11T15:39:30.330131Z", "fetched_at": "2025-07-11T15:39:35.147036+00:00", "symbol": "BTC-USD"}, {"trade_id": 847586267, "side": "sell", "size": "0.00008298", "price": "117481.94000000", "time": "2025-07-11T15:39:30.330131Z", "fetched_at": "2025-07-11T15:39:35.147036+00:00", "symbol": "BTC-USD"}, {"trade_id": 847586266, "side": "sell", "size": "0.00479999", "price": "117481.95000000", "time": "2025-07-11T15:39:30.263728Z", "fetched_at": "2025-07-11T15:39:35.147036+00:00", "symbol": "BTC-USD"}, {"trade_id": 847586265, "side": "buy", "size": "0.00084953", "price": "117482.18000000", "time": "2025-07-11T15:39:30.097627Z", "fetched_at": "2025-07-11T15:39:35.147036+00:00", "symbol": "BTC-USD"}, {"trade_id": 847586264, "side": "buy", "size": "0.00001000", "price": "117491.22000000", "time": "2025-07-11T15:39:30.097627Z", "fetched_at": "2025-07-11T15:39:35.147036+00:00", "symbol": "BTC-USD"}, {"trade_id": 847586263, "side": "buy", "size": "0.00500000", "price": "117493.00000000", "time": "2025-07-11T15:39:29.783061Z", "fetched_at": "2025-07-11T15:39:35.147036+00:00", "symbol": "BTC-USD"}, {"trade_id": 847586262, "side": "buy", "size": "0.00003404", "price": "117496.00000000", "time": "2025-07-11T15:39:29.783061Z", "fetched_at": "2025-07-11T15:39:35.147036+00:00", "symbol": "BTC-USD"}, {"trade_id": 847586261, "side": "buy", "size": "0.00000450", "price": "117496.01000000", "time": "2025-07-11T15:39:29.783061Z", "fetched_at": "2025-07-11T15:39:35.147036+00:00", "symbol": "BTC-USD"}, {"trade_id": 847586260, "side": "buy", "size": "0.00148652", "price": "117496.01000000", "time": "2025-07-11T15:39:29.773921Z", "fetched_at": "2025-07-11T15:39:35.147036+00:00", "symbol": "BTC-USD"}, {"trade_id": 847586259, "side": "buy", "size": "0.00000348", "price": "117496.01000000", "time": "2025-07-11T15:39:29.773921Z", "fetched_at": "2025-07-11T15:39:35.147036+00:00", "symbol": "BTC-USD"}, {"trade_id": 847586258, "side": "buy", "size": "0.07506502", "price": "117498.25000000", "time": "2025-07-11T15:39:29.535142Z", "fetched_at": "2025-07-11T15:39:35.147036+00:00", "symbol": "BTC-USD"}, {"trade_id": 847586257, "side": "buy", "size": "0.00044369", "price": "117500.01000000", "time": "2025-07-11T15:39:29.534260Z", "fetched_at": "2025-07-11T15:39:35.147036+00:00", "symbol": "BTC-USD"}, {"trade_id": 847586256, "side": "buy", "size": "0.00469972", "price": "117500.01000000", "time": "2025-07-11T15:39:29.533995Z", "fetched_at": "2025-07-11T15:39:35.147036+00:00", "symbol": "BTC-USD"}, {"trade_id": 847586255, "side": "buy", "size": "0.00173659", "price": "117500.03000000", "time": "2025-07-11T15:39:29.533995Z", "fetched_at": "2025-07-11T15:39:35.147036+00:00", "symbol": "BTC-USD"}, {"trade_id": 847586254, "side": "buy", "size": "0.00000170", "price": "117500.03000000", "time": "2025-07-11T15:39:29.533995Z", "fetched_at": "2025-07-11T15:39:35.147036+00:00", "symbol": "BTC-USD"}, {"trade_id": 847586253, "side": "buy", "size": "0.00520493", "price": "117500.03000000", "time": "2025-07-11T15:39:29.533995Z", "fetched_at": "2025-07-11T15:39:35.147036+00:00", "symbol": "BTC-USD"}, {"trade_id": 847586252, "side": "buy", "size": "0.00521863", "price": "117500.03000000", "time": "2025-07-11T15:39:29.533995Z", "fetched_at": "2025-07-11T15:39:35.147036+00:00", "symbol": "BTC-USD"}, {"trade_id": 847586251, "side": "buy", "size": "0.02112016", "price": "117500.01000000", "time": "2025-07-11T15:39:28.073054Z", "fetched_at": "2025-07-11T15:39:35.147036+00:00", "symbol": "BTC-USD"}, {"trade_id": 847586250, "side": "buy", "size": "0.00653906", "price": "117500.01000000", "time": "2025-07-11T15:39:28.073054Z", "fetched_at": "2025-07-11T15:39:35.147036+00:00", "symbol": "BTC-USD"}, {"trade_id": 847586249, "side": "buy", "size": "0.00670430", "price": "117500.02000000", "time": "2025-07-11T15:39:28.073054Z", "fetched_at": "2025-07-11T15:39:35.147036+00:00", "symbol": "BTC-USD"}, {"trade_id": 847586248, "side": "buy", "size": "0.00001730", "price": "117500.03000000", "time": "2025-07-11T15:39:28.073054Z", "fetched_at": "2025-07-11T15:39:35.147036+00:00", "symbol": "BTC-USD"}, {"trade_id": 847586247, "side": "sell", "size": "0.00080696", "price": "117500.15000000", "time": "2025-07-11T15:39:27.998261Z", "fetched_at": "2025-07-11T15:39:35.147036+00:00", "symbol": "BTC-USD"}, {"trade_id": 847586246, "side": "buy", "size": "0.00000306", "price": "117506.60000000", "time": "2025-07-11T15:39:27.664315Z", "fetched_at": "2025-07-11T15:39:35.147036+00:00", "symbol": "BTC-USD"}, {"trade_id": 847586245, "side": "buy", "size": "0.00002262", "price": "117506.60000000", "time": "2025-07-11T15:39:27.664315Z", "fetched_at": "2025-07-11T15:39:35.147036+00:00", "symbol": "BTC-USD"}, {"trade_id": 847586244, "side": "buy", "size": "0.00000297", "price": "117506.60000000", "time": "2025-07-11T15:39:27.664315Z", "fetched_at": "2025-07-11T15:39:35.147036+00:00", "symbol": "BTC-USD"}, {"trade_id": 847586243, "side": "buy", "size": "0.07758479", "price": "117506.60000000", "time": "2025-07-11T15:39:27.664315Z", "fetched_at": "2025-07-11T15:39:35.147036+00:00", "symbol": "BTC-USD"}, {"trade_id": 847586242, "side": "buy", "size": "0.00090362", "price": "117506.60000000", "time": "2025-07-11T15:39:27.628825Z", "fetched_at": "2025-07-11T15:39:35.147036+00:00", "symbol": "BTC-USD"}, {"trade_id": 847586241, "side": "buy", "size": "0.00499881", "price": "117506.60000000", "time": "2025-07-11T15:39:26.782037Z", "fetched_at": "2025-07-11T15:39:35.147036+00:00", "symbol": "BTC-USD"}, {"trade_id": 847586240, "side": "buy", "size": "0.00000119", "price": "117506.60000000", "time": "2025-07-11T15:39:26.782037Z", "fetched_at": "2025-07-11T15:39:35.147036+00:00", "symbol": "BTC-USD"}, {"trade_id": 847586239, "side": "buy", "size": "0.00008548", "price": "117506.60000000", "time": "2025-07-11T15:39:25.834698Z", "fetched_at": "2025-07-11T15:39:35.147036+00:00", "symbol": "BTC-USD"}, {"trade_id": 847586238, "side": "buy", "size": "0.00034382", "price": "117506.60000000", "time": "2025-07-11T15:39:24.959489Z", "fetched_at": "2025-07-11T15:39:35.147036+00:00", "symbol": "BTC-USD"}, {"trade_id": 847586237, "side": "sell", "size": "0.00042227", "price": "117506.61000000", "time": "2025-07-11T15:39:24.619782Z", "fetched_at": "2025-07-11T15:39:35.147036+00:00", "symbol": "BTC-USD"}, {"trade_id": 847586236, "side": "sell", "size": "0.00041352", "price": "117506.62000000", "time": "2025-07-11T15:39:24.060156Z", "fetched_at": "2025-07-11T15:39:35.147036+00:00", "symbol": "BTC-USD"}, {"trade_id": 847586235, "side": "buy", "size": "0.00680736", "price": "117503.91000000", "time": "2025-07-11T15:39:23.558825Z", "fetched_at": "2025-07-11T15:39:35.147036+00:00", "symbol": "BTC-USD"}, {"trade_id": 847586234, "side": "buy", "size": "0.00003051", "price": "117503.91000000", "time": "2025-07-11T15:39:23.558825Z", "fetched_at": "2025-07-11T15:39:35.147036+00:00", "symbol": "BTC-USD"}, {"trade_id": 847586233, "side": "sell", "size": "0.00080691", "price": "117503.92000000", "time": "2025-07-11T15:39:23.511478Z", "fetched_at": "2025-07-11T15:39:35.147036+00:00", "symbol": "BTC-USD"}, {"trade_id": 847586232, "side": "sell", "size": "0.00000022", "price": "117500.01000000", "time": "2025-07-11T15:39:23.422134Z", "fetched_at": "2025-07-11T15:39:35.147036+00:00", "symbol": "BTC-USD"}, {"trade_id": 847586231, "side": "buy", "size": "0.02102127", "price": "117500.00000000", "time": "2025-07-11T15:39:22.731284Z", "fetched_at": "2025-07-11T15:39:35.147036+00:00", "symbol": "BTC-USD"}, {"trade_id": 847586230, "side": "buy", "size": "0.00001000", "price": "117500.04000000", "time": "2025-07-11T15:39:22.731284Z", "fetched_at": "2025-07-11T15:39:35.147036+00:00", "symbol": "BTC-USD"}, {"trade_id": 847586229, "side": "buy", "size": "0.02504042", "price": "117501.44000000", "time": "2025-07-11T15:39:22.724565Z", "fetched_at": "2025-07-11T15:39:35.147036+00:00", "symbol": "BTC-USD"}, {"trade_id": 847586228, "side": "buy", "size": "0.00500000", "price": "117501.44000000", "time": "2025-07-11T15:39:22.724565Z", "fetched_at": "2025-07-11T15:39:35.147036+00:00", "symbol": "BTC-USD"}, {"trade_id": 847586227, "side": "buy", "size": "0.00500000", "price": "117501.57000000", "time": "2025-07-11T15:39:22.724565Z", "fetched_at": "2025-07-11T15:39:35.147036+00:00", "symbol": "BTC-USD"}, {"trade_id": 847586226, "side": "buy", "size": "0.06513717", "price": "117501.58000000", "time": "2025-07-11T15:39:22.724565Z", "fetched_at": "2025-07-11T15:39:35.147036+00:00", "symbol": "BTC-USD"}, {"trade_id": 847586225, "side": "buy", "size": "0.01700578", "price": "117501.58000000", "time": "2025-07-11T15:39:22.723705Z", "fetched_at": "2025-07-11T15:39:35.147036+00:00", "symbol": "BTC-USD"}, {"trade_id": 847586224, "side": "buy", "size": "0.00312805", "price": "117507.39000000", "time": "2025-07-11T15:39:22.704395Z", "fetched_at": "2025-07-11T15:39:35.147036+00:00", "symbol": "BTC-USD"}, {"trade_id": 847586223, "side": "buy", "size": "0.00000119", "price": "117507.39000000", "time": "2025-07-11T15:39:22.704395Z", "fetched_at": "2025-07-11T15:39:35.147036+00:00", "symbol": "BTC-USD"}, {"trade_id": 847586222, "side": "buy", "size": "0.00000731", "price": "117507.39000000", "time": "2025-07-11T15:39:22.704395Z", "fetched_at": "2025-07-11T15:39:35.147036+00:00", "symbol": "BTC-USD"}, {"trade_id": 847586221, "side": "buy", "size": "0.08270026", "price": "117507.39000000", "time": "2025-07-11T15:39:22.704395Z", "fetched_at": "2025-07-11T15:39:35.147036+00:00", "symbol": "BTC-USD"}, {"trade_id": 847586220, "side": "sell", "size": "0.00152856", "price": "117507.40000000", "time": "2025-07-11T15:39:22.186833Z", "fetched_at": "2025-07-11T15:39:35.147036+00:00", "symbol": "BTC-USD"}, {"trade_id": 847586219, "side": "sell", "size": "0.00008511", "price": "117507.40000000", "time": "2025-07-11T15:39:22.186833Z", "fetched_at": "2025-07-11T15:39:35.147036+00:00", "symbol": "BTC-USD"}, {"trade_id": 847586218, "side": "buy", "size": "0.00002629", "price": "117507.39000000", "time": "2025-07-11T15:39:21.028878Z", "fetched_at": "2025-07-11T15:39:35.147036+00:00", "symbol": "BTC-USD"}, {"trade_id": 847586217, "side": "sell", "size": "0.00161503", "price": "117509.24000000", "time": "2025-07-11T15:39:20.871725Z", "fetched_at": "2025-07-11T15:39:35.147036+00:00", "symbol": "BTC-USD"}, {"trade_id": 847586216, "side": "sell", "size": "0.00008510", "price": "117507.40000000", "time": "2025-07-11T15:39:20.871725Z", "fetched_at": "2025-07-11T15:39:35.147036+00:00", "symbol": "BTC-USD"}, {"trade_id": 847586215, "side": "sell", "size": "0.00250219", "price": "117509.16000000", "time": "2025-07-11T15:39:20.770029Z", "fetched_at": "2025-07-11T15:39:35.147036+00:00", "symbol": "BTC-USD"}, {"trade_id": 847586214, "side": "buy", "size": "0.00020261", "price": "117507.39000000", "time": "2025-07-11T15:39:20.118218Z", "fetched_at": "2025-07-11T15:39:35.147036+00:00", "symbol": "BTC-USD"}, {"trade_id": 847586213, "side": "buy", "size": "0.01805796", "price": "117510.44000000", "time": "2025-07-11T15:39:20.115974Z", "fetched_at": "2025-07-11T15:39:35.147036+00:00", "symbol": "BTC-USD"}, {"trade_id": 847586212, "side": "buy", "size": "0.00627050", "price": "117510.46000000", "time": "2025-07-11T15:39:20.115974Z", "fetched_at": "2025-07-11T15:39:35.147036+00:00", "symbol": "BTC-USD"}, {"trade_id": 847586211, "side": "buy", "size": "0.00024055", "price": "117510.46000000", "time": "2025-07-11T15:39:19.805535Z", "fetched_at": "2025-07-11T15:39:35.147036+00:00", "symbol": "BTC-USD"}, {"trade_id": 847586210, "side": "buy", "size": "0.00009260", "price": "117510.46000000", "time": "2025-07-11T15:39:19.173696Z", "fetched_at": "2025-07-11T15:39:35.147036+00:00", "symbol": "BTC-USD"}, {"trade_id": 847586209, "side": "buy", "size": "0.00008967", "price": "117510.46000000", "time": "2025-07-11T15:39:18.170403Z", "fetched_at": "2025-07-11T15:39:35.147036+00:00", "symbol": "BTC-USD"}, {"trade_id": 847586208, "side": "buy", "size": "0.00000348", "price": "117510.46000000", "time": "2025-07-11T15:39:18.170403Z", "fetched_at": "2025-07-11T15:39:35.147036+00:00", "symbol": "BTC-USD"}, {"trade_id": 847586207, "side": "buy", "size": "0.00850954", "price": "117515.05000000", "time": "2025-07-11T15:39:18.014934Z", "fetched_at": "2025-07-11T15:39:35.147036+00:00", "symbol": "BTC-USD"}, {"trade_id": 847586206, "side": "buy", "size": "0.01805686", "price": "117517.66000000", "time": "2025-07-11T15:39:18.014934Z", "fetched_at": "2025-07-11T15:39:35.147036+00:00", "symbol": "BTC-USD"}, {"trade_id": 847586205, "side": "buy", "size": "0.00710862", "price": "117517.68000000", "time": "2025-07-11T15:39:18.014934Z", "fetched_at": "2025-07-11T15:39:35.147036+00:00", "symbol": "BTC-USD"}, {"trade_id": 847586204, "side": "buy", "size": "0.01000000", "price": "117517.68000000", "time": "2025-07-11T15:39:18.014934Z", "fetched_at": "2025-07-11T15:39:35.147036+00:00", "symbol": "BTC-USD"}, {"trade_id": 847586203, "side": "buy", "size": "0.00680647", "price": "117517.68000000", "time": "2025-07-11T15:39:18.014934Z", "fetched_at": "2025-07-11T15:39:35.147036+00:00", "symbol": "BTC-USD"}, {"trade_id": 847586202, "side": "sell", "size": "0.00000008", "price": "117508.89000000", "time": "2025-07-11T15:39:17.791926Z", "fetched_at": "2025-07-11T15:39:35.147036+00:00", "symbol": "BTC-USD"}, {"trade_id": 847586201, "side": "sell", "size": "0.00000017", "price": "117508.89000000", "time": "2025-07-11T15:39:17.768005Z", "fetched_at": "2025-07-11T15:39:35.147036+00:00", "symbol": "BTC-USD"}, {"trade_id": 847586200, "side": "sell", "size": "0.00033589", "price": "117508.89000000", "time": "2025-07-11T15:39:17.745978Z", "fetched_at": "2025-07-11T15:39:35.147036+00:00", "symbol": "BTC-USD"}, {"trade_id": 847586199, "side": "sell", "size": "0.00008510", "price": "117508.88000000", "time": "2025-07-11T15:39:17.745978Z", "fetched_at": "2025-07-11T15:39:35.147036+00:00", "symbol": "BTC-USD"}, {"trade_id": 847586198, "side": "sell", "size": "0.01200000", "price": "117502.05000000", "time": "2025-07-11T15:39:17.627168Z", "fetched_at": "2025-07-11T15:39:35.147036+00:00", "symbol": "BTC-USD"}, {"trade_id": 847586197, "side": "sell", "size": "0.00391900", "price": "117501.61000000", "time": "2025-07-11T15:39:17.627168Z", "fetched_at": "2025-07-11T15:39:35.147036+00:00", "symbol": "BTC-USD"}, {"trade_id": 847586196, "side": "sell", "size": "0.03046536", "price": "117501.60000000", "time": "2025-07-11T15:39:17.626460Z", "fetched_at": "2025-07-11T15:39:35.147036+00:00", "symbol": "BTC-USD"}, {"trade_id": 847586195, "side": "sell", "size": "0.06379829", "price": "117501.60000000", "time": "2025-07-11T15:39:17.623652Z", "fetched_at": "2025-07-11T15:39:35.147036+00:00", "symbol": "BTC-USD"}, {"trade_id": 847586194, "side": "sell", "size": "0.09922835", "price": "117501.60000000", "time": "2025-07-11T15:39:17.618876Z", "fetched_at": "2025-07-11T15:39:35.147036+00:00", "symbol": "BTC-USD"}, {"trade_id": 847586193, "side": "sell", "size": "0.18951365", "price": "117501.59000000", "time": "2025-07-11T15:39:17.618876Z", "fetched_at": "2025-07-11T15:39:35.147036+00:00", "symbol": "BTC-USD"}, {"trade_id": 847586192, "side": "sell", "size": "0.02426359", "price": "117501.59000000", "time": "2025-07-11T15:39:17.615311Z", "fetched_at": "2025-07-11T15:39:35.147036+00:00", "symbol": "BTC-USD"}, {"trade_id": 847586191, "side": "sell", "size": "0.01113171", "price": "117501.59000000", "time": "2025-07-11T15:39:17.607704Z", "fetched_at": "2025-07-11T15:39:35.147036+00:00", "symbol": "BTC-USD"}, {"trade_id": 847586190, "side": "sell", "size": "0.02475723", "price": "117501.59000000", "time": "2025-07-11T15:39:17.603368Z", "fetched_at": "2025-07-11T15:39:35.147036+00:00", "symbol": "BTC-USD"}, {"trade_id": 847586189, "side": "buy", "size": "0.00109623", "price": "117501.58000000", "time": "2025-07-11T15:39:17.482333Z", "fetched_at": "2025-07-11T15:39:35.147036+00:00", "symbol": "BTC-USD"}, {"trade_id": 847586188, "side": "sell", "size": "0.00033382", "price": "117501.59000000", "time": "2025-07-11T15:39:17.248250Z", "fetched_at": "2025-07-11T15:39:35.147036+00:00", "symbol": "BTC-USD"}, {"trade_id": 847586187, "side": "sell", "size": "0.00000851", "price": "117501.59000000", "time": "2025-07-11T15:39:17.248250Z", "fetched_at": "2025-07-11T15:39:35.147036+00:00", "symbol": "BTC-USD"}, {"trade_id": 847586186, "side": "buy", "size": "0.00009186", "price": "117501.58000000", "time": "2025-07-11T15:39:17.194138Z", "fetched_at": "2025-07-11T15:39:35.147036+00:00", "symbol": "BTC-USD"}, {"trade_id": 847586185, "side": "buy", "size": "0.00291115", "price": "117501.58000000", "time": "2025-07-11T15:39:16.579135Z", "fetched_at": "2025-07-11T15:39:35.147036+00:00", "symbol": "BTC-USD"}, {"trade_id": 847586184, "side": "sell", "size": "0.00136724", "price": "117505.34000000", "time": "2025-07-11T15:39:16.532450Z", "fetched_at": "2025-07-11T15:39:35.147036+00:00", "symbol": "BTC-USD"}, {"trade_id": 847586183, "side": "sell", "size": "0.00008508", "price": "117501.58000000", "time": "2025-07-11T15:39:16.532450Z", "fetched_at": "2025-07-11T15:39:35.147036+00:00", "symbol": "BTC-USD"}, {"trade_id": 847586182, "side": "buy", "size": "0.00001000", "price": "117508.86000000", "time": "2025-07-11T15:39:16.312794Z", "fetched_at": "2025-07-11T15:39:35.147036+00:00", "symbol": "BTC-USD"}, {"trade_id": 847586181, "side": "buy", "size": "0.00500000", "price": "117514.25000000", "time": "2025-07-11T15:39:16.187668Z", "fetched_at": "2025-07-11T15:39:35.147036+00:00", "symbol": "BTC-USD"}, {"trade_id": 847586180, "side": "buy", "size": "0.00422655", "price": "117515.55000000", "time": "2025-07-11T15:39:16.186992Z", "fetched_at": "2025-07-11T15:39:35.147036+00:00", "symbol": "BTC-USD"}, {"trade_id": 847586179, "side": "buy", "size": "0.00077512", "price": "117515.55000000", "time": "2025-07-11T15:39:16.167119Z", "fetched_at": "2025-07-11T15:39:35.147036+00:00", "symbol": "BTC-USD"}, {"trade_id": 847586178, "side": "buy", "size": "0.00204132", "price": "117516.62000000", "time": "2025-07-11T15:39:16.166632Z", "fetched_at": "2025-07-11T15:39:35.147036+00:00", "symbol": "BTC-USD"}, {"trade_id": 847586177, "side": "buy", "size": "0.00228999", "price": "117516.45000000", "time": "2025-07-11T15:39:16.007798Z", "fetched_at": "2025-07-11T15:39:35.147036+00:00", "symbol": "BTC-USD"}, {"trade_id": 847586176, "side": "buy", "size": "0.00001000", "price": "117517.68000000", "time": "2025-07-11T15:39:16.007798Z", "fetched_at": "2025-07-11T15:39:35.147036+00:00", "symbol": "BTC-USD"}, {"trade_id": 847586175, "side": "buy", "size": "0.00500000", "price": "117525.88000000", "time": "2025-07-11T15:39:16.002070Z", "fetched_at": "2025-07-11T15:39:35.147036+00:00", "symbol": "BTC-USD"}, {"trade_id": 847586174, "side": "buy", "size": "0.00001000", "price": "117526.50000000", "time": "2025-07-11T15:39:16.002070Z", "fetched_at": "2025-07-11T15:39:35.147036+00:00", "symbol": "BTC-USD"}, {"trade_id": 847586173, "side": "buy", "size": "0.00067458", "price": "117527.63000000", "time": "2025-07-11T15:39:16.002070Z", "fetched_at": "2025-07-11T15:39:35.147036+00:00", "symbol": "BTC-USD"}, {"trade_id": 847586172, "side": "buy", "size": "0.00003227", "price": "117534.20000000", "time": "2025-07-11T15:39:15.968895Z", "fetched_at": "2025-07-11T15:39:35.147036+00:00", "symbol": "BTC-USD"}, {"trade_id": 847586171, "side": "buy", "size": "0.04088277", "price": "117534.20000000", "time": "2025-07-11T15:39:15.968895Z", "fetched_at": "2025-07-11T15:39:35.147036+00:00", "symbol": "BTC-USD"}, {"trade_id": 847586170, "side": "buy", "size": "0.01175149", "price": "117534.20000000", "time": "2025-07-11T15:39:15.951361Z", "fetched_at": "2025-07-11T15:39:35.147036+00:00", "symbol": "BTC-USD"}, {"trade_id": 847586169, "side": "buy", "size": "0.02947678", "price": "117534.20000000", "time": "2025-07-11T15:39:15.947978Z", "fetched_at": "2025-07-11T15:39:35.147036+00:00", "symbol": "BTC-USD"}, {"trade_id": 847586168, "side": "buy", "size": "0.00000119", "price": "117534.20000000", "time": "2025-07-11T15:39:15.947978Z", "fetched_at": "2025-07-11T15:39:35.147036+00:00", "symbol": "BTC-USD"}, {"trade_id": 847586167, "side": "buy", "size": "0.00003185", "price": "117534.20000000", "time": "2025-07-11T15:39:15.947978Z", "fetched_at": "2025-07-11T15:39:35.147036+00:00", "symbol": "BTC-USD"}, {"trade_id": 847586166, "side": "sell", "size": "0.00001977", "price": "117534.21000000", "time": "2025-07-11T15:39:15.944914Z", "fetched_at": "2025-07-11T15:39:35.147036+00:00", "symbol": "BTC-USD"}, {"trade_id": 847586165, "side": "buy", "size": "0.00497111", "price": "117534.20000000", "time": "2025-07-11T15:39:15.286844Z", "fetched_at": "2025-07-11T15:39:35.147036+00:00", "symbol": "BTC-USD"}, {"trade_id": 847586164, "side": "buy", "size": "0.00002889", "price": "117534.21000000", "time": "2025-07-11T15:39:15.286844Z", "fetched_at": "2025-07-11T15:39:35.147036+00:00", "symbol": "BTC-USD"}, {"trade_id": 847586163, "side": "buy", "size": "0.00839473", "price": "117527.63000000", "time": "2025-07-11T15:39:14.906459Z", "fetched_at": "2025-07-11T15:39:35.147036+00:00", "symbol": "BTC-USD"}, {"trade_id": 847586162, "side": "buy", "size": "0.00680590", "price": "117527.66000000", "time": "2025-07-11T15:39:14.906459Z", "fetched_at": "2025-07-11T15:39:35.147036+00:00", "symbol": "BTC-USD"}, {"trade_id": 847586161, "side": "buy", "size": "0.01000000", "price": "117527.67000000", "time": "2025-07-11T15:39:14.906459Z", "fetched_at": "2025-07-11T15:39:35.147036+00:00", "symbol": "BTC-USD"}, {"trade_id": 847586160, "side": "buy", "size": "0.01313784", "price": "117528.72000000", "time": "2025-07-11T15:39:14.906459Z", "fetched_at": "2025-07-11T15:39:35.147036+00:00", "symbol": "BTC-USD"}, {"trade_id": 847586159, "side": "buy", "size": "0.00367569", "price": "117528.73000000", "time": "2025-07-11T15:39:14.906459Z", "fetched_at": "2025-07-11T15:39:35.147036+00:00", "symbol": "BTC-USD"}, {"trade_id": 847586158, "side": "buy", "size": "0.01805456", "price": "117532.63000000", "time": "2025-07-11T15:39:14.906459Z", "fetched_at": "2025-07-11T15:39:35.147036+00:00", "symbol": "BTC-USD"}, {"trade_id": 847586157, "side": "buy", "size": "0.00007231", "price": "117534.16000000", "time": "2025-07-11T15:39:14.906459Z", "fetched_at": "2025-07-11T15:39:35.147036+00:00", "symbol": "BTC-USD"}, {"trade_id": 847586156, "side": "buy", "size": "0.00229005", "price": "117532.82000000", "time": "2025-07-11T15:39:14.848924Z", "fetched_at": "2025-07-11T15:39:35.147036+00:00", "symbol": "BTC-USD"}, {"trade_id": 847586155, "side": "buy", "size": "0.00007231", "price": "117534.21000000", "time": "2025-07-11T15:39:14.848924Z", "fetched_at": "2025-07-11T15:39:35.147036+00:00", "symbol": "BTC-USD"}, {"trade_id": 847586154, "side": "buy", "size": "0.00007671", "price": "117542.66000000", "time": "2025-07-11T15:39:14.390910Z", "fetched_at": "2025-07-11T15:39:35.147036+00:00", "symbol": "BTC-USD"}, {"trade_id": 847586153, "side": "buy", "size": "0.02475862", "price": "117542.66000000", "time": "2025-07-11T15:39:14.390663Z", "fetched_at": "2025-07-11T15:39:35.147036+00:00", "symbol": "BTC-USD"}, {"trade_id": 847586152, "side": "buy", "size": "0.04944926", "price": "117542.66000000", "time": "2025-07-11T15:39:14.384194Z", "fetched_at": "2025-07-11T15:39:35.147036+00:00", "symbol": "BTC-USD"}, {"trade_id": 847586151, "side": "buy", "size": "0.00000689", "price": "117542.66000000", "time": "2025-07-11T15:39:14.384194Z", "fetched_at": "2025-07-11T15:39:35.147036+00:00", "symbol": "BTC-USD"}, {"trade_id": 847586150, "side": "buy", "size": "0.00007551", "price": "117542.66000000", "time": "2025-07-11T15:39:14.384194Z", "fetched_at": "2025-07-11T15:39:35.147036+00:00", "symbol": "BTC-USD"}, {"trade_id": 847586149, "side": "buy", "size": "0.00365834", "price": "117542.66000000", "time": "2025-07-11T15:39:14.384194Z", "fetched_at": "2025-07-11T15:39:35.147036+00:00", "symbol": "BTC-USD"}, {"trade_id": 847586148, "side": "sell", "size": "0.00151538", "price": "117542.67000000", "time": "2025-07-11T15:39:14.150278Z", "fetched_at": "2025-07-11T15:39:35.147036+00:00", "symbol": "BTC-USD"}, {"trade_id": 847586147, "side": "sell", "size": "0.00008211", "price": "117542.67000000", "time": "2025-07-11T15:39:13.441301Z", "fetched_at": "2025-07-11T15:39:35.147036+00:00", "symbol": "BTC-USD"}, {"trade_id": 847586146, "side": "buy", "size": "0.03838358", "price": "117542.66000000", "time": "2025-07-11T15:39:13.256408Z", "fetched_at": "2025-07-11T15:39:35.147036+00:00", "symbol": "BTC-USD"}, {"trade_id": 847586145, "side": "buy", "size": "0.00000357", "price": "117542.66000000", "time": "2025-07-11T15:39:13.256408Z", "fetched_at": "2025-07-11T15:39:35.147036+00:00", "symbol": "BTC-USD"}, {"trade_id": 847586144, "side": "buy", "size": "0.00008508", "price": "117542.66000000", "time": "2025-07-11T15:39:13.256408Z", "fetched_at": "2025-07-11T15:39:35.147036+00:00", "symbol": "BTC-USD"}, {"trade_id": 847586143, "side": "buy", "size": "0.00405914", "price": "117542.66000000", "time": "2025-07-11T15:39:13.256408Z", "fetched_at": "2025-07-11T15:39:35.147036+00:00", "symbol": "BTC-USD"}, {"trade_id": 847586142, "side": "sell", "size": "0.00084196", "price": "117542.67000000", "time": "2025-07-11T15:39:13.120079Z", "fetched_at": "2025-07-11T15:39:35.147036+00:00", "symbol": "BTC-USD"}, {"trade_id": 847586141, "side": "buy", "size": "0.00329801", "price": "117542.66000000", "time": "2025-07-11T15:39:12.791412Z", "fetched_at": "2025-07-11T15:39:35.147036+00:00", "symbol": "BTC-USD"}, {"trade_id": 847586140, "side": "buy", "size": "0.00000008", "price": "117542.66000000", "time": "2025-07-11T15:39:12.791412Z", "fetched_at": "2025-07-11T15:39:35.147036+00:00", "symbol": "BTC-USD"}, {"trade_id": 847586139, "side": "buy", "size": "0.02957816", "price": "117543.81000000", "time": "2025-07-11T15:39:12.110401Z", "fetched_at": "2025-07-11T15:39:35.147036+00:00", "symbol": "BTC-USD"}, {"trade_id": 847586138, "side": "buy", "size": "0.00008508", "price": "117543.82000000", "time": "2025-07-11T15:39:12.110401Z", "fetched_at": "2025-07-11T15:39:35.147036+00:00", "symbol": "BTC-USD"}, {"trade_id": 847586137, "side": "buy", "size": "0.00072730", "price": "117543.82000000", "time": "2025-07-11T15:39:12.110401Z", "fetched_at": "2025-07-11T15:39:35.147036+00:00", "symbol": "BTC-USD"}, {"trade_id": 847586136, "side": "buy", "size": "0.00000110", "price": "117543.82000000", "time": "2025-07-11T15:39:12.110401Z", "fetched_at": "2025-07-11T15:39:35.147036+00:00", "symbol": "BTC-USD"}, {"trade_id": 847586135, "side": "sell", "size": "0.00270402", "price": "117543.83000000", "time": "2025-07-11T15:39:11.418261Z", "fetched_at": "2025-07-11T15:39:35.147036+00:00", "symbol": "BTC-USD"}, {"trade_id": 847586134, "side": "sell", "size": "0.00138228", "price": "117549.61000000", "time": "2025-07-11T15:39:10.827546Z", "fetched_at": "2025-07-11T15:39:35.147036+00:00", "symbol": "BTC-USD"}, {"trade_id": 847586133, "side": "buy", "size": "0.00767900", "price": "117545.55000000", "time": "2025-07-11T15:39:10.622841Z", "fetched_at": "2025-07-11T15:39:35.147036+00:00", "symbol": "BTC-USD"}, {"trade_id": 847586132, "side": "sell", "size": "0.00008157", "price": "117540.75000000", "time": "2025-07-11T15:39:10.305198Z", "fetched_at": "2025-07-11T15:39:35.147036+00:00", "symbol": "BTC-USD"}, {"trade_id": 847586131, "side": "sell", "size": "0.00033161", "price": "117540.74000000", "time": "2025-07-11T15:39:10.305198Z", "fetched_at": "2025-07-11T15:39:35.147036+00:00", "symbol": "BTC-USD"}, {"trade_id": 847586130, "side": "buy", "size": "0.00015618", "price": "117532.53000000", "time": "2025-07-11T15:39:10.251636Z", "fetched_at": "2025-07-11T15:39:35.147036+00:00", "symbol": "BTC-USD"}, {"trade_id": 847586129, "side": "buy", "size": "0.00001000", "price": "117535.32000000", "time": "2025-07-11T15:39:10.251636Z", "fetched_at": "2025-07-11T15:39:35.147036+00:00", "symbol": "BTC-USD"}, {"trade_id": 847586128, "side": "buy", "size": "0.00008508", "price": "117537.40000000", "time": "2025-07-11T15:39:10.251636Z", "fetched_at": "2025-07-11T15:39:35.147036+00:00", "symbol": "BTC-USD"}, {"trade_id": 847586127, "side": "buy", "size": "0.00045402", "price": "117539.37000000", "time": "2025-07-11T15:39:10.139690Z", "fetched_at": "2025-07-11T15:39:35.147036+00:00", "symbol": "BTC-USD"}, {"trade_id": 847586126, "side": "buy", "size": "0.08393944", "price": "117544.14000000", "time": "2025-07-11T15:39:09.917084Z", "fetched_at": "2025-07-11T15:39:35.147036+00:00", "symbol": "BTC-USD"}, {"trade_id": 847586125, "side": "buy", "size": "0.00001000", "price": "117544.14000000", "time": "2025-07-11T15:39:09.917084Z", "fetched_at": "2025-07-11T15:39:35.147036+00:00", "symbol": "BTC-USD"}, {"trade_id": 847586124, "side": "buy", "size": "0.00145468", "price": "117550.94000000", "time": "2025-07-11T15:39:09.574162Z", "fetched_at": "2025-07-11T15:39:35.147036+00:00", "symbol": "BTC-USD"}, {"trade_id": 847586123, "side": "buy", "size": "0.00008507", "price": "117550.94000000", "time": "2025-07-11T15:39:09.574162Z", "fetched_at": "2025-07-11T15:39:35.147036+00:00", "symbol": "BTC-USD"}, {"trade_id": 847586122, "side": "buy", "size": "0.08011924", "price": "117550.94000000", "time": "2025-07-11T15:39:09.574162Z", "fetched_at": "2025-07-11T15:39:35.147036+00:00", "symbol": "BTC-USD"}, {"trade_id": 847586121, "side": "buy", "size": "0.08125583", "price": "117550.94000000", "time": "2025-07-11T15:39:09.574162Z", "fetched_at": "2025-07-11T15:39:35.147036+00:00", "symbol": "BTC-USD"}, {"trade_id": 847586120, "side": "buy", "size": "0.01805119", "price": "117554.56000000", "time": "2025-07-11T15:39:08.559479Z", "fetched_at": "2025-07-11T15:39:35.147036+00:00", "symbol": "BTC-USD"}, {"trade_id": 847586119, "side": "buy", "size": "0.00008507", "price": "117554.57000000", "time": "2025-07-11T15:39:08.559479Z", "fetched_at": "2025-07-11T15:39:35.147036+00:00", "symbol": "BTC-USD"}, {"trade_id": 847586118, "side": "buy", "size": "0.00030634", "price": "117556.66000000", "time": "2025-07-11T15:39:08.559479Z", "fetched_at": "2025-07-11T15:39:35.147036+00:00", "symbol": "BTC-USD"}, {"trade_id": 847586117, "side": "buy", "size": "0.00002201", "price": "117560.26000000", "time": "2025-07-11T15:39:08.456721Z", "fetched_at": "2025-07-11T15:39:35.147036+00:00", "symbol": "BTC-USD"}, {"trade_id": 847586116, "side": "buy", "size": "0.06902410", "price": "117560.26000000", "time": "2025-07-11T15:39:08.456721Z", "fetched_at": "2025-07-11T15:39:35.147036+00:00", "symbol": "BTC-USD"}, {"trade_id": 847586115, "side": "buy", "size": "0.00000348", "price": "117560.27000000", "time": "2025-07-11T15:39:08.456721Z", "fetched_at": "2025-07-11T15:39:35.147036+00:00", "symbol": "BTC-USD"}, {"trade_id": 847586114, "side": "buy", "size": "0.00120791", "price": "117560.27000000", "time": "2025-07-11T15:39:08.456721Z", "fetched_at": "2025-07-11T15:39:35.147036+00:00", "symbol": "BTC-USD"}, {"trade_id": 847586113, "side": "buy", "size": "0.00170123", "price": "117560.27000000", "time": "2025-07-11T15:39:08.098679Z", "fetched_at": "2025-07-11T15:39:35.147036+00:00", "symbol": "BTC-USD"}, {"trade_id": 847586112, "side": "sell", "size": "0.00206641", "price": "117560.28000000", "time": "2025-07-11T15:39:07.961911Z", "fetched_at": "2025-07-11T15:39:35.147036+00:00", "symbol": "BTC-USD"}, {"trade_id": 847586111, "side": "sell", "size": "0.00164235", "price": "117560.28000000", "time": "2025-07-11T15:39:07.403311Z", "fetched_at": "2025-07-11T15:39:35.147036+00:00", "symbol": "BTC-USD"}, {"trade_id": 847586110, "side": "sell", "size": "0.00001033", "price": "117560.28000000", "time": "2025-07-11T15:39:07.403311Z", "fetched_at": "2025-07-11T15:39:35.147036+00:00", "symbol": "BTC-USD"}, {"trade_id": 847586109, "side": "sell", "size": "0.00238251", "price": "117560.28000000", "time": "2025-07-11T15:39:06.996685Z", "fetched_at": "2025-07-11T15:39:35.147036+00:00", "symbol": "BTC-USD"}, {"trade_id": 847586108, "side": "sell", "size": "0.00017023", "price": "117560.96000000", "time": "2025-07-11T15:39:06.529321Z", "fetched_at": "2025-07-11T15:39:35.147036+00:00", "symbol": "BTC-USD"}, {"trade_id": 847586107, "side": "sell", "size": "0.00809365", "price": "117560.96000000", "time": "2025-07-11T15:39:06.529321Z", "fetched_at": "2025-07-11T15:39:35.147036+00:00", "symbol": "BTC-USD"}, {"trade_id": 847586106, "side": "buy", "size": "0.00892722", "price": "117560.26000000", "time": "2025-07-11T15:39:06.308474Z", "fetched_at": "2025-07-11T15:39:35.147036+00:00", "symbol": "BTC-USD"}, {"trade_id": 847586105, "side": "buy", "size": "0.00000153", "price": "117560.64000000", "time": "2025-07-11T15:39:06.308474Z", "fetched_at": "2025-07-11T15:39:35.147036+00:00", "symbol": "BTC-USD"}, {"trade_id": 847586104, "side": "buy", "size": "0.00000085", "price": "117561.19000000", "time": "2025-07-11T15:39:06.308474Z", "fetched_at": "2025-07-11T15:39:35.147036+00:00", "symbol": "BTC-USD"}, {"trade_id": 847586103, "side": "buy", "size": "0.00007040", "price": "117561.19000000", "time": "2025-07-11T15:39:06.308474Z", "fetched_at": "2025-07-11T15:39:35.147036+00:00", "symbol": "BTC-USD"}, {"trade_id": 847586102, "side": "sell", "size": "0.00016130", "price": "117561.20000000", "time": "2025-07-11T15:39:05.782236Z", "fetched_at": "2025-07-11T15:39:35.147036+00:00", "symbol": "BTC-USD"}, {"trade_id": 847586101, "side": "sell", "size": "0.00190635", "price": "117560.20000000", "time": "2025-07-11T15:39:05.221058Z", "fetched_at": "2025-07-11T15:39:35.147036+00:00", "symbol": "BTC-USD"}, {"trade_id": 847586100, "side": "sell", "size": "0.00605054", "price": "117560.20000000", "time": "2025-07-11T15:39:05.221058Z", "fetched_at": "2025-07-11T15:39:35.147036+00:00", "symbol": "BTC-USD"}, {"trade_id": 847586099, "side": "sell", "size": "0.00353703", "price": "117560.20000000", "time": "2025-07-11T15:39:05.221058Z", "fetched_at": "2025-07-11T15:39:35.147036+00:00", "symbol": "BTC-USD"}, {"trade_id": 847586098, "side": "buy", "size": "0.05426326", "price": "117556.34000000", "time": "2025-07-11T15:39:05.179385Z", "fetched_at": "2025-07-11T15:39:35.147036+00:00", "symbol": "BTC-USD"}, {"trade_id": 847586097, "side": "buy", "size": "0.00581929", "price": "117557.28000000", "time": "2025-07-11T15:39:05.179385Z", "fetched_at": "2025-07-11T15:39:35.147036+00:00", "symbol": "BTC-USD"}, {"trade_id": 847586096, "side": "buy", "size": "0.00004549", "price": "117557.29000000", "time": "2025-07-11T15:39:05.179385Z", "fetched_at": "2025-07-11T15:39:35.147036+00:00", "symbol": "BTC-USD"}, {"trade_id": 847586095, "side": "buy", "size": "0.00402611", "price": "117556.34000000", "time": "2025-07-11T15:39:05.007424Z", "fetched_at": "2025-07-11T15:39:35.147036+00:00", "symbol": "BTC-USD"}, {"trade_id": 847586094, "side": "buy", "size": "0.00022413", "price": "117560.70000000", "time": "2025-07-11T15:39:05.007424Z", "fetched_at": "2025-07-11T15:39:35.147036+00:00", "symbol": "BTC-USD"}, {"trade_id": 847586093, "side": "buy", "size": "0.00004462", "price": "117560.70000000", "time": "2025-07-11T15:39:05.007424Z", "fetched_at": "2025-07-11T15:39:35.147036+00:00", "symbol": "BTC-USD"}, {"trade_id": 847586092, "side": "buy", "size": "0.00007592", "price": "117573.54000000", "time": "2025-07-11T15:39:04.386814Z", "fetched_at": "2025-07-11T15:39:35.147036+00:00", "symbol": "BTC-USD"}, {"trade_id": 847586091, "side": "buy", "size": "0.00104528", "price": "117560.70000000", "time": "2025-07-11T15:39:04.186542Z", "fetched_at": "2025-07-11T15:39:35.147036+00:00", "symbol": "BTC-USD"}, {"trade_id": 847586090, "side": "sell", "size": "0.01505213", "price": "117560.72000000", "time": "2025-07-11T15:39:04.086987Z", "fetched_at": "2025-07-11T15:39:35.147036+00:00", "symbol": "BTC-USD"}, {"trade_id": 847586089, "side": "sell", "size": "0.01392673", "price": "117560.72000000", "time": "2025-07-11T15:39:04.086642Z", "fetched_at": "2025-07-11T15:39:35.147036+00:00", "symbol": "BTC-USD"}, {"trade_id": 847586088, "side": "sell", "size": "0.00001100", "price": "117556.69000000", "time": "2025-07-11T15:39:04.080717Z", "fetched_at": "2025-07-11T15:39:35.147036+00:00", "symbol": "BTC-USD"}, {"trade_id": 847586087, "side": "sell", "size": "0.02236600", "price": "117556.50000000", "time": "2025-07-11T15:39:04.080717Z", "fetched_at": "2025-07-11T15:39:35.147036+00:00", "symbol": "BTC-USD"}, {"trade_id": 847586086, "side": "sell", "size": "0.02763400", "price": "117556.50000000", "time": "2025-07-11T15:39:04.079498Z", "fetched_at": "2025-07-11T15:39:35.147036+00:00", "symbol": "BTC-USD"}, {"trade_id": 847586085, "side": "sell", "size": "0.01200000", "price": "117556.45000000", "time": "2025-07-11T15:39:04.079498Z", "fetched_at": "2025-07-11T15:39:35.147036+00:00", "symbol": "BTC-USD"}, {"trade_id": 847586084, "side": "sell", "size": "0.05000000", "price": "117556.45000000", "time": "2025-07-11T15:39:04.079498Z", "fetched_at": "2025-07-11T15:39:35.147036+00:00", "symbol": "BTC-USD"}, {"trade_id": 847586083, "side": "sell", "size": "0.00006768", "price": "117556.33000000", "time": "2025-07-11T15:39:04.079498Z", "fetched_at": "2025-07-11T15:39:35.147036+00:00", "symbol": "BTC-USD"}, {"trade_id": 847586082, "side": "buy", "size": "0.00211886", "price": "117544.66000000", "time": "2025-07-11T15:39:03.575364Z", "fetched_at": "2025-07-11T15:39:35.147036+00:00", "symbol": "BTC-USD"}, {"trade_id": 847586081, "side": "buy", "size": "0.00819455", "price": "117544.66000000", "time": "2025-07-11T15:39:03.575364Z", "fetched_at": "2025-07-11T15:39:35.147036+00:00", "symbol": "BTC-USD"}, {"trade_id": 847586080, "side": "buy", "size": "0.00007136", "price": "117544.67000000", "time": "2025-07-11T15:39:03.575364Z", "fetched_at": "2025-07-11T15:39:35.147036+00:00", "symbol": "BTC-USD"}, {"trade_id": 847586079, "side": "buy", "size": "0.00850700", "price": "117550.14000000", "time": "2025-07-11T15:39:03.575364Z", "fetched_at": "2025-07-11T15:39:35.147036+00:00", "symbol": "BTC-USD"}, {"trade_id": 847586078, "side": "buy", "size": "0.00000374", "price": "117556.65000000", "time": "2025-07-11T15:39:03.575364Z", "fetched_at": "2025-07-11T15:39:35.147036+00:00", "symbol": "BTC-USD"}, {"trade_id": 847586077, "side": "sell", "size": "0.00826385", "price": "117556.68000000", "time": "2025-07-11T15:39:03.232304Z", "fetched_at": "2025-07-11T15:39:35.147036+00:00", "symbol": "BTC-USD"}, {"trade_id": 847586076, "side": "sell", "size": "0.00020656", "price": "117556.67000000", "time": "2025-07-11T15:39:03.093991Z", "fetched_at": "2025-07-11T15:39:35.147036+00:00", "symbol": "BTC-USD"}, {"trade_id": 847586075, "side": "buy", "size": "0.00191493", "price": "117552.63000000", "time": "2025-07-11T15:39:02.964785Z", "fetched_at": "2025-07-11T15:39:35.147036+00:00", "symbol": "BTC-USD"}, {"trade_id": 847586074, "side": "buy", "size": "0.00008507", "price": "117552.63000000", "time": "2025-07-11T15:39:02.964785Z", "fetched_at": "2025-07-11T15:39:35.147036+00:00", "symbol": "BTC-USD"}, {"trade_id": 847586073, "side": "buy", "size": "0.00190493", "price": "117552.62000000", "time": "2025-07-11T15:39:02.932006Z", "fetched_at": "2025-07-11T15:39:35.147036+00:00", "symbol": "BTC-USD"}, {"trade_id": 847586072, "side": "buy", "size": "0.00001000", "price": "117552.96000000", "time": "2025-07-11T15:39:02.932006Z", "fetched_at": "2025-07-11T15:39:35.147036+00:00", "symbol": "BTC-USD"}, {"trade_id": 847586071, "side": "buy", "size": "0.00008507", "price": "117555.38000000", "time": "2025-07-11T15:39:02.932006Z", "fetched_at": "2025-07-11T15:39:35.147036+00:00", "symbol": "BTC-USD"}, {"trade_id": 847586070, "side": "buy", "size": "0.00291493", "price": "117555.37000000", "time": "2025-07-11T15:39:02.904420Z", "fetched_at": "2025-07-11T15:39:35.147036+00:00", "symbol": "BTC-USD"}, {"trade_id": 847586069, "side": "buy", "size": "0.00008507", "price": "117555.38000000", "time": "2025-07-11T15:39:02.904420Z", "fetched_at": "2025-07-11T15:39:35.147036+00:00", "symbol": "BTC-USD"}, {"trade_id": 847586068, "side": "sell", "size": "0.00010948", "price": "117560.64000000", "time": "2025-07-11T15:39:02.877726Z", "fetched_at": "2025-07-11T15:39:35.147036+00:00", "symbol": "BTC-USD"}, {"trade_id": 847586067, "side": "buy", "size": "0.00299000", "price": "117558.89000000", "time": "2025-07-11T15:39:02.847975Z", "fetched_at": "2025-07-11T15:39:35.147036+00:00", "symbol": "BTC-USD"}, {"trade_id": 847586066, "side": "buy", "size": "0.00001000", "price": "117561.78000000", "time": "2025-07-11T15:39:02.847975Z", "fetched_at": "2025-07-11T15:39:35.147036+00:00", "symbol": "BTC-USD"}, {"trade_id": 847586065, "side": "buy", "size": "0.00600000", "price": "117565.23000000", "time": "2025-07-11T15:39:02.722743Z", "fetched_at": "2025-07-11T15:39:35.147036+00:00", "symbol": "BTC-USD"}, {"trade_id": 847586064, "side": "buy", "size": "0.07974538", "price": "117569.15000000", "time": "2025-07-11T15:39:02.702132Z", "fetched_at": "2025-07-11T15:39:35.147036+00:00", "symbol": "BTC-USD"}, {"trade_id": 847586063, "side": "buy", "size": "0.00000085", "price": "117569.15000000", "time": "2025-07-11T15:39:02.702132Z", "fetched_at": "2025-07-11T15:39:35.147036+00:00", "symbol": "BTC-USD"}, {"trade_id": 847586062, "side": "buy", "size": "0.00134397", "price": "117569.15000000", "time": "2025-07-11T15:39:02.702132Z", "fetched_at": "2025-07-11T15:39:35.147036+00:00", "symbol": "BTC-USD"}, {"trade_id": 847586061, "side": "buy", "size": "0.00392505", "price": "117570.29000000", "time": "2025-07-11T15:39:02.702132Z", "fetched_at": "2025-07-11T15:39:35.147036+00:00", "symbol": "BTC-USD"}, {"trade_id": 847586060, "side": "buy", "size": "0.00001000", "price": "117570.60000000", "time": "2025-07-11T15:39:02.702132Z", "fetched_at": "2025-07-11T15:39:35.147036+00:00", "symbol": "BTC-USD"}, {"trade_id": 847586059, "side": "buy", "size": "0.00008506", "price": "117575.02000000", "time": "2025-07-11T15:39:02.694464Z", "fetched_at": "2025-07-11T15:39:35.147036+00:00", "symbol": "BTC-USD"}, {"trade_id": 847586058, "side": "buy", "size": "0.00300000", "price": "117575.02000000", "time": "2025-07-11T15:39:02.664850Z", "fetched_at": "2025-07-11T15:39:35.147036+00:00", "symbol": "BTC-USD"}, {"trade_id": 847586057, "side": "buy", "size": "0.00134000", "price": "117582.43000000", "time": "2025-07-11T15:39:02.620079Z", "fetched_at": "2025-07-11T15:39:35.147036+00:00", "symbol": "BTC-USD"}, {"trade_id": 847586056, "side": "buy", "size": "0.00866000", "price": "117582.43000000", "time": "2025-07-11T15:39:02.619685Z", "fetched_at": "2025-07-11T15:39:35.147036+00:00", "symbol": "BTC-USD"}, {"trade_id": 847586055, "side": "buy", "size": "0.00552000", "price": "117582.43000000", "time": "2025-07-11T15:39:02.619685Z", "fetched_at": "2025-07-11T15:39:35.147036+00:00", "symbol": "BTC-USD"}, {"trade_id": 847586054, "side": "buy", "size": "0.00448000", "price": "117582.43000000", "time": "2025-07-11T15:39:02.619642Z", "fetched_at": "2025-07-11T15:39:35.147036+00:00", "symbol": "BTC-USD"}, {"trade_id": 847586053, "side": "buy", "size": "0.00425167", "price": "117586.43000000", "time": "2025-07-11T15:39:02.611926Z", "fetched_at": "2025-07-11T15:39:35.147036+00:00", "symbol": "BTC-USD"}, {"trade_id": 847586052, "side": "buy", "size": "0.00001000", "price": "117579.42000000", "time": "2025-07-11T15:39:02.609263Z", "fetched_at": "2025-07-11T15:39:35.147036+00:00", "symbol": "BTC-USD"}, {"trade_id": 847586051, "side": "buy", "size": "0.05252749", "price": "117582.42000000", "time": "2025-07-11T15:39:02.609263Z", "fetched_at": "2025-07-11T15:39:35.147036+00:00", "symbol": "BTC-USD"}, {"trade_id": 847586050, "side": "buy", "size": "0.00130954", "price": "117582.43000000", "time": "2025-07-11T15:39:02.609263Z", "fetched_at": "2025-07-11T15:39:35.147036+00:00", "symbol": "BTC-USD"}, {"trade_id": 847586049, "side": "buy", "size": "0.00850261", "price": "117582.45000000", "time": "2025-07-11T15:39:02.609263Z", "fetched_at": "2025-07-11T15:39:35.147036+00:00", "symbol": "BTC-USD"}, {"trade_id": 847586048, "side": "buy", "size": "0.00850402", "price": "117591.31000000", "time": "2025-07-11T15:39:02.603841Z", "fetched_at": "2025-07-11T15:39:35.147036+00:00", "symbol": "BTC-USD"}, {"trade_id": 847586047, "side": "buy", "size": "0.00165021", "price": "117592.34000000", "time": "2025-07-11T15:39:02.603841Z", "fetched_at": "2025-07-11T15:39:35.147036+00:00", "symbol": "BTC-USD"}, {"trade_id": 847586046, "side": "buy", "size": "0.00559631", "price": "117592.34000000", "time": "2025-07-11T15:39:02.603759Z", "fetched_at": "2025-07-11T15:39:35.147036+00:00", "symbol": "BTC-USD"}, {"trade_id": 847586045, "side": "buy", "size": "0.10174676", "price": "117593.00000000", "time": "2025-07-11T15:39:02.603408Z", "fetched_at": "2025-07-11T15:39:35.147036+00:00", "symbol": "BTC-USD"}, {"trade_id": 847586044, "side": "buy", "size": "0.00924829", "price": "117593.00000000", "time": "2025-07-11T15:39:02.603106Z", "fetched_at": "2025-07-11T15:39:35.147036+00:00", "symbol": "BTC-USD"}, {"trade_id": 847586043, "side": "buy", "size": "0.00008504", "price": "117593.27000000", "time": "2025-07-11T15:39:02.603106Z", "fetched_at": "2025-07-11T15:39:35.147036+00:00", "symbol": "BTC-USD"}, {"trade_id": 847586042, "side": "buy", "size": "0.40000000", "price": "117596.00000000", "time": "2025-07-11T15:39:02.603106Z", "fetched_at": "2025-07-11T15:39:35.147036+00:00", "symbol": "BTC-USD"}, {"trade_id": 847586041, "side": "buy", "size": "0.01253043", "price": "117596.03000000", "time": "2025-07-11T15:39:02.603106Z", "fetched_at": "2025-07-11T15:39:35.147036+00:00", "symbol": "BTC-USD"}, {"trade_id": 847586040, "side": "buy", "size": "0.01323345", "price": "117596.04000000", "time": "2025-07-11T15:39:02.603106Z", "fetched_at": "2025-07-11T15:39:35.147036+00:00", "symbol": "BTC-USD"}, {"trade_id": 847586039, "side": "buy", "size": "0.00680144", "price": "117596.55000000", "time": "2025-07-11T15:39:02.603106Z", "fetched_at": "2025-07-11T15:39:35.147036+00:00", "symbol": "BTC-USD"}, {"trade_id": 847586038, "side": "buy", "size": "0.00041386", "price": "117598.03000000", "time": "2025-07-11T15:39:02.603106Z", "fetched_at": "2025-07-11T15:39:35.147036+00:00", "symbol": "BTC-USD"}, {"trade_id": 847586037, "side": "buy", "size": "0.00002543", "price": "117598.03000000", "time": "2025-07-11T15:39:02.121190Z", "fetched_at": "2025-07-11T15:39:35.147036+00:00", "symbol": "BTC-USD"}, {"trade_id": 847586036, "side": "buy", "size": "0.00425233", "price": "117598.03000000", "time": "2025-07-11T15:39:01.935653Z", "fetched_at": "2025-07-11T15:39:35.147036+00:00", "symbol": "BTC-USD"}, {"trade_id": 847586035, "side": "sell", "size": "0.00947793", "price": "117600.63000000", "time": "2025-07-11T15:39:01.576433Z", "fetched_at": "2025-07-11T15:39:35.147036+00:00", "symbol": "BTC-USD"}, {"trade_id": 847586034, "side": "sell", "size": "0.00000956", "price": "117598.03000000", "time": "2025-07-11T15:39:01.576433Z", "fetched_at": "2025-07-11T15:39:35.147036+00:00", "symbol": "BTC-USD"}, {"trade_id": 847586033, "side": "sell", "size": "0.00096635", "price": "117602.09000000", "time": "2025-07-11T15:39:00.783004Z", "fetched_at": "2025-07-11T15:39:35.147036+00:00", "symbol": "BTC-USD"}, {"trade_id": 847586032, "side": "sell", "size": "0.00850404", "price": "117600.12000000", "time": "2025-07-11T15:39:00.783004Z", "fetched_at": "2025-07-11T15:39:35.147036+00:00", "symbol": "BTC-USD"}, {"trade_id": 847586031, "side": "sell", "size": "0.01804436", "price": "117599.06000000", "time": "2025-07-11T15:39:00.783004Z", "fetched_at": "2025-07-11T15:39:35.147036+00:00", "symbol": "BTC-USD"}, {"trade_id": 847586030, "side": "sell", "size": "0.00001000", "price": "117597.06000000", "time": "2025-07-11T15:39:00.783004Z", "fetched_at": "2025-07-11T15:39:35.147036+00:00", "symbol": "BTC-USD"}, {"trade_id": 847586029, "side": "sell", "size": "0.00001033", "price": "117594.10000000", "time": "2025-07-11T15:39:00.783004Z", "fetched_at": "2025-07-11T15:39:35.147036+00:00", "symbol": "BTC-USD"}, {"trade_id": 847586028, "side": "sell", "size": "0.00850500", "price": "117592.34000000", "time": "2025-07-11T15:39:00.783004Z", "fetched_at": "2025-07-11T15:39:35.147036+00:00", "symbol": "BTC-USD"}, {"trade_id": 847586027, "side": "sell", "size": "0.00177295", "price": "117592.34000000", "time": "2025-07-11T15:39:00.783004Z", "fetched_at": "2025-07-11T15:39:35.147036+00:00", "symbol": "BTC-USD"}, {"trade_id": 847586026, "side": "sell", "size": "0.00247907", "price": "117592.34000000", "time": "2025-07-11T15:39:00.780894Z", "fetched_at": "2025-07-11T15:39:35.147036+00:00", "symbol": "BTC-USD"}, {"trade_id": 847586025, "side": "sell", "size": "0.02786800", "price": "117582.45000000", "time": "2025-07-11T15:39:00.777609Z", "fetched_at": "2025-07-11T15:39:35.147036+00:00", "symbol": "BTC-USD"}, {"trade_id": 847586024, "side": "sell", "size": "0.07267272", "price": "117582.44000000", "time": "2025-07-11T15:39:00.777609Z", "fetched_at": "2025-07-11T15:39:35.147036+00:00", "symbol": "BTC-USD"}, {"trade_id": 847586023, "side": "sell", "size": "0.15706766", "price": "117582.44000000", "time": "2025-07-11T15:39:00.772496Z", "fetched_at": "2025-07-11T15:39:35.147036+00:00", "symbol": "BTC-USD"}, {"trade_id": 847586022, "side": "sell", "size": "0.00008208", "price": "117582.43000000", "time": "2025-07-11T15:39:00.692550Z", "fetched_at": "2025-07-11T15:39:35.147036+00:00", "symbol": "BTC-USD"}, {"trade_id": 847586021, "side": "sell", "size": "0.00029405", "price": "117582.43000000", "time": "2025-07-11T15:39:00.598742Z", "fetched_at": "2025-07-11T15:39:35.147036+00:00", "symbol": "BTC-USD"}, {"trade_id": 847586020, "side": "sell", "size": "0.00082626", "price": "117582.43000000", "time": "2025-07-11T15:39:00.586536Z", "fetched_at": "2025-07-11T15:39:35.147036+00:00", "symbol": "BTC-USD"}, {"trade_id": 847586019, "side": "sell", "size": "0.00244422", "price": "117582.43000000", "time": "2025-07-11T15:39:00.416913Z", "fetched_at": "2025-07-11T15:39:35.147036+00:00", "symbol": "BTC-USD"}, {"trade_id": 847586018, "side": "sell", "size": "0.01471900", "price": "117582.43000000", "time": "2025-07-11T15:39:00.315055Z", "fetched_at": "2025-07-11T15:39:35.147036+00:00", "symbol": "BTC-USD"}, {"trade_id": 847586017, "side": "sell", "size": "0.01000000", "price": "117582.43000000", "time": "2025-07-11T15:39:00.315055Z", "fetched_at": "2025-07-11T15:39:35.147036+00:00", "symbol": "BTC-USD"}, {"trade_id": 847586016, "side": "sell", "size": "0.00679835", "price": "117582.43000000", "time": "2025-07-11T15:39:00.315055Z", "fetched_at": "2025-07-11T15:39:35.147036+00:00", "symbol": "BTC-USD"}, {"trade_id": 847586015, "side": "sell", "size": "0.00576699", "price": "117579.87000000", "time": "2025-07-11T15:39:00.062642Z", "fetched_at": "2025-07-11T15:39:35.147036+00:00", "symbol": "BTC-USD"}, {"trade_id": 847586014, "side": "sell", "size": "0.00274786", "price": "117579.87000000", "time": "2025-07-11T15:39:00.062642Z", "fetched_at": "2025-07-11T15:39:35.147036+00:00", "symbol": "BTC-USD"}, {"trade_id": 847586013, "side": "sell", "size": "0.00652085", "price": "117569.16000000", "time": "2025-07-11T15:38:59.510521Z", "fetched_at": "2025-07-11T15:39:35.147036+00:00", "symbol": "BTC-USD"}, {"trade_id": 847586012, "side": "sell", "size": "0.01000000", "price": "117569.16000000", "time": "2025-07-11T15:38:59.510521Z", "fetched_at": "2025-07-11T15:39:35.147036+00:00", "symbol": "BTC-USD"}, {"trade_id": 847586011, "side": "buy", "size": "0.00858801", "price": "117569.15000000", "time": "2025-07-11T15:38:59.425186Z", "fetched_at": "2025-07-11T15:39:35.147036+00:00", "symbol": "BTC-USD"}, {"trade_id": 847586010, "side": "buy", "size": "0.00006802", "price": "117569.15000000", "time": "2025-07-11T15:38:59.363346Z", "fetched_at": "2025-07-11T15:39:35.147036+00:00", "symbol": "BTC-USD"}, {"trade_id": 847586009, "side": "buy", "size": "0.07603418", "price": "117577.45000000", "time": "2025-07-11T15:38:59.176052Z", "fetched_at": "2025-07-11T15:39:35.147036+00:00", "symbol": "BTC-USD"}, {"trade_id": 847586008, "side": "buy", "size": "0.00008505", "price": "117579.09000000", "time": "2025-07-11T15:38:59.176052Z", "fetched_at": "2025-07-11T15:39:35.147036+00:00", "symbol": "BTC-USD"}, {"trade_id": 847586007, "side": "buy", "size": "0.00499996", "price": "117579.09000000", "time": "2025-07-11T15:38:59.176052Z", "fetched_at": "2025-07-11T15:39:35.147036+00:00", "symbol": "BTC-USD"}, {"trade_id": 847586006, "side": "buy", "size": "0.01804691", "price": "117582.41000000", "time": "2025-07-11T15:38:59.133485Z", "fetched_at": "2025-07-11T15:39:35.147036+00:00", "symbol": "BTC-USD"}, {"trade_id": 847586005, "side": "buy", "size": "0.00000467", "price": "117582.41000000", "time": "2025-07-11T15:38:59.133485Z", "fetched_at": "2025-07-11T15:39:35.147036+00:00", "symbol": "BTC-USD"}, {"trade_id": 847586004, "side": "buy", "size": "0.00000136", "price": "117582.41000000", "time": "2025-07-11T15:38:59.133485Z", "fetched_at": "2025-07-11T15:39:35.147036+00:00", "symbol": "BTC-USD"}, {"trade_id": 847586003, "side": "buy", "size": "0.01358132", "price": "117582.41000000", "time": "2025-07-11T15:38:59.133485Z", "fetched_at": "2025-07-11T15:39:35.147036+00:00", "symbol": "BTC-USD"}, {"trade_id": 847586002, "side": "buy", "size": "0.18709421", "price": "117582.41000000", "time": "2025-07-11T15:38:59.133327Z", "fetched_at": "2025-07-11T15:39:35.147036+00:00", "symbol": "BTC-USD"}, {"trade_id": 847586001, "side": "buy", "size": "0.05688722", "price": "117582.41000000", "time": "2025-07-11T15:38:59.124735Z", "fetched_at": "2025-07-11T15:39:35.147036+00:00", "symbol": "BTC-USD"}, {"trade_id": 847586000, "side": "buy", "size": "0.00000773", "price": "117582.43000000", "time": "2025-07-11T15:38:59.124735Z", "fetched_at": "2025-07-11T15:39:35.147036+00:00", "symbol": "BTC-USD"}, {"trade_id": 847585999, "side": "buy", "size": "0.00008505", "price": "117582.43000000", "time": "2025-07-11T15:38:59.124735Z", "fetched_at": "2025-07-11T15:39:35.147036+00:00", "symbol": "BTC-USD"}, {"trade_id": 847585998, "side": "sell", "size": "0.00126151", "price": "117582.44000000", "time": "2025-07-11T15:38:58.776593Z", "fetched_at": "2025-07-11T15:39:35.147036+00:00", "symbol": "BTC-USD"}, {"trade_id": 847585997, "side": "sell", "size": "0.00413179", "price": "117582.44000000", "time": "2025-07-11T15:38:58.707643Z", "fetched_at": "2025-07-11T15:39:35.147036+00:00", "symbol": "BTC-USD"}, {"trade_id": 847585996, "side": "buy", "size": "0.00459978", "price": "117582.43000000", "time": "2025-07-11T15:38:58.607427Z", "fetched_at": "2025-07-11T15:39:35.147036+00:00", "symbol": "BTC-USD"}, {"trade_id": 847585995, "side": "buy", "size": "0.00858806", "price": "117582.43000000", "time": "2025-07-11T15:38:58.554698Z", "fetched_at": "2025-07-11T15:39:35.147036+00:00", "symbol": "BTC-USD"}, {"trade_id": 847585994, "side": "sell", "size": "0.00084198", "price": "117582.44000000", "time": "2025-07-11T15:38:58.546086Z", "fetched_at": "2025-07-11T15:39:35.147036+00:00", "symbol": "BTC-USD"}, {"trade_id": 847585993, "side": "sell", "size": "0.00201637", "price": "117582.44000000", "time": "2025-07-11T15:38:58.499163Z", "fetched_at": "2025-07-11T15:39:35.147036+00:00", "symbol": "BTC-USD"}, {"trade_id": 847585992, "side": "buy", "size": "0.00002792", "price": "117582.43000000", "time": "2025-07-11T15:38:58.294491Z", "fetched_at": "2025-07-11T15:39:35.147036+00:00", "symbol": "BTC-USD"}, {"trade_id": 847585991, "side": "buy", "size": "0.00023029", "price": "117582.43000000", "time": "2025-07-11T15:38:58.020825Z", "fetched_at": "2025-07-11T15:39:35.147036+00:00", "symbol": "BTC-USD"}, {"trade_id": 847585990, "side": "buy", "size": "0.00019484", "price": "117582.43000000", "time": "2025-07-11T15:38:58.020825Z", "fetched_at": "2025-07-11T15:39:35.147036+00:00", "symbol": "BTC-USD"}, {"trade_id": 847585989, "side": "buy", "size": "0.00008505", "price": "117582.43000000", "time": "2025-07-11T15:38:58.020825Z", "fetched_at": "2025-07-11T15:39:35.147036+00:00", "symbol": "BTC-USD"}, {"trade_id": 847585988, "side": "sell", "size": "0.00140124", "price": "117582.42000000", "time": "2025-07-11T15:38:57.686241Z", "fetched_at": "2025-07-11T15:39:35.147036+00:00", "symbol": "BTC-USD"}, {"trade_id": 847585987, "side": "sell", "size": "0.00000664", "price": "117582.42000000", "time": "2025-07-11T15:38:57.686241Z", "fetched_at": "2025-07-11T15:39:35.147036+00:00", "symbol": "BTC-USD"}, {"trade_id": 847585986, "side": "sell", "size": "0.00000212", "price": "117582.42000000", "time": "2025-07-11T15:38:57.686241Z", "fetched_at": "2025-07-11T15:39:35.147036+00:00", "symbol": "BTC-USD"}, {"trade_id": 847585985, "side": "sell", "size": "0.00013940", "price": "117582.42000000", "time": "2025-07-11T15:38:57.180332Z", "fetched_at": "2025-07-11T15:39:35.147036+00:00", "symbol": "BTC-USD"}, {"trade_id": 847585984, "side": "buy", "size": "0.00443288", "price": "117587.06000000", "time": "2025-07-11T15:38:56.196098Z", "fetched_at": "2025-07-11T15:39:35.147036+00:00", "symbol": "BTC-USD"}, {"trade_id": 847585983, "side": "buy", "size": "0.00008505", "price": "117587.07000000", "time": "2025-07-11T15:38:56.196098Z", "fetched_at": "2025-07-11T15:39:35.147036+00:00", "symbol": "BTC-USD"}, {"trade_id": 847585982, "side": "buy", "size": "0.01804557", "price": "117591.15000000", "time": "2025-07-11T15:38:56.163006Z", "fetched_at": "2025-07-11T15:39:35.147036+00:00", "symbol": "BTC-USD"}, {"trade_id": 847585981, "side": "buy", "size": "0.02659407", "price": "117593.73000000", "time": "2025-07-11T15:38:56.163006Z", "fetched_at": "2025-07-11T15:39:35.147036+00:00", "symbol": "BTC-USD"}, {"trade_id": 847585980, "side": "buy", "size": "0.00000102", "price": "117593.74000000", "time": "2025-07-11T15:38:56.163006Z", "fetched_at": "2025-07-11T15:39:35.147036+00:00", "symbol": "BTC-USD"}, {"trade_id": 847585979, "side": "buy", "size": "0.00038182", "price": "117594.09000000", "time": "2025-07-11T15:38:56.163006Z", "fetched_at": "2025-07-11T15:39:35.147036+00:00", "symbol": "BTC-USD"}, {"trade_id": 847585978, "side": "buy", "size": "0.22683760", "price": "117594.09000000", "time": "2025-07-11T15:38:56.163006Z", "fetched_at": "2025-07-11T15:39:35.147036+00:00", "symbol": "BTC-USD"}, {"trade_id": 847585977, "side": "buy", "size": "0.00007478", "price": "117594.09000000", "time": "2025-07-11T15:38:55.864415Z", "fetched_at": "2025-07-11T15:39:35.147036+00:00", "symbol": "BTC-USD"}, {"trade_id": 847585976, "side": "buy", "size": "0.00403085", "price": "117594.09000000", "time": "2025-07-11T15:38:55.776457Z", "fetched_at": "2025-07-11T15:39:35.147036+00:00", "symbol": "BTC-USD"}, {"trade_id": 847585975, "side": "buy", "size": "0.00113823", "price": "117594.09000000", "time": "2025-07-11T15:38:55.776457Z", "fetched_at": "2025-07-11T15:39:35.147036+00:00", "symbol": "BTC-USD"}, {"trade_id": 847585974, "side": "buy", "size": "0.00104571", "price": "117594.09000000", "time": "2025-07-11T15:38:55.776457Z", "fetched_at": "2025-07-11T15:39:35.147036+00:00", "symbol": "BTC-USD"}, {"trade_id": 847585973, "side": "sell", "size": "0.00064263", "price": "117594.10000000", "time": "2025-07-11T15:38:55.683099Z", "fetched_at": "2025-07-11T15:39:35.147036+00:00", "symbol": "BTC-USD"}, {"trade_id": 847585972, "side": "sell", "size": "0.00061979", "price": "117594.10000000", "time": "2025-07-11T15:38:55.100196Z", "fetched_at": "2025-07-11T15:39:35.147036+00:00", "symbol": "BTC-USD"}, {"trade_id": 847585971, "side": "sell", "size": "0.00049619", "price": "117594.10000000", "time": "2025-07-11T15:38:54.918456Z", "fetched_at": "2025-07-11T15:39:35.147036+00:00", "symbol": "BTC-USD"}, {"trade_id": 847585970, "side": "buy", "size": "0.21177756", "price": "117594.40000000", "time": "2025-07-11T15:38:54.678271Z", "fetched_at": "2025-07-11T15:39:35.147036+00:00", "symbol": "BTC-USD"}, {"trade_id": 847585969, "side": "buy", "size": "0.00006215", "price": "117594.40000000", "time": "2025-07-11T15:38:54.540661Z", "fetched_at": "2025-07-11T15:39:35.147036+00:00", "symbol": "BTC-USD"}, {"trade_id": 847585968, "side": "buy", "size": "0.00024635", "price": "117594.40000000", "time": "2025-07-11T15:38:54.521594Z", "fetched_at": "2025-07-11T15:39:35.147036+00:00", "symbol": "BTC-USD"}, {"trade_id": 847585967, "side": "buy", "size": "0.01885656", "price": "117594.40000000", "time": "2025-07-11T15:38:54.481003Z", "fetched_at": "2025-07-11T15:39:35.147036+00:00", "symbol": "BTC-USD"}, {"trade_id": 847585966, "side": "buy", "size": "0.00000221", "price": "117594.47000000", "time": "2025-07-11T15:38:54.481003Z", "fetched_at": "2025-07-11T15:39:35.147036+00:00", "symbol": "BTC-USD"}, {"trade_id": 847585965, "side": "buy", "size": "0.00181953", "price": "117598.01000000", "time": "2025-07-11T15:38:54.052775Z", "fetched_at": "2025-07-11T15:39:35.147036+00:00", "symbol": "BTC-USD"}, {"trade_id": 847585964, "side": "buy", "size": "0.00008504", "price": "117598.02000000", "time": "2025-07-11T15:38:54.052775Z", "fetched_at": "2025-07-11T15:39:35.147036+00:00", "symbol": "BTC-USD"}, {"trade_id": 847585963, "side": "buy", "size": "0.00035127", "price": "117598.51000000", "time": "2025-07-11T15:38:54.052775Z", "fetched_at": "2025-07-11T15:39:35.147036+00:00", "symbol": "BTC-USD"}, {"trade_id": 847585962, "side": "buy", "size": "0.00339067", "price": "117598.52000000", "time": "2025-07-11T15:38:54.052775Z", "fetched_at": "2025-07-11T15:39:35.147036+00:00", "symbol": "BTC-USD"}, {"trade_id": 847585961, "side": "buy", "size": "0.00001728", "price": "117598.52000000", "time": "2025-07-11T15:38:53.892825Z", "fetched_at": "2025-07-11T15:39:35.147036+00:00", "symbol": "BTC-USD"}, {"trade_id": 847585960, "side": "buy", "size": "0.00264931", "price": "117598.52000000", "time": "2025-07-11T15:38:53.646823Z", "fetched_at": "2025-07-11T15:39:35.147036+00:00", "symbol": "BTC-USD"}, {"trade_id": 847585959, "side": "buy", "size": "0.00011801", "price": "117612.29000000", "time": "2025-07-11T15:38:53.156088Z", "fetched_at": "2025-07-11T15:39:35.147036+00:00", "symbol": "BTC-USD"}, {"trade_id": 847585958, "side": "buy", "size": "0.08155362", "price": "117612.29000000", "time": "2025-07-11T15:38:53.156088Z", "fetched_at": "2025-07-11T15:39:35.147036+00:00", "symbol": "BTC-USD"}, {"trade_id": 847585957, "side": "buy", "size": "0.18256171", "price": "117612.29000000", "time": "2025-07-11T15:38:53.151884Z", "fetched_at": "2025-07-11T15:39:35.147036+00:00", "symbol": "BTC-USD"}, {"trade_id": 847585956, "side": "sell", "size": "0.00208833", "price": "117612.30000000", "time": "2025-07-11T15:38:53.148350Z", "fetched_at": "2025-07-11T15:39:35.147036+00:00", "symbol": "BTC-USD"}, {"trade_id": 847585955, "side": "buy", "size": "0.02727123", "price": "117612.29000000", "time": "2025-07-11T15:38:53.059484Z", "fetched_at": "2025-07-11T15:39:35.147036+00:00", "symbol": "BTC-USD"}, {"trade_id": 847585954, "side": "buy", "size": "0.00002543", "price": "117612.29000000", "time": "2025-07-11T15:38:53.023639Z", "fetched_at": "2025-07-11T15:39:35.147036+00:00", "symbol": "BTC-USD"}, {"trade_id": 847585953, "side": "sell", "size": "0.00247946", "price": "117612.30000000", "time": "2025-07-11T15:38:52.961271Z", "fetched_at": "2025-07-11T15:39:35.147036+00:00", "symbol": "BTC-USD"}, {"trade_id": 847585952, "side": "buy", "size": "0.00858801", "price": "117612.29000000", "time": "2025-07-11T15:38:52.879580Z", "fetched_at": "2025-07-11T15:39:35.147036+00:00", "symbol": "BTC-USD"}, {"trade_id": 847585951, "side": "sell", "size": "0.06773500", "price": "117598.61000000", "time": "2025-07-11T15:38:52.014614Z", "fetched_at": "2025-07-11T15:39:35.147036+00:00", "symbol": "BTC-USD"}, {"trade_id": 847585950, "side": "sell", "size": "0.00001033", "price": "117598.61000000", "time": "2025-07-11T15:38:52.014614Z", "fetched_at": "2025-07-11T15:39:35.147036+00:00", "symbol": "BTC-USD"}, {"trade_id": 847585949, "side": "sell", "size": "0.03200000", "price": "117598.59000000", "time": "2025-07-11T15:38:52.001663Z", "fetched_at": "2025-07-11T15:39:35.147036+00:00", "symbol": "BTC-USD"}, {"trade_id": 847585948, "side": "sell", "size": "0.00000212", "price": "117598.57000000", "time": "2025-07-11T15:38:52.001663Z", "fetched_at": "2025-07-11T15:39:35.147036+00:00", "symbol": "BTC-USD"}, {"trade_id": 847585947, "side": "sell", "size": "0.00000664", "price": "117598.54000000", "time": "2025-07-11T15:38:52.001663Z", "fetched_at": "2025-07-11T15:39:35.147036+00:00", "symbol": "BTC-USD"}, {"trade_id": 847585946, "side": "sell", "size": "0.00020165", "price": "117598.52000000", "time": "2025-07-11T15:38:51.416601Z", "fetched_at": "2025-07-11T15:39:35.147036+00:00", "symbol": "BTC-USD"}, {"trade_id": 847585945, "side": "sell", "size": "0.00233199", "price": "117598.61000000", "time": "2025-07-11T15:38:50.820628Z", "fetched_at": "2025-07-11T15:39:35.147036+00:00", "symbol": "BTC-USD"}, {"trade_id": 847585944, "side": "sell", "size": "0.00000808", "price": "117598.62000000", "time": "2025-07-11T15:38:50.552963Z", "fetched_at": "2025-07-11T15:39:35.147036+00:00", "symbol": "BTC-USD"}, {"trade_id": 847585943, "side": "sell", "size": "0.00021049", "price": "117599.68000000", "time": "2025-07-11T15:38:50.371994Z", "fetched_at": "2025-07-11T15:39:35.147036+00:00", "symbol": "BTC-USD"}, {"trade_id": 847585942, "side": "sell", "size": "0.00004210", "price": "117599.16000000", "time": "2025-07-11T15:38:50.189278Z", "fetched_at": "2025-07-11T15:39:35.147036+00:00", "symbol": "BTC-USD"}, {"trade_id": 847585941, "side": "sell", "size": "0.00024796", "price": "117593.74000000", "time": "2025-07-11T15:38:50.127173Z", "fetched_at": "2025-07-11T15:39:35.147036+00:00", "symbol": "BTC-USD"}, {"trade_id": 847585940, "side": "buy", "size": "0.00261360", "price": "117599.99000000", "time": "2025-07-11T15:38:50.065078Z", "fetched_at": "2025-07-11T15:39:35.147036+00:00", "symbol": "BTC-USD"}, {"trade_id": 847585939, "side": "sell", "size": "0.00012394", "price": "117600.00000000", "time": "2025-07-11T15:38:50.019357Z", "fetched_at": "2025-07-11T15:39:35.147036+00:00", "symbol": "BTC-USD"}, {"trade_id": 847585938, "side": "buy", "size": "0.00000459", "price": "117605.19000000", "time": "2025-07-11T15:38:49.953149Z", "fetched_at": "2025-07-11T15:39:35.147036+00:00", "symbol": "BTC-USD"}, {"trade_id": 847585937, "side": "buy", "size": "0.00001743", "price": "117605.19000000", "time": "2025-07-11T15:38:49.953149Z", "fetched_at": "2025-07-11T15:39:35.147036+00:00", "symbol": "BTC-USD"}, {"trade_id": 847585936, "side": "sell", "size": "0.00041329", "price": "117605.20000000", "time": "2025-07-11T15:38:49.952076Z", "fetched_at": "2025-07-11T15:39:35.147036+00:00", "symbol": "BTC-USD"}, {"trade_id": 847585935, "side": "buy", "size": "0.00004174", "price": "117605.19000000", "time": "2025-07-11T15:38:49.944788Z", "fetched_at": "2025-07-11T15:39:35.147036+00:00", "symbol": "BTC-USD"}, {"trade_id": 847585934, "side": "buy", "size": "0.00312868", "price": "117605.19000000", "time": "2025-07-11T15:38:49.944788Z", "fetched_at": "2025-07-11T15:39:35.147036+00:00", "symbol": "BTC-USD"}, {"trade_id": 847585933, "side": "buy", "size": "0.00002320", "price": "117605.19000000", "time": "2025-07-11T15:38:49.944788Z", "fetched_at": "2025-07-11T15:39:35.147036+00:00", "symbol": "BTC-USD"}, {"trade_id": 847585932, "side": "buy", "size": "0.23003939", "price": "117605.19000000", "time": "2025-07-11T15:38:49.944788Z", "fetched_at": "2025-07-11T15:39:35.147036+00:00", "symbol": "BTC-USD"}, {"trade_id": 847585931, "side": "buy", "size": "0.00084030", "price": "117605.19000000", "time": "2025-07-11T15:38:49.923749Z", "fetched_at": "2025-07-11T15:39:35.147036+00:00", "symbol": "BTC-USD"}, {"trade_id": 847585930, "side": "buy", "size": "0.00000365", "price": "117605.19000000", "time": "2025-07-11T15:38:49.923749Z", "fetched_at": "2025-07-11T15:39:35.147036+00:00", "symbol": "BTC-USD"}, {"trade_id": 847585929, "side": "buy", "size": "0.00001504", "price": "117605.19000000", "time": "2025-07-11T15:38:49.923749Z", "fetched_at": "2025-07-11T15:39:35.147036+00:00", "symbol": "BTC-USD"}, {"trade_id": 847585928, "side": "sell", "size": "0.00008209", "price": "117605.20000000", "time": "2025-07-11T15:38:49.575833Z", "fetched_at": "2025-07-11T15:39:35.147036+00:00", "symbol": "BTC-USD"}, {"trade_id": 847585927, "side": "sell", "size": "0.00020662", "price": "117605.20000000", "time": "2025-07-11T15:38:49.398942Z", "fetched_at": "2025-07-11T15:39:35.147036+00:00", "symbol": "BTC-USD"}, {"trade_id": 847585926, "side": "sell", "size": "0.00004210", "price": "117605.20000000", "time": "2025-07-11T15:38:49.276521Z", "fetched_at": "2025-07-11T15:39:35.147036+00:00", "symbol": "BTC-USD"}, {"trade_id": 847585925, "side": "sell", "size": "0.00206622", "price": "117605.21000000", "time": "2025-07-11T15:38:49.178304Z", "fetched_at": "2025-07-11T15:39:35.147036+00:00", "symbol": "BTC-USD"}, {"trade_id": 847585924, "side": "buy", "size": "0.00000613", "price": "117605.19000000", "time": "2025-07-11T15:38:48.967608Z", "fetched_at": "2025-07-11T15:39:35.147036+00:00", "symbol": "BTC-USD"}, {"trade_id": 847585923, "side": "buy", "size": "0.00004174", "price": "117605.19000000", "time": "2025-07-11T15:38:48.967608Z", "fetched_at": "2025-07-11T15:39:35.147036+00:00", "symbol": "BTC-USD"}, {"trade_id": 847585922, "side": "buy", "size": "0.00008503", "price": "117605.84000000", "time": "2025-07-11T15:38:48.967608Z", "fetched_at": "2025-07-11T15:39:35.147036+00:00", "symbol": "BTC-USD"}, {"trade_id": 847585921, "side": "sell", "size": "0.00041324", "price": "117605.20000000", "time": "2025-07-11T15:38:48.933778Z", "fetched_at": "2025-07-11T15:39:35.147036+00:00", "symbol": "BTC-USD"}, {"trade_id": 847585920, "side": "buy", "size": "0.00731277", "price": "117608.45000000", "time": "2025-07-11T15:38:48.831761Z", "fetched_at": "2025-07-11T15:39:35.147036+00:00", "symbol": "BTC-USD"}, {"trade_id": 847585919, "side": "buy", "size": "0.02421266", "price": "117609.82000000", "time": "2025-07-11T15:38:48.829335Z", "fetched_at": "2025-07-11T15:39:35.147036+00:00", "symbol": "BTC-USD"}, {"trade_id": 847585918, "side": "buy", "size": "0.00724575", "price": "117612.08000000", "time": "2025-07-11T15:38:48.826712Z", "fetched_at": "2025-07-11T15:39:35.147036+00:00", "symbol": "BTC-USD"}, {"trade_id": 847585917, "side": "buy", "size": "0.00425066", "price": "117613.59000000", "time": "2025-07-11T15:38:48.826712Z", "fetched_at": "2025-07-11T15:39:35.147036+00:00", "symbol": "BTC-USD"}, {"trade_id": 847585916, "side": "buy", "size": "0.00938154", "price": "117616.03000000", "time": "2025-07-11T15:38:48.826263Z", "fetched_at": "2025-07-11T15:39:35.147036+00:00", "symbol": "BTC-USD"}, {"trade_id": 847585915, "side": "buy", "size": "0.00008503", "price": "117616.03000000", "time": "2025-07-11T15:38:48.826263Z", "fetched_at": "2025-07-11T15:39:35.147036+00:00", "symbol": "BTC-USD"}, {"trade_id": 847585914, "side": "sell", "size": "0.00008420", "price": "117616.04000000", "time": "2025-07-11T15:38:48.591580Z", "fetched_at": "2025-07-11T15:39:35.147036+00:00", "symbol": "BTC-USD"}, {"trade_id": 847585913, "side": "buy", "size": "0.01804047", "price": "117624.42000000", "time": "2025-07-11T15:38:48.569296Z", "fetched_at": "2025-07-11T15:39:35.147036+00:00", "symbol": "BTC-USD"}, {"trade_id": 847585912, "side": "buy", "size": "0.00008502", "price": "117624.44000000", "time": "2025-07-11T15:38:48.569296Z", "fetched_at": "2025-07-11T15:39:35.147036+00:00", "symbol": "BTC-USD"}, {"trade_id": 847585911, "side": "buy", "size": "0.13021637", "price": "117624.44000000", "time": "2025-07-11T15:38:48.569296Z", "fetched_at": "2025-07-11T15:39:35.147036+00:00", "symbol": "BTC-USD"}, {"trade_id": 847585910, "side": "buy", "size": "0.10062553", "price": "117624.44000000", "time": "2025-07-11T15:38:48.565725Z", "fetched_at": "2025-07-11T15:39:35.147036+00:00", "symbol": "BTC-USD"}, {"trade_id": 847585909, "side": "buy", "size": "0.00125093", "price": "117624.44000000", "time": "2025-07-11T15:38:48.565725Z", "fetched_at": "2025-07-11T15:39:35.147036+00:00", "symbol": "BTC-USD"}, {"trade_id": 847585908, "side": "sell", "size": "0.00614842", "price": "117624.45000000", "time": "2025-07-11T15:38:48.553304Z", "fetched_at": "2025-07-11T15:39:35.147036+00:00", "symbol": "BTC-USD"}, {"trade_id": 847585907, "side": "sell", "size": "0.00003999", "price": "117624.45000000", "time": "2025-07-11T15:38:48.388164Z", "fetched_at": "2025-07-11T15:39:35.147036+00:00", "symbol": "BTC-USD"}, {"trade_id": 847585906, "side": "sell", "size": "0.00120000", "price": "117624.45000000", "time": "2025-07-11T15:38:48.360232Z", "fetched_at": "2025-07-11T15:39:35.147036+00:00", "symbol": "BTC-USD"}, {"trade_id": 847585905, "side": "sell", "size": "0.00041324", "price": "117624.45000000", "time": "2025-07-11T15:38:48.043971Z", "fetched_at": "2025-07-11T15:39:35.147036+00:00", "symbol": "BTC-USD"}, {"trade_id": 847585904, "side": "sell", "size": "0.01245797", "price": "117624.45000000", "time": "2025-07-11T15:38:47.914899Z", "fetched_at": "2025-07-11T15:39:35.147036+00:00", "symbol": "BTC-USD"}, {"trade_id": 847585903, "side": "sell", "size": "0.00003123", "price": "117624.45000000", "time": "2025-07-11T15:38:47.914899Z", "fetched_at": "2025-07-11T15:39:35.147036+00:00", "symbol": "BTC-USD"}, {"trade_id": 847585902, "side": "sell", "size": "0.00001474", "price": "117624.45000000", "time": "2025-07-11T15:38:47.808685Z", "fetched_at": "2025-07-11T15:39:35.147036+00:00", "symbol": "BTC-USD"}, {"trade_id": 847585901, "side": "buy", "size": "0.00092432", "price": "117624.13000000", "time": "2025-07-11T15:38:47.479815Z", "fetched_at": "2025-07-11T15:39:35.147036+00:00", "symbol": "BTC-USD"}, {"trade_id": 847585900, "side": "sell", "size": "0.01305840", "price": "117614.71000000", "time": "2025-07-11T15:38:47.428553Z", "fetched_at": "2025-07-11T15:39:35.147036+00:00", "symbol": "BTC-USD"}, {"trade_id": 847585899, "side": "sell", "size": "0.00001000", "price": "117614.70000000", "time": "2025-07-11T15:38:47.428553Z", "fetched_at": "2025-07-11T15:39:35.147036+00:00", "symbol": "BTC-USD"}, {"trade_id": 847585898, "side": "sell", "size": "0.00233804", "price": "117614.49000000", "time": "2025-07-11T15:38:47.428553Z", "fetched_at": "2025-07-11T15:39:35.147036+00:00", "symbol": "BTC-USD"}, {"trade_id": 847585897, "side": "sell", "size": "0.00005048", "price": "117612.73000000", "time": "2025-07-11T15:38:47.428553Z", "fetched_at": "2025-07-11T15:39:35.147036+00:00", "symbol": "BTC-USD"}, {"trade_id": 847585896, "side": "sell", "size": "0.00037477", "price": "117612.73000000", "time": "2025-07-11T15:38:47.419528Z", "fetched_at": "2025-07-11T15:39:35.147036+00:00", "symbol": "BTC-USD"}, {"trade_id": 847585895, "side": "sell", "size": "0.00004523", "price": "117612.71000000", "time": "2025-07-11T15:38:47.419528Z", "fetched_at": "2025-07-11T15:39:35.147036+00:00", "symbol": "BTC-USD"}, {"trade_id": 847585894, "side": "sell", "size": "0.00434280", "price": "117605.80000000", "time": "2025-07-11T15:38:47.251182Z", "fetched_at": "2025-07-11T15:39:35.147036+00:00", "symbol": "BTC-USD"}, {"trade_id": 847585893, "side": "sell", "size": "0.00001684", "price": "117605.80000000", "time": "2025-07-11T15:38:47.215299Z", "fetched_at": "2025-07-11T15:39:35.147036+00:00", "symbol": "BTC-USD"}, {"trade_id": 847585892, "side": "sell", "size": "0.00003999", "price": "117605.80000000", "time": "2025-07-11T15:38:46.999844Z", "fetched_at": "2025-07-11T15:39:35.147036+00:00", "symbol": "BTC-USD"}, {"trade_id": 847585891, "side": "buy", "size": "0.01718398", "price": "117605.78000000", "time": "2025-07-11T15:38:46.911526Z", "fetched_at": "2025-07-11T15:39:35.147036+00:00", "symbol": "BTC-USD"}, {"trade_id": 847585890, "side": "sell", "size": "0.00360994", "price": "117600.00000000", "time": "2025-07-11T15:38:46.889877Z", "fetched_at": "2025-07-11T15:39:35.147036+00:00", "symbol": "BTC-USD"}, {"trade_id": 847585889, "side": "sell", "size": "0.00001000", "price": "117594.88000000", "time": "2025-07-11T15:38:46.688528Z", "fetched_at": "2025-07-11T15:39:35.147036+00:00", "symbol": "BTC-USD"}, {"trade_id": 847585888, "side": "sell", "size": "0.00000664", "price": "117594.86000000", "time": "2025-07-11T15:38:46.686526Z", "fetched_at": "2025-07-11T15:39:35.147036+00:00", "symbol": "BTC-USD"}, {"trade_id": 847585887, "side": "sell", "size": "0.00000212", "price": "117594.86000000", "time": "2025-07-11T15:38:46.686526Z", "fetched_at": "2025-07-11T15:39:35.147036+00:00", "symbol": "BTC-USD"}, {"trade_id": 847585886, "side": "sell", "size": "0.00001034", "price": "117594.86000000", "time": "2025-07-11T15:38:46.686526Z", "fetched_at": "2025-07-11T15:39:35.147036+00:00", "symbol": "BTC-USD"}, {"trade_id": 847585885, "side": "sell", "size": "0.00748722", "price": "117594.86000000", "time": "2025-07-11T15:38:46.686526Z", "fetched_at": "2025-07-11T15:39:35.147036+00:00", "symbol": "BTC-USD"}, {"trade_id": 847585884, "side": "sell", "size": "0.01957510", "price": "117594.86000000", "time": "2025-07-11T15:38:46.685250Z", "fetched_at": "2025-07-11T15:39:35.147036+00:00", "symbol": "BTC-USD"}, {"trade_id": 847585883, "side": "sell", "size": "0.03287757", "price": "117594.86000000", "time": "2025-07-11T15:38:46.684616Z", "fetched_at": "2025-07-11T15:39:35.147036+00:00", "symbol": "BTC-USD"}, {"trade_id": 847585882, "side": "sell", "size": "0.02757752", "price": "117594.86000000", "time": "2025-07-11T15:38:46.684543Z", "fetched_at": "2025-07-11T15:39:35.147036+00:00", "symbol": "BTC-USD"}, {"trade_id": 847585881, "side": "sell", "size": "0.01067024", "price": "117594.86000000", "time": "2025-07-11T15:38:46.684395Z", "fetched_at": "2025-07-11T15:39:35.147036+00:00", "symbol": "BTC-USD"}, {"trade_id": 847585880, "side": "sell", "size": "0.08369955", "price": "117594.86000000", "time": "2025-07-11T15:38:46.684365Z", "fetched_at": "2025-07-11T15:39:35.147036+00:00", "symbol": "BTC-USD"}, {"trade_id": 847585879, "side": "sell", "size": "0.06592000", "price": "117594.86000000", "time": "2025-07-11T15:38:46.646285Z", "fetched_at": "2025-07-11T15:39:35.147036+00:00", "symbol": "BTC-USD"}, {"trade_id": 847585878, "side": "sell", "size": "0.00002848", "price": "117594.86000000", "time": "2025-07-11T15:38:46.596469Z", "fetched_at": "2025-07-11T15:39:35.147036+00:00", "symbol": "BTC-USD"}, {"trade_id": 847585877, "side": "sell", "size": "0.00018131", "price": "117594.86000000", "time": "2025-07-11T15:38:46.386385Z", "fetched_at": "2025-07-11T15:39:35.147036+00:00", "symbol": "BTC-USD"}, {"trade_id": 847585876, "side": "sell", "size": "0.00049593", "price": "117594.86000000", "time": "2025-07-11T15:38:46.302081Z", "fetched_at": "2025-07-11T15:39:35.147036+00:00", "symbol": "BTC-USD"}, {"trade_id": 847585875, "side": "sell", "size": "0.00013309", "price": "117594.86000000", "time": "2025-07-11T15:38:46.166396Z", "fetched_at": "2025-07-11T15:39:35.147036+00:00", "symbol": "BTC-USD"}, {"trade_id": 847585874, "side": "buy", "size": "0.00441422", "price": "117594.85000000", "time": "2025-07-11T15:38:45.972534Z", "fetched_at": "2025-07-11T15:39:35.147036+00:00", "symbol": "BTC-USD"}, {"trade_id": 847585873, "side": "sell", "size": "0.00009511", "price": "117594.86000000", "time": "2025-07-11T15:38:45.841107Z", "fetched_at": "2025-07-11T15:39:35.147036+00:00", "symbol": "BTC-USD"}, {"trade_id": 847585872, "side": "sell", "size": "0.00080697", "price": "117594.86000000", "time": "2025-07-11T15:38:45.573325Z", "fetched_at": "2025-07-11T15:39:35.147036+00:00", "symbol": "BTC-USD"}, {"trade_id": 847585871, "side": "sell", "size": "0.00045191", "price": "117594.86000000", "time": "2025-07-11T15:38:45.135139Z", "fetched_at": "2025-07-11T15:39:35.147036+00:00", "symbol": "BTC-USD"}, {"trade_id": 847585870, "side": "buy", "size": "0.00012200", "price": "117594.85000000", "time": "2025-07-11T15:38:44.752402Z", "fetched_at": "2025-07-11T15:39:35.147036+00:00", "symbol": "BTC-USD"}, {"trade_id": 847585869, "side": "sell", "size": "0.00006180", "price": "117593.74000000", "time": "2025-07-11T15:38:44.742271Z", "fetched_at": "2025-07-11T15:39:35.147036+00:00", "symbol": "BTC-USD"}, {"trade_id": 847585868, "side": "sell", "size": "0.06011157", "price": "117593.74000000", "time": "2025-07-11T15:38:44.742271Z", "fetched_at": "2025-07-11T15:39:35.147036+00:00", "symbol": "BTC-USD"}, {"trade_id": 847585867, "side": "buy", "size": "0.00004170", "price": "117593.73000000", "time": "2025-07-11T15:38:44.295411Z", "fetched_at": "2025-07-11T15:39:35.147036+00:00", "symbol": "BTC-USD"}, {"trade_id": 847585866, "side": "sell", "size": "0.00042118", "price": "117599.99000000", "time": "2025-07-11T15:38:43.566345Z", "fetched_at": "2025-07-11T15:39:35.147036+00:00", "symbol": "BTC-USD"}, {"trade_id": 847585865, "side": "sell", "size": "0.00005495", "price": "117599.99000000", "time": "2025-07-11T15:38:43.566345Z", "fetched_at": "2025-07-11T15:39:35.147036+00:00", "symbol": "BTC-USD"}, {"trade_id": 847585864, "side": "sell", "size": "0.00005495", "price": "117592.55000000", "time": "2025-07-11T15:38:43.366544Z", "fetched_at": "2025-07-11T15:39:35.147036+00:00", "symbol": "BTC-USD"}, {"trade_id": 847585863, "side": "sell", "size": "0.00254034", "price": "117592.55000000", "time": "2025-07-11T15:38:43.366544Z", "fetched_at": "2025-07-11T15:39:35.147036+00:00", "symbol": "BTC-USD"}, {"trade_id": 847585862, "side": "sell", "size": "0.00006326", "price": "117587.07000000", "time": "2025-07-11T15:38:43.252425Z", "fetched_at": "2025-07-11T15:39:35.147036+00:00", "symbol": "BTC-USD"}, {"trade_id": 847585861, "side": "sell", "size": "0.00001000", "price": "117587.07000000", "time": "2025-07-11T15:38:43.252425Z", "fetched_at": "2025-07-11T15:39:35.147036+00:00", "symbol": "BTC-USD"}, {"trade_id": 847585860, "side": "sell", "size": "0.04897024", "price": "117580.00000000", "time": "2025-07-11T15:38:43.178513Z", "fetched_at": "2025-07-11T15:39:35.147036+00:00", "symbol": "BTC-USD"}, {"trade_id": 847585859, "side": "sell", "size": "0.00433854", "price": "117580.00000000", "time": "2025-07-11T15:38:43.045549Z", "fetched_at": "2025-07-11T15:39:35.147036+00:00", "symbol": "BTC-USD"}, {"trade_id": 847585858, "side": "sell", "size": "0.16044738", "price": "117580.00000000", "time": "2025-07-11T15:38:42.865100Z", "fetched_at": "2025-07-11T15:39:35.147036+00:00", "symbol": "BTC-USD"}, {"trade_id": 847585857, "side": "sell", "size": "0.00600820", "price": "117580.00000000", "time": "2025-07-11T15:38:42.743811Z", "fetched_at": "2025-07-11T15:39:35.147036+00:00", "symbol": "BTC-USD"}, {"trade_id": 847585856, "side": "sell", "size": "0.00005255", "price": "117579.99000000", "time": "2025-07-11T15:38:42.743811Z", "fetched_at": "2025-07-11T15:39:35.147036+00:00", "symbol": "BTC-USD"}, {"trade_id": 847585855, "side": "sell", "size": "0.01373927", "price": "117577.46000000", "time": "2025-07-11T15:38:42.743800Z", "fetched_at": "2025-07-11T15:39:35.147036+00:00", "symbol": "BTC-USD"}, {"trade_id": 847585854, "side": "sell", "size": "0.00001188", "price": "117569.86000000", "time": "2025-07-11T15:38:42.528752Z", "fetched_at": "2025-07-11T15:39:35.147036+00:00", "symbol": "BTC-USD"}, {"trade_id": 847585853, "side": "sell", "size": "0.06869635", "price": "117567.74000000", "time": "2025-07-11T15:38:42.521044Z", "fetched_at": "2025-07-11T15:39:35.147036+00:00", "symbol": "BTC-USD"}, {"trade_id": 847585852, "side": "sell", "size": "0.00000272", "price": "117567.52000000", "time": "2025-07-11T15:38:42.521044Z", "fetched_at": "2025-07-11T15:39:35.147036+00:00", "symbol": "BTC-USD"}, {"trade_id": 847585851, "side": "sell", "size": "0.00001000", "price": "117567.48000000", "time": "2025-07-11T15:38:42.521044Z", "fetched_at": "2025-07-11T15:39:35.147036+00:00", "symbol": "BTC-USD"}, {"trade_id": 847585850, "side": "sell", "size": "0.00000884", "price": "117567.46000000", "time": "2025-07-11T15:38:42.521044Z", "fetched_at": "2025-07-11T15:39:35.147036+00:00", "symbol": "BTC-USD"}, {"trade_id": 847585849, "side": "sell", "size": "0.03400000", "price": "117567.46000000", "time": "2025-07-11T15:38:42.521044Z", "fetched_at": "2025-07-11T15:39:35.147036+00:00", "symbol": "BTC-USD"}, {"trade_id": 847585848, "side": "buy", "size": "0.00037095", "price": "117567.45000000", "time": "2025-07-11T15:38:42.463988Z", "fetched_at": "2025-07-11T15:39:35.147036+00:00", "symbol": "BTC-USD"}, {"trade_id": 847585847, "side": "buy", "size": "0.00042358", "price": "117567.45000000", "time": "2025-07-11T15:38:42.347352Z", "fetched_at": "2025-07-11T15:39:35.147036+00:00", "symbol": "BTC-USD"}, {"trade_id": 847585846, "side": "sell", "size": "0.00020214", "price": "117567.68000000", "time": "2025-07-11T15:38:41.157380Z", "fetched_at": "2025-07-11T15:39:35.147036+00:00", "symbol": "BTC-USD"}, {"trade_id": 847585845, "side": "buy", "size": "0.00006313", "price": "117565.13000000", "time": "2025-07-11T15:38:41.001849Z", "fetched_at": "2025-07-11T15:39:35.147036+00:00", "symbol": "BTC-USD"}, {"trade_id": 847585844, "side": "buy", "size": "0.01283543", "price": "117579.99000000", "time": "2025-07-11T15:38:40.424058Z", "fetched_at": "2025-07-11T15:39:35.147036+00:00", "symbol": "BTC-USD"}, {"trade_id": 847585843, "side": "buy", "size": "0.00367894", "price": "117579.99000000", "time": "2025-07-11T15:38:40.424058Z", "fetched_at": "2025-07-11T15:39:35.147036+00:00", "symbol": "BTC-USD"}, {"trade_id": 847585842, "side": "buy", "size": "0.00065218", "price": "117579.99000000", "time": "2025-07-11T15:38:40.424058Z", "fetched_at": "2025-07-11T15:39:35.147036+00:00", "symbol": "BTC-USD"}, {"trade_id": 847585841, "side": "buy", "size": "0.06529926", "price": "117579.99000000", "time": "2025-07-11T15:38:40.424058Z", "fetched_at": "2025-07-11T15:39:35.147036+00:00", "symbol": "BTC-USD"}, {"trade_id": 847585840, "side": "buy", "size": "0.00735779", "price": "117579.99000000", "time": "2025-07-11T15:38:40.424058Z", "fetched_at": "2025-07-11T15:39:35.147036+00:00", "symbol": "BTC-USD"}, {"trade_id": 847585839, "side": "buy", "size": "0.00450340", "price": "117579.99000000", "time": "2025-07-11T15:38:40.424058Z", "fetched_at": "2025-07-11T15:39:35.147036+00:00", "symbol": "BTC-USD"}, {"trade_id": 847585838, "side": "buy", "size": "0.00366269", "price": "117579.99000000", "time": "2025-07-11T15:38:40.424058Z", "fetched_at": "2025-07-11T15:39:35.147036+00:00", "symbol": "BTC-USD"}, {"trade_id": 847585837, "side": "buy", "size": "0.01448046", "price": "117579.99000000", "time": "2025-07-11T15:38:40.424058Z", "fetched_at": "2025-07-11T15:39:35.147036+00:00", "symbol": "BTC-USD"}, {"trade_id": 847585836, "side": "sell", "size": "0.00008068", "price": "117580.00000000", "time": "2025-07-11T15:38:40.314291Z", "fetched_at": "2025-07-11T15:39:35.147036+00:00", "symbol": "BTC-USD"}, {"trade_id": 847585835, "side": "sell", "size": "0.00074312", "price": "117580.00000000", "time": "2025-07-11T15:38:40.304378Z", "fetched_at": "2025-07-11T15:39:35.147036+00:00", "symbol": "BTC-USD"}, {"trade_id": 847585834, "side": "sell", "size": "0.01200000", "price": "117580.00000000", "time": "2025-07-11T15:38:40.225765Z", "fetched_at": "2025-07-11T15:39:35.147036+00:00", "symbol": "BTC-USD"}, {"trade_id": 847585833, "side": "buy", "size": "0.00221222", "price": "117579.99000000", "time": "2025-07-11T15:38:39.762912Z", "fetched_at": "2025-07-11T15:39:35.147036+00:00", "symbol": "BTC-USD"}, {"trade_id": 847585832, "side": "sell", "size": "0.00248007", "price": "117580.00000000", "time": "2025-07-11T15:38:39.647351Z", "fetched_at": "2025-07-11T15:39:35.147036+00:00", "symbol": "BTC-USD"}, {"trade_id": 847585831, "side": "sell", "size": "0.00210546", "price": "117580.00000000", "time": "2025-07-11T15:38:39.203779Z", "fetched_at": "2025-07-11T15:39:35.147036+00:00", "symbol": "BTC-USD"}, {"trade_id": 847585830, "side": "sell", "size": "0.00229488", "price": "117580.00000000", "time": "2025-07-11T15:38:38.750956Z", "fetched_at": "2025-07-11T15:39:35.147036+00:00", "symbol": "BTC-USD"}, {"trade_id": 847585829, "side": "sell", "size": "0.00124040", "price": "117580.00000000", "time": "2025-07-11T15:38:38.435027Z", "fetched_at": "2025-07-11T15:39:35.147036+00:00", "symbol": "BTC-USD"}, {"trade_id": 847585828, "side": "sell", "size": "0.00247723", "price": "117580.00000000", "time": "2025-07-11T15:38:38.192487Z", "fetched_at": "2025-07-11T15:39:35.147036+00:00", "symbol": "BTC-USD"}, {"trade_id": 847585827, "side": "sell", "size": "0.00681380", "price": "117580.00000000", "time": "2025-07-11T15:38:38.132386Z", "fetched_at": "2025-07-11T15:39:35.147036+00:00", "symbol": "BTC-USD"}, {"trade_id": 847585826, "side": "sell", "size": "0.00002000", "price": "117580.00000000", "time": "2025-07-11T15:38:38.132386Z", "fetched_at": "2025-07-11T15:39:35.147036+00:00", "symbol": "BTC-USD"}, {"trade_id": 847585825, "side": "sell", "size": "0.00401087", "price": "117580.00000000", "time": "2025-07-11T15:38:38.132386Z", "fetched_at": "2025-07-11T15:39:35.147036+00:00", "symbol": "BTC-USD"}, {"trade_id": 847585824, "side": "buy", "size": "0.01150721", "price": "117579.99000000", "time": "2025-07-11T15:38:38.018773Z", "fetched_at": "2025-07-11T15:39:35.147036+00:00", "symbol": "BTC-USD"}, {"trade_id": 847585823, "side": "buy", "size": "0.00021269", "price": "117579.99000000", "time": "2025-07-11T15:38:38.010967Z", "fetched_at": "2025-07-11T15:39:35.147036+00:00", "symbol": "BTC-USD"}, {"trade_id": 847585822, "side": "buy", "size": "0.00081631", "price": "117579.99000000", "time": "2025-07-11T15:38:37.909738Z", "fetched_at": "2025-07-11T15:39:35.147036+00:00", "symbol": "BTC-USD"}, {"trade_id": 847585821, "side": "sell", "size": "0.00015000", "price": "117580.00000000", "time": "2025-07-11T15:38:37.609529Z", "fetched_at": "2025-07-11T15:39:35.147036+00:00", "symbol": "BTC-USD"}, {"trade_id": 847585820, "side": "buy", "size": "0.00102517", "price": "117579.99000000", "time": "2025-07-11T15:38:36.868165Z", "fetched_at": "2025-07-11T15:39:35.147036+00:00", "symbol": "BTC-USD"}, {"trade_id": 847585819, "side": "buy", "size": "0.05000000", "price": "117579.99000000", "time": "2025-07-11T15:38:36.759266Z", "fetched_at": "2025-07-11T15:39:35.147036+00:00", "symbol": "BTC-USD"}, {"trade_id": 847585818, "side": "sell", "size": "0.00021006", "price": "117580.00000000", "time": "2025-07-11T15:38:36.618881Z", "fetched_at": "2025-07-11T15:39:35.147036+00:00", "symbol": "BTC-USD"}, {"trade_id": 847585817, "side": "sell", "size": "0.00084219", "price": "117580.00000000", "time": "2025-07-11T15:38:36.023887Z", "fetched_at": "2025-07-11T15:39:35.147036+00:00", "symbol": "BTC-USD"}, {"trade_id": 847585816, "side": "sell", "size": "0.00027527", "price": "117580.00000000", "time": "2025-07-11T15:38:35.830319Z", "fetched_at": "2025-07-11T15:39:35.147036+00:00", "symbol": "BTC-USD"}, {"trade_id": 847585815, "side": "sell", "size": "0.00005009", "price": "117579.99000000", "time": "2025-07-11T15:38:35.830319Z", "fetched_at": "2025-07-11T15:39:35.147036+00:00", "symbol": "BTC-USD"}, {"trade_id": 847585814, "side": "sell", "size": "0.01804241", "price": "117580.00000000", "time": "2025-07-11T15:38:35.674914Z", "fetched_at": "2025-07-11T15:39:35.147036+00:00", "symbol": "BTC-USD"}, {"trade_id": 847585813, "side": "sell", "size": "0.00646920", "price": "117580.00000000", "time": "2025-07-11T15:38:35.656647Z", "fetched_at": "2025-07-11T15:39:35.147036+00:00", "symbol": "BTC-USD"}