[{"trade_id": 847575297, "side": "sell", "size": "0.00008254", "price": "117765.72000000", "time": "2025-07-11T15:20:49.332816Z", "fetched_at": "2025-07-11T15:20:51.572030+00:00", "symbol": "BTC-USD"}, {"trade_id": 847575296, "side": "buy", "size": "0.00000280", "price": "117767.42000000", "time": "2025-07-11T15:20:49.323984Z", "fetched_at": "2025-07-11T15:20:51.572030+00:00", "symbol": "BTC-USD"}, {"trade_id": 847575295, "side": "buy", "size": "0.03664238", "price": "117767.42000000", "time": "2025-07-11T15:20:49.323984Z", "fetched_at": "2025-07-11T15:20:51.572030+00:00", "symbol": "BTC-USD"}, {"trade_id": 847575294, "side": "sell", "size": "0.00042126", "price": "117767.43000000", "time": "2025-07-11T15:20:49.309332Z", "fetched_at": "2025-07-11T15:20:51.572030+00:00", "symbol": "BTC-USD"}, {"trade_id": 847575293, "side": "buy", "size": "0.01338901", "price": "117767.42000000", "time": "2025-07-11T15:20:49.160390Z", "fetched_at": "2025-07-11T15:20:51.572030+00:00", "symbol": "BTC-USD"}, {"trade_id": 847575292, "side": "buy", "size": "0.00174487", "price": "117767.44000000", "time": "2025-07-11T15:20:49.160390Z", "fetched_at": "2025-07-11T15:20:51.572030+00:00", "symbol": "BTC-USD"}, {"trade_id": 847575291, "side": "buy", "size": "0.00434545", "price": "117767.46000000", "time": "2025-07-11T15:20:49.160390Z", "fetched_at": "2025-07-11T15:20:51.572030+00:00", "symbol": "BTC-USD"}, {"trade_id": 847575290, "side": "buy", "size": "0.00052067", "price": "117767.46000000", "time": "2025-07-11T15:20:49.160390Z", "fetched_at": "2025-07-11T15:20:51.572030+00:00", "symbol": "BTC-USD"}, {"trade_id": 847575289, "side": "sell", "size": "0.00201322", "price": "117767.47000000", "time": "2025-07-11T15:20:49.009879Z", "fetched_at": "2025-07-11T15:20:51.572030+00:00", "symbol": "BTC-USD"}, {"trade_id": 847575288, "side": "sell", "size": "0.00006136", "price": "117767.47000000", "time": "2025-07-11T15:20:48.901969Z", "fetched_at": "2025-07-11T15:20:51.572030+00:00", "symbol": "BTC-USD"}, {"trade_id": 847575287, "side": "buy", "size": "0.00021225", "price": "117767.46000000", "time": "2025-07-11T15:20:48.800499Z", "fetched_at": "2025-07-11T15:20:51.572030+00:00", "symbol": "BTC-USD"}, {"trade_id": 847575286, "side": "buy", "size": "0.00052642", "price": "117767.46000000", "time": "2025-07-11T15:20:48.791520Z", "fetched_at": "2025-07-11T15:20:51.572030+00:00", "symbol": "BTC-USD"}, {"trade_id": 847575285, "side": "buy", "size": "0.00002198", "price": "117770.21000000", "time": "2025-07-11T15:20:48.514659Z", "fetched_at": "2025-07-11T15:20:51.572030+00:00", "symbol": "BTC-USD"}, {"trade_id": 847575284, "side": "buy", "size": "0.00508398", "price": "117775.76000000", "time": "2025-07-11T15:20:48.469044Z", "fetched_at": "2025-07-11T15:20:51.572030+00:00", "symbol": "BTC-USD"}, {"trade_id": 847575283, "side": "buy", "size": "0.00031797", "price": "117775.76000000", "time": "2025-07-11T15:20:48.469044Z", "fetched_at": "2025-07-11T15:20:51.572030+00:00", "symbol": "BTC-USD"}, {"trade_id": 847575282, "side": "buy", "size": "0.00004194", "price": "117775.76000000", "time": "2025-07-11T15:20:48.469044Z", "fetched_at": "2025-07-11T15:20:51.572030+00:00", "symbol": "BTC-USD"}, {"trade_id": 847575281, "side": "sell", "size": "0.00041252", "price": "117775.77000000", "time": "2025-07-11T15:20:47.649424Z", "fetched_at": "2025-07-11T15:20:51.572030+00:00", "symbol": "BTC-USD"}, {"trade_id": 847575280, "side": "sell", "size": "0.00041252", "price": "117775.77000000", "time": "2025-07-11T15:20:47.339488Z", "fetched_at": "2025-07-11T15:20:51.572030+00:00", "symbol": "BTC-USD"}, {"trade_id": 847575279, "side": "buy", "size": "0.00322612", "price": "117785.43000000", "time": "2025-07-11T15:20:46.543611Z", "fetched_at": "2025-07-11T15:20:51.572030+00:00", "symbol": "BTC-USD"}, {"trade_id": 847575278, "side": "buy", "size": "0.00063590", "price": "117785.51000000", "time": "2025-07-11T15:20:46.543611Z", "fetched_at": "2025-07-11T15:20:51.572030+00:00", "symbol": "BTC-USD"}, {"trade_id": 847575277, "side": "buy", "size": "0.00000110", "price": "117785.51000000", "time": "2025-07-11T15:20:46.543611Z", "fetched_at": "2025-07-11T15:20:51.572030+00:00", "symbol": "BTC-USD"}, {"trade_id": 847575276, "side": "buy", "size": "0.00127180", "price": "117785.51000000", "time": "2025-07-11T15:20:46.543611Z", "fetched_at": "2025-07-11T15:20:51.572030+00:00", "symbol": "BTC-USD"}, {"trade_id": 847575275, "side": "buy", "size": "0.00254352", "price": "117785.51000000", "time": "2025-07-11T15:20:46.543611Z", "fetched_at": "2025-07-11T15:20:51.572030+00:00", "symbol": "BTC-USD"}, {"trade_id": 847575274, "side": "buy", "size": "0.00008490", "price": "117785.51000000", "time": "2025-07-11T15:20:46.290041Z", "fetched_at": "2025-07-11T15:20:51.572030+00:00", "symbol": "BTC-USD"}, {"trade_id": 847575273, "side": "sell", "size": "0.00082500", "price": "117785.52000000", "time": "2025-07-11T15:20:46.145382Z", "fetched_at": "2025-07-11T15:20:51.572030+00:00", "symbol": "BTC-USD"}, {"trade_id": 847575272, "side": "sell", "size": "0.00009425", "price": "117785.52000000", "time": "2025-07-11T15:20:45.938513Z", "fetched_at": "2025-07-11T15:20:51.572030+00:00", "symbol": "BTC-USD"}, {"trade_id": 847575271, "side": "sell", "size": "0.00002947", "price": "117785.52000000", "time": "2025-07-11T15:20:45.938513Z", "fetched_at": "2025-07-11T15:20:51.572030+00:00", "symbol": "BTC-USD"}, {"trade_id": 847575270, "side": "buy", "size": "0.00056208", "price": "117785.51000000", "time": "2025-07-11T15:20:45.811810Z", "fetched_at": "2025-07-11T15:20:51.572030+00:00", "symbol": "BTC-USD"}, {"trade_id": 847575269, "side": "buy", "size": "0.00009941", "price": "117785.51000000", "time": "2025-07-11T15:20:45.323948Z", "fetched_at": "2025-07-11T15:20:51.572030+00:00", "symbol": "BTC-USD"}, {"trade_id": 847575268, "side": "sell", "size": "0.00227612", "price": "117785.54000000", "time": "2025-07-11T15:20:44.269952Z", "fetched_at": "2025-07-11T15:20:51.572030+00:00", "symbol": "BTC-USD"}, {"trade_id": 847575267, "side": "sell", "size": "0.00005557", "price": "117785.52000000", "time": "2025-07-11T15:20:44.269952Z", "fetched_at": "2025-07-11T15:20:51.572030+00:00", "symbol": "BTC-USD"}, {"trade_id": 847575266, "side": "sell", "size": "0.00023525", "price": "117785.55000000", "time": "2025-07-11T15:20:43.743506Z", "fetched_at": "2025-07-11T15:20:51.572030+00:00", "symbol": "BTC-USD"}, {"trade_id": 847575265, "side": "sell", "size": "0.00005618", "price": "117785.44000000", "time": "2025-07-11T15:20:43.743506Z", "fetched_at": "2025-07-11T15:20:51.572030+00:00", "symbol": "BTC-USD"}, {"trade_id": 847575264, "side": "buy", "size": "0.00014421", "price": "117785.43000000", "time": "2025-07-11T15:20:43.511754Z", "fetched_at": "2025-07-11T15:20:51.572030+00:00", "symbol": "BTC-USD"}, {"trade_id": 847575263, "side": "buy", "size": "0.00171680", "price": "117785.43000000", "time": "2025-07-11T15:20:43.444257Z", "fetched_at": "2025-07-11T15:20:51.572030+00:00", "symbol": "BTC-USD"}, {"trade_id": 847575262, "side": "buy", "size": "0.00011886", "price": "117785.43000000", "time": "2025-07-11T15:20:43.150904Z", "fetched_at": "2025-07-11T15:20:51.572030+00:00", "symbol": "BTC-USD"}, {"trade_id": 847575261, "side": "sell", "size": "0.00368177", "price": "117775.69000000", "time": "2025-07-11T15:20:43.053332Z", "fetched_at": "2025-07-11T15:20:51.572030+00:00", "symbol": "BTC-USD"}, {"trade_id": 847575260, "side": "sell", "size": "0.00017644", "price": "117775.58000000", "time": "2025-07-11T15:20:43.053332Z", "fetched_at": "2025-07-11T15:20:51.572030+00:00", "symbol": "BTC-USD"}, {"trade_id": 847575259, "side": "sell", "size": "0.00005650", "price": "117775.58000000", "time": "2025-07-11T15:20:43.053332Z", "fetched_at": "2025-07-11T15:20:51.572030+00:00", "symbol": "BTC-USD"}, {"trade_id": 847575258, "side": "buy", "size": "0.00142226", "price": "117771.50000000", "time": "2025-07-11T15:20:42.483169Z", "fetched_at": "2025-07-11T15:20:51.572030+00:00", "symbol": "BTC-USD"}, {"trade_id": 847575257, "side": "buy", "size": "0.00631560", "price": "117783.36000000", "time": "2025-07-11T15:20:42.383336Z", "fetched_at": "2025-07-11T15:20:51.572030+00:00", "symbol": "BTC-USD"}, {"trade_id": 847575256, "side": "buy", "size": "0.00062962", "price": "117783.47000000", "time": "2025-07-11T15:20:42.383336Z", "fetched_at": "2025-07-11T15:20:51.572030+00:00", "symbol": "BTC-USD"}, {"trade_id": 847575255, "side": "buy", "size": "0.00618112", "price": "117785.44000000", "time": "2025-07-11T15:20:42.326771Z", "fetched_at": "2025-07-11T15:20:51.572030+00:00", "symbol": "BTC-USD"}, {"trade_id": 847575254, "side": "buy", "size": "0.00032737", "price": "117785.55000000", "time": "2025-07-11T15:20:42.318259Z", "fetched_at": "2025-07-11T15:20:51.572030+00:00", "symbol": "BTC-USD"}, {"trade_id": 847575253, "side": "buy", "size": "0.00065474", "price": "117785.55000000", "time": "2025-07-11T15:20:42.318259Z", "fetched_at": "2025-07-11T15:20:51.572030+00:00", "symbol": "BTC-USD"}, {"trade_id": 847575252, "side": "buy", "size": "0.00000118", "price": "117785.55000000", "time": "2025-07-11T15:20:42.318259Z", "fetched_at": "2025-07-11T15:20:51.572030+00:00", "symbol": "BTC-USD"}, {"trade_id": 847575251, "side": "buy", "size": "0.00130949", "price": "117785.55000000", "time": "2025-07-11T15:20:42.318259Z", "fetched_at": "2025-07-11T15:20:51.572030+00:00", "symbol": "BTC-USD"}, {"trade_id": 847575250, "side": "buy", "size": "0.00261899", "price": "117785.55000000", "time": "2025-07-11T15:20:42.318259Z", "fetched_at": "2025-07-11T15:20:51.572030+00:00", "symbol": "BTC-USD"}, {"trade_id": 847575249, "side": "buy", "size": "0.00515276", "price": "117785.55000000", "time": "2025-07-11T15:20:42.318259Z", "fetched_at": "2025-07-11T15:20:51.572030+00:00", "symbol": "BTC-USD"}, {"trade_id": 847575248, "side": "sell", "size": "0.00840582", "price": "117785.56000000", "time": "2025-07-11T15:20:41.621064Z", "fetched_at": "2025-07-11T15:20:51.572030+00:00", "symbol": "BTC-USD"}, {"trade_id": 847575247, "side": "sell", "size": "0.00031862", "price": "117785.56000000", "time": "2025-07-11T15:20:41.425515Z", "fetched_at": "2025-07-11T15:20:51.572030+00:00", "symbol": "BTC-USD"}, {"trade_id": 847575246, "side": "sell", "size": "0.00004026", "price": "117785.56000000", "time": "2025-07-11T15:20:41.331372Z", "fetched_at": "2025-07-11T15:20:51.572030+00:00", "symbol": "BTC-USD"}, {"trade_id": 847575245, "side": "sell", "size": "0.00024154", "price": "117785.56000000", "time": "2025-07-11T15:20:41.236308Z", "fetched_at": "2025-07-11T15:20:51.572030+00:00", "symbol": "BTC-USD"}, {"trade_id": 847575244, "side": "buy", "size": "0.00008531", "price": "117785.55000000", "time": "2025-07-11T15:20:40.812037Z", "fetched_at": "2025-07-11T15:20:51.572030+00:00", "symbol": "BTC-USD"}, {"trade_id": 847575243, "side": "sell", "size": "0.00006314", "price": "117785.56000000", "time": "2025-07-11T15:20:39.776085Z", "fetched_at": "2025-07-11T15:20:51.572030+00:00", "symbol": "BTC-USD"}, {"trade_id": 847575242, "side": "sell", "size": "0.00005764", "price": "117785.56000000", "time": "2025-07-11T15:20:39.776085Z", "fetched_at": "2025-07-11T15:20:51.572030+00:00", "symbol": "BTC-USD"}, {"trade_id": 847575241, "side": "sell", "size": "0.00397052", "price": "117785.56000000", "time": "2025-07-11T15:20:39.381682Z", "fetched_at": "2025-07-11T15:20:51.572030+00:00", "symbol": "BTC-USD"}, {"trade_id": 847575240, "side": "sell", "size": "0.00005558", "price": "117785.56000000", "time": "2025-07-11T15:20:39.381682Z", "fetched_at": "2025-07-11T15:20:51.572030+00:00", "symbol": "BTC-USD"}, {"trade_id": 847575239, "side": "sell", "size": "0.00076946", "price": "117785.56000000", "time": "2025-07-11T15:20:38.589378Z", "fetched_at": "2025-07-11T15:20:51.572030+00:00", "symbol": "BTC-USD"}, {"trade_id": 847575238, "side": "sell", "size": "0.00005558", "price": "117785.56000000", "time": "2025-07-11T15:20:38.589378Z", "fetched_at": "2025-07-11T15:20:51.572030+00:00", "symbol": "BTC-USD"}, {"trade_id": 847575237, "side": "sell", "size": "0.00010360", "price": "117785.58000000", "time": "2025-07-11T15:20:37.655814Z", "fetched_at": "2025-07-11T15:20:51.572030+00:00", "symbol": "BTC-USD"}, {"trade_id": 847575236, "side": "sell", "size": "0.00005743", "price": "117785.56000000", "time": "2025-07-11T15:20:37.655814Z", "fetched_at": "2025-07-11T15:20:51.572030+00:00", "symbol": "BTC-USD"}, {"trade_id": 847575235, "side": "sell", "size": "0.00016810", "price": "117783.59000000", "time": "2025-07-11T15:20:37.267250Z", "fetched_at": "2025-07-11T15:20:51.572030+00:00", "symbol": "BTC-USD"}, {"trade_id": 847575234, "side": "sell", "size": "0.00412500", "price": "117796.10000000", "time": "2025-07-11T15:20:37.261939Z", "fetched_at": "2025-07-11T15:20:51.572030+00:00", "symbol": "BTC-USD"}, {"trade_id": 847575233, "side": "sell", "size": "0.03964383", "price": "117796.10000000", "time": "2025-07-11T15:20:37.261896Z", "fetched_at": "2025-07-11T15:20:51.572030+00:00", "symbol": "BTC-USD"}, {"trade_id": 847575232, "side": "sell", "size": "0.01104089", "price": "117796.09000000", "time": "2025-07-11T15:20:37.261896Z", "fetched_at": "2025-07-11T15:20:51.572030+00:00", "symbol": "BTC-USD"}, {"trade_id": 847575231, "side": "sell", "size": "0.00424523", "price": "117795.57000000", "time": "2025-07-11T15:20:37.261896Z", "fetched_at": "2025-07-11T15:20:51.572030+00:00", "symbol": "BTC-USD"}, {"trade_id": 847575230, "side": "sell", "size": "0.06068248", "price": "117794.83000000", "time": "2025-07-11T15:20:37.261896Z", "fetched_at": "2025-07-11T15:20:51.572030+00:00", "symbol": "BTC-USD"}, {"trade_id": 847575229, "side": "sell", "size": "0.00001000", "price": "117792.20000000", "time": "2025-07-11T15:20:37.261896Z", "fetched_at": "2025-07-11T15:20:51.572030+00:00", "symbol": "BTC-USD"}, {"trade_id": 847575228, "side": "sell", "size": "0.00186769", "price": "117792.20000000", "time": "2025-07-11T15:20:37.261896Z", "fetched_at": "2025-07-11T15:20:51.572030+00:00", "symbol": "BTC-USD"}, {"trade_id": 847575227, "side": "sell", "size": "0.03587566", "price": "117792.06000000", "time": "2025-07-11T15:20:37.261896Z", "fetched_at": "2025-07-11T15:20:51.572030+00:00", "symbol": "BTC-USD"}, {"trade_id": 847575226, "side": "sell", "size": "0.02155493", "price": "117791.82000000", "time": "2025-07-11T15:20:37.261896Z", "fetched_at": "2025-07-11T15:20:51.572030+00:00", "symbol": "BTC-USD"}, {"trade_id": 847575225, "side": "sell", "size": "0.01325791", "price": "117783.59000000", "time": "2025-07-11T15:20:37.261896Z", "fetched_at": "2025-07-11T15:20:51.572030+00:00", "symbol": "BTC-USD"}, {"trade_id": 847575224, "side": "sell", "size": "0.01801610", "price": "117783.50000000", "time": "2025-07-11T15:20:37.261896Z", "fetched_at": "2025-07-11T15:20:51.572030+00:00", "symbol": "BTC-USD"}, {"trade_id": 847575223, "side": "sell", "size": "0.00005369", "price": "117783.48000000", "time": "2025-07-11T15:20:37.261896Z", "fetched_at": "2025-07-11T15:20:51.572030+00:00", "symbol": "BTC-USD"}, {"trade_id": 847575222, "side": "buy", "size": "0.00014805", "price": "117783.47000000", "time": "2025-07-11T15:20:36.852721Z", "fetched_at": "2025-07-11T15:20:51.572030+00:00", "symbol": "BTC-USD"}, {"trade_id": 847575221, "side": "sell", "size": "0.00006228", "price": "117771.40000000", "time": "2025-07-11T15:20:36.293775Z", "fetched_at": "2025-07-11T15:20:51.572030+00:00", "symbol": "BTC-USD"}, {"trade_id": 847575220, "side": "sell", "size": "0.06628958", "price": "117771.40000000", "time": "2025-07-11T15:20:36.293775Z", "fetched_at": "2025-07-11T15:20:51.572030+00:00", "symbol": "BTC-USD"}, {"trade_id": 847575219, "side": "sell", "size": "0.00025977", "price": "117769.83000000", "time": "2025-07-11T15:20:36.201346Z", "fetched_at": "2025-07-11T15:20:51.572030+00:00", "symbol": "BTC-USD"}, {"trade_id": 847575218, "side": "sell", "size": "0.00006228", "price": "117767.47000000", "time": "2025-07-11T15:20:36.201346Z", "fetched_at": "2025-07-11T15:20:51.572030+00:00", "symbol": "BTC-USD"}, {"trade_id": 847575217, "side": "sell", "size": "0.00161050", "price": "117767.47000000", "time": "2025-07-11T15:20:35.851362Z", "fetched_at": "2025-07-11T15:20:51.572030+00:00", "symbol": "BTC-USD"}, {"trade_id": 847575216, "side": "buy", "size": "0.00077382", "price": "117767.44000000", "time": "2025-07-11T15:20:35.685525Z", "fetched_at": "2025-07-11T15:20:51.572030+00:00", "symbol": "BTC-USD"}, {"trade_id": 847575215, "side": "buy", "size": "0.00000118", "price": "117771.39000000", "time": "2025-07-11T15:20:35.685525Z", "fetched_at": "2025-07-11T15:20:51.572030+00:00", "symbol": "BTC-USD"}, {"trade_id": 847575214, "side": "sell", "size": "0.01733720", "price": "117767.45000000", "time": "2025-07-11T15:20:34.616944Z", "fetched_at": "2025-07-11T15:20:51.572030+00:00", "symbol": "BTC-USD"}, {"trade_id": 847575213, "side": "sell", "size": "0.00006144", "price": "117767.43000000", "time": "2025-07-11T15:20:34.616944Z", "fetched_at": "2025-07-11T15:20:51.572030+00:00", "symbol": "BTC-USD"}, {"trade_id": 847575212, "side": "sell", "size": "0.00027675", "price": "117771.39000000", "time": "2025-07-11T15:20:34.404371Z", "fetched_at": "2025-07-11T15:20:51.572030+00:00", "symbol": "BTC-USD"}, {"trade_id": 847575211, "side": "sell", "size": "0.00006144", "price": "117767.44000000", "time": "2025-07-11T15:20:34.404371Z", "fetched_at": "2025-07-11T15:20:51.572030+00:00", "symbol": "BTC-USD"}, {"trade_id": 847575210, "side": "sell", "size": "0.00041248", "price": "117767.43000000", "time": "2025-07-11T15:20:33.880924Z", "fetched_at": "2025-07-11T15:20:51.572030+00:00", "symbol": "BTC-USD"}, {"trade_id": 847575209, "side": "sell", "size": "0.00040256", "price": "117767.43000000", "time": "2025-07-11T15:20:33.867482Z", "fetched_at": "2025-07-11T15:20:51.572030+00:00", "symbol": "BTC-USD"}, {"trade_id": 847575208, "side": "buy", "size": "0.10369100", "price": "117767.42000000", "time": "2025-07-11T15:20:33.831759Z", "fetched_at": "2025-07-11T15:20:51.572030+00:00", "symbol": "BTC-USD"}, {"trade_id": 847575207, "side": "buy", "size": "0.00084808", "price": "117771.27000000", "time": "2025-07-11T15:20:33.831759Z", "fetched_at": "2025-07-11T15:20:51.572030+00:00", "symbol": "BTC-USD"}, {"trade_id": 847575206, "side": "buy", "size": "0.00028512", "price": "117771.28000000", "time": "2025-07-11T15:20:33.831759Z", "fetched_at": "2025-07-11T15:20:51.572030+00:00", "symbol": "BTC-USD"}, {"trade_id": 847575205, "side": "sell", "size": "0.00646352", "price": "117771.29000000", "time": "2025-07-11T15:20:33.693550Z", "fetched_at": "2025-07-11T15:20:51.572030+00:00", "symbol": "BTC-USD"}, {"trade_id": 847575204, "side": "sell", "size": "0.00006556", "price": "117771.29000000", "time": "2025-07-11T15:20:33.693550Z", "fetched_at": "2025-07-11T15:20:51.572030+00:00", "symbol": "BTC-USD"}, {"trade_id": 847575203, "side": "sell", "size": "0.00163537", "price": "117775.49000000", "time": "2025-07-11T15:20:33.533078Z", "fetched_at": "2025-07-11T15:20:51.572030+00:00", "symbol": "BTC-USD"}, {"trade_id": 847575202, "side": "buy", "size": "0.00009671", "price": "117772.22000000", "time": "2025-07-11T15:20:33.509977Z", "fetched_at": "2025-07-11T15:20:51.572030+00:00", "symbol": "BTC-USD"}, {"trade_id": 847575201, "side": "buy", "size": "0.00482588", "price": "117773.12000000", "time": "2025-07-11T15:20:33.509977Z", "fetched_at": "2025-07-11T15:20:51.572030+00:00", "symbol": "BTC-USD"}, {"trade_id": 847575200, "side": "buy", "size": "0.00434758", "price": "117773.12000000", "time": "2025-07-11T15:20:33.509977Z", "fetched_at": "2025-07-11T15:20:51.572030+00:00", "symbol": "BTC-USD"}, {"trade_id": 847575199, "side": "buy", "size": "0.00823174", "price": "117775.50000000", "time": "2025-07-11T15:20:33.509977Z", "fetched_at": "2025-07-11T15:20:51.572030+00:00", "symbol": "BTC-USD"}, {"trade_id": 847575198, "side": "buy", "size": "0.00424543", "price": "117774.24000000", "time": "2025-07-11T15:20:33.487129Z", "fetched_at": "2025-07-11T15:20:51.572030+00:00", "symbol": "BTC-USD"}, {"trade_id": 847575197, "side": "buy", "size": "0.00001000", "price": "117774.54000000", "time": "2025-07-11T15:20:33.487129Z", "fetched_at": "2025-07-11T15:20:51.572030+00:00", "symbol": "BTC-USD"}, {"trade_id": 847575196, "side": "buy", "size": "0.08491992", "price": "117775.48000000", "time": "2025-07-11T15:20:33.487129Z", "fetched_at": "2025-07-11T15:20:51.572030+00:00", "symbol": "BTC-USD"}, {"trade_id": 847575195, "side": "sell", "size": "0.00004026", "price": "117791.59000000", "time": "2025-07-11T15:20:33.485885Z", "fetched_at": "2025-07-11T15:20:51.572030+00:00", "symbol": "BTC-USD"}, {"trade_id": 847575194, "side": "buy", "size": "0.00313819", "price": "117792.11000000", "time": "2025-07-11T15:20:33.424279Z", "fetched_at": "2025-07-11T15:20:51.572030+00:00", "symbol": "BTC-USD"}, {"trade_id": 847575193, "side": "buy", "size": "0.00091449", "price": "117792.13000000", "time": "2025-07-11T15:20:33.424279Z", "fetched_at": "2025-07-11T15:20:51.572030+00:00", "symbol": "BTC-USD"}, {"trade_id": 847575192, "side": "buy", "size": "0.64925714", "price": "117792.11000000", "time": "2025-07-11T15:20:33.422351Z", "fetched_at": "2025-07-11T15:20:51.572030+00:00", "symbol": "BTC-USD"}, {"trade_id": 847575191, "side": "buy", "size": "0.26579138", "price": "117792.11000000", "time": "2025-07-11T15:20:33.421413Z", "fetched_at": "2025-07-11T15:20:51.572030+00:00", "symbol": "BTC-USD"}, {"trade_id": 847575190, "side": "buy", "size": "0.00182897", "price": "117792.12000000", "time": "2025-07-11T15:20:33.421413Z", "fetched_at": "2025-07-11T15:20:51.572030+00:00", "symbol": "BTC-USD"}, {"trade_id": 847575189, "side": "buy", "size": "0.44919380", "price": "117792.11000000", "time": "2025-07-11T15:20:33.420991Z", "fetched_at": "2025-07-11T15:20:51.572030+00:00", "symbol": "BTC-USD"}, {"trade_id": 847575188, "side": "buy", "size": "0.62625311", "price": "117792.11000000", "time": "2025-07-11T15:20:33.420895Z", "fetched_at": "2025-07-11T15:20:51.572030+00:00", "symbol": "BTC-USD"}, {"trade_id": 847575187, "side": "buy", "size": "0.06428391", "price": "117792.11000000", "time": "2025-07-11T15:20:33.420513Z", "fetched_at": "2025-07-11T15:20:51.572030+00:00", "symbol": "BTC-USD"}, {"trade_id": 847575186, "side": "buy", "size": "0.03500000", "price": "117792.12000000", "time": "2025-07-11T15:20:33.420513Z", "fetched_at": "2025-07-11T15:20:51.572030+00:00", "symbol": "BTC-USD"}, {"trade_id": 847575185, "side": "buy", "size": "0.01000000", "price": "117792.12000000", "time": "2025-07-11T15:20:33.420513Z", "fetched_at": "2025-07-11T15:20:51.572030+00:00", "symbol": "BTC-USD"}, {"trade_id": 847575184, "side": "buy", "size": "0.01000000", "price": "117792.12000000", "time": "2025-07-11T15:20:33.420513Z", "fetched_at": "2025-07-11T15:20:51.572030+00:00", "symbol": "BTC-USD"}, {"trade_id": 847575183, "side": "sell", "size": "0.36314800", "price": "117792.11000000", "time": "2025-07-11T15:20:33.414953Z", "fetched_at": "2025-07-11T15:20:51.572030+00:00", "symbol": "BTC-USD"}, {"trade_id": 847575182, "side": "sell", "size": "0.05594733", "price": "117792.10000000", "time": "2025-07-11T15:20:33.414953Z", "fetched_at": "2025-07-11T15:20:51.572030+00:00", "symbol": "BTC-USD"}, {"trade_id": 847575181, "side": "sell", "size": "0.00424543", "price": "117790.67000000", "time": "2025-07-11T15:20:33.414953Z", "fetched_at": "2025-07-11T15:20:51.572030+00:00", "symbol": "BTC-USD"}, {"trade_id": 847575180, "side": "sell", "size": "0.01103988", "price": "117790.66000000", "time": "2025-07-11T15:20:33.414953Z", "fetched_at": "2025-07-11T15:20:51.572030+00:00", "symbol": "BTC-USD"}, {"trade_id": 847575179, "side": "sell", "size": "0.06187683", "price": "117786.23000000", "time": "2025-07-11T15:20:33.414953Z", "fetched_at": "2025-07-11T15:20:51.572030+00:00", "symbol": "BTC-USD"}, {"trade_id": 847575178, "side": "sell", "size": "0.01177771", "price": "117786.23000000", "time": "2025-07-11T15:20:33.414953Z", "fetched_at": "2025-07-11T15:20:51.572030+00:00", "symbol": "BTC-USD"}, {"trade_id": 847575177, "side": "sell", "size": "0.00606268", "price": "117786.22000000", "time": "2025-07-11T15:20:33.414953Z", "fetched_at": "2025-07-11T15:20:51.572030+00:00", "symbol": "BTC-USD"}, {"trade_id": 847575176, "side": "sell", "size": "0.07150000", "price": "117786.15000000", "time": "2025-07-11T15:20:33.414953Z", "fetched_at": "2025-07-11T15:20:51.572030+00:00", "symbol": "BTC-USD"}, {"trade_id": 847575175, "side": "sell", "size": "0.03402481", "price": "117786.15000000", "time": "2025-07-11T15:20:33.414953Z", "fetched_at": "2025-07-11T15:20:51.572030+00:00", "symbol": "BTC-USD"}, {"trade_id": 847575174, "side": "sell", "size": "0.01871544", "price": "117785.25000000", "time": "2025-07-11T15:20:33.414953Z", "fetched_at": "2025-07-11T15:20:51.572030+00:00", "symbol": "BTC-USD"}, {"trade_id": 847575173, "side": "sell", "size": "0.03578452", "price": "117784.31000000", "time": "2025-07-11T15:20:33.414953Z", "fetched_at": "2025-07-11T15:20:51.572030+00:00", "symbol": "BTC-USD"}, {"trade_id": 847575172, "side": "sell", "size": "0.02228165", "price": "117783.24000000", "time": "2025-07-11T15:20:33.414953Z", "fetched_at": "2025-07-11T15:20:51.572030+00:00", "symbol": "BTC-USD"}, {"trade_id": 847575171, "side": "sell", "size": "0.00422804", "price": "117783.23000000", "time": "2025-07-11T15:20:33.414953Z", "fetched_at": "2025-07-11T15:20:51.572030+00:00", "symbol": "BTC-USD"}, {"trade_id": 847575170, "side": "sell", "size": "0.03500000", "price": "117783.23000000", "time": "2025-07-11T15:20:33.414953Z", "fetched_at": "2025-07-11T15:20:51.572030+00:00", "symbol": "BTC-USD"}, {"trade_id": 847575169, "side": "sell", "size": "0.00006791", "price": "117783.22000000", "time": "2025-07-11T15:20:33.414953Z", "fetched_at": "2025-07-11T15:20:51.572030+00:00", "symbol": "BTC-USD"}, {"trade_id": 847575168, "side": "sell", "size": "0.01801722", "price": "117776.20000000", "time": "2025-07-11T15:20:33.414953Z", "fetched_at": "2025-07-11T15:20:51.572030+00:00", "symbol": "BTC-USD"}, {"trade_id": 847575167, "side": "sell", "size": "0.15929000", "price": "117775.91000000", "time": "2025-07-11T15:20:33.414953Z", "fetched_at": "2025-07-11T15:20:51.572030+00:00", "symbol": "BTC-USD"}, {"trade_id": 847575166, "side": "sell", "size": "0.01000000", "price": "117775.90000000", "time": "2025-07-11T15:20:33.414953Z", "fetched_at": "2025-07-11T15:20:51.572030+00:00", "symbol": "BTC-USD"}, {"trade_id": 847575165, "side": "sell", "size": "0.01000000", "price": "117775.90000000", "time": "2025-07-11T15:20:33.414953Z", "fetched_at": "2025-07-11T15:20:51.572030+00:00", "symbol": "BTC-USD"}, {"trade_id": 847575164, "side": "sell", "size": "0.16929000", "price": "117775.49000000", "time": "2025-07-11T15:20:33.414953Z", "fetched_at": "2025-07-11T15:20:51.572030+00:00", "symbol": "BTC-USD"}, {"trade_id": 847575163, "side": "buy", "size": "0.00090299", "price": "117785.35000000", "time": "2025-07-11T15:20:33.375957Z", "fetched_at": "2025-07-11T15:20:51.572030+00:00", "symbol": "BTC-USD"}, {"trade_id": 847575162, "side": "buy", "size": "0.00180608", "price": "117785.35000000", "time": "2025-07-11T15:20:33.375957Z", "fetched_at": "2025-07-11T15:20:51.572030+00:00", "symbol": "BTC-USD"}, {"trade_id": 847575161, "side": "buy", "size": "0.00503658", "price": "117786.22000000", "time": "2025-07-11T15:20:33.375957Z", "fetched_at": "2025-07-11T15:20:51.572030+00:00", "symbol": "BTC-USD"}, {"trade_id": 847575160, "side": "buy", "size": "0.00022583", "price": "117786.22000000", "time": "2025-07-11T15:20:33.375957Z", "fetched_at": "2025-07-11T15:20:51.572030+00:00", "symbol": "BTC-USD"}, {"trade_id": 847575159, "side": "sell", "size": "0.03853353", "price": "117790.68000000", "time": "2025-07-11T15:20:32.383702Z", "fetched_at": "2025-07-11T15:20:51.572030+00:00", "symbol": "BTC-USD"}, {"trade_id": 847575158, "side": "sell", "size": "0.00006809", "price": "117790.67000000", "time": "2025-07-11T15:20:32.383702Z", "fetched_at": "2025-07-11T15:20:51.572030+00:00", "symbol": "BTC-USD"}, {"trade_id": 847575157, "side": "sell", "size": "0.01801559", "price": "117786.83000000", "time": "2025-07-11T15:20:32.383702Z", "fetched_at": "2025-07-11T15:20:51.572030+00:00", "symbol": "BTC-USD"}, {"trade_id": 847575156, "side": "sell", "size": "0.00024752", "price": "117785.85000000", "time": "2025-07-11T15:20:32.033397Z", "fetched_at": "2025-07-11T15:20:51.572030+00:00", "symbol": "BTC-USD"}, {"trade_id": 847575155, "side": "sell", "size": "0.00056644", "price": "117785.85000000", "time": "2025-07-11T15:20:31.724817Z", "fetched_at": "2025-07-11T15:20:51.572030+00:00", "symbol": "BTC-USD"}, {"trade_id": 847575154, "side": "sell", "size": "0.00081121", "price": "117792.09000000", "time": "2025-07-11T15:20:31.381661Z", "fetched_at": "2025-07-11T15:20:51.572030+00:00", "symbol": "BTC-USD"}, {"trade_id": 847575153, "side": "sell", "size": "0.00677023", "price": "117792.09000000", "time": "2025-07-11T15:20:31.381661Z", "fetched_at": "2025-07-11T15:20:51.572030+00:00", "symbol": "BTC-USD"}, {"trade_id": 847575152, "side": "sell", "size": "0.00123881", "price": "117792.08000000", "time": "2025-07-11T15:20:31.381661Z", "fetched_at": "2025-07-11T15:20:51.572030+00:00", "symbol": "BTC-USD"}, {"trade_id": 847575151, "side": "sell", "size": "0.00848953", "price": "117792.08000000", "time": "2025-07-11T15:20:31.381661Z", "fetched_at": "2025-07-11T15:20:51.572030+00:00", "symbol": "BTC-USD"}, {"trade_id": 847575150, "side": "sell", "size": "0.00001466", "price": "117788.57000000", "time": "2025-07-11T15:20:31.381661Z", "fetched_at": "2025-07-11T15:20:51.572030+00:00", "symbol": "BTC-USD"}, {"trade_id": 847575149, "side": "buy", "size": "0.00221573", "price": "117788.56000000", "time": "2025-07-11T15:20:31.359175Z", "fetched_at": "2025-07-11T15:20:51.572030+00:00", "symbol": "BTC-USD"}, {"trade_id": 847575148, "side": "buy", "size": "0.00035661", "price": "117792.10000000", "time": "2025-07-11T15:20:31.359175Z", "fetched_at": "2025-07-11T15:20:51.572030+00:00", "symbol": "BTC-USD"}, {"trade_id": 847575147, "side": "buy", "size": "0.00009486", "price": "117792.10000000", "time": "2025-07-11T15:20:31.318284Z", "fetched_at": "2025-07-11T15:20:51.572030+00:00", "symbol": "BTC-USD"}, {"trade_id": 847575146, "side": "buy", "size": "0.00000118", "price": "117792.10000000", "time": "2025-07-11T15:20:31.318284Z", "fetched_at": "2025-07-11T15:20:51.572030+00:00", "symbol": "BTC-USD"}, {"trade_id": 847575145, "side": "buy", "size": "0.00002731", "price": "117792.10000000", "time": "2025-07-11T15:20:31.318284Z", "fetched_at": "2025-07-11T15:20:51.572030+00:00", "symbol": "BTC-USD"}, {"trade_id": 847575144, "side": "buy", "size": "0.00085754", "price": "117792.10000000", "time": "2025-07-11T15:20:31.116762Z", "fetched_at": "2025-07-11T15:20:51.572030+00:00", "symbol": "BTC-USD"}, {"trade_id": 847575143, "side": "sell", "size": "0.00103946", "price": "117792.11000000", "time": "2025-07-11T15:20:31.046449Z", "fetched_at": "2025-07-11T15:20:51.572030+00:00", "symbol": "BTC-USD"}, {"trade_id": 847575142, "side": "buy", "size": "0.00002529", "price": "117792.10000000", "time": "2025-07-11T15:20:31.043063Z", "fetched_at": "2025-07-11T15:20:51.572030+00:00", "symbol": "BTC-USD"}, {"trade_id": 847575141, "side": "buy", "size": "0.00300000", "price": "117792.10000000", "time": "2025-07-11T15:20:30.851388Z", "fetched_at": "2025-07-11T15:20:51.572030+00:00", "symbol": "BTC-USD"}, {"trade_id": 847575140, "side": "sell", "size": "0.00300000", "price": "117792.11000000", "time": "2025-07-11T15:20:30.815623Z", "fetched_at": "2025-07-11T15:20:51.572030+00:00", "symbol": "BTC-USD"}, {"trade_id": 847575139, "side": "buy", "size": "0.00342968", "price": "117785.35000000", "time": "2025-07-11T15:20:29.096255Z", "fetched_at": "2025-07-11T15:20:51.572030+00:00", "symbol": "BTC-USD"}, {"trade_id": 847575138, "side": "sell", "size": "0.00075871", "price": "117785.36000000", "time": "2025-07-11T15:20:28.589461Z", "fetched_at": "2025-07-11T15:20:51.572030+00:00", "symbol": "BTC-USD"}, {"trade_id": 847575137, "side": "sell", "size": "0.00006625", "price": "117785.35000000", "time": "2025-07-11T15:20:28.589461Z", "fetched_at": "2025-07-11T15:20:51.572030+00:00", "symbol": "BTC-USD"}, {"trade_id": 847575136, "side": "sell", "size": "0.00038291", "price": "117787.57000000", "time": "2025-07-11T15:20:28.545094Z", "fetched_at": "2025-07-11T15:20:51.572030+00:00", "symbol": "BTC-USD"}, {"trade_id": 847575135, "side": "sell", "size": "0.00162560", "price": "117787.27000000", "time": "2025-07-11T15:20:28.545094Z", "fetched_at": "2025-07-11T15:20:51.572030+00:00", "symbol": "BTC-USD"}, {"trade_id": 847575134, "side": "sell", "size": "0.00005388", "price": "117787.25000000", "time": "2025-07-11T15:20:28.545094Z", "fetched_at": "2025-07-11T15:20:51.572030+00:00", "symbol": "BTC-USD"}, {"trade_id": 847575133, "side": "sell", "size": "0.00463098", "price": "117787.27000000", "time": "2025-07-11T15:20:28.484897Z", "fetched_at": "2025-07-11T15:20:51.572030+00:00", "symbol": "BTC-USD"}, {"trade_id": 847575132, "side": "sell", "size": "0.00005388", "price": "117787.25000000", "time": "2025-07-11T15:20:28.484897Z", "fetched_at": "2025-07-11T15:20:51.572030+00:00", "symbol": "BTC-USD"}, {"trade_id": 847575131, "side": "buy", "size": "0.00302083", "price": "117780.86000000", "time": "2025-07-11T15:20:28.323390Z", "fetched_at": "2025-07-11T15:20:51.572030+00:00", "symbol": "BTC-USD"}, {"trade_id": 847575130, "side": "buy", "size": "0.00235267", "price": "117784.95000000", "time": "2025-07-11T15:20:28.323390Z", "fetched_at": "2025-07-11T15:20:51.572030+00:00", "symbol": "BTC-USD"}, {"trade_id": 847575129, "side": "buy", "size": "0.00000118", "price": "117791.71000000", "time": "2025-07-11T15:20:28.323390Z", "fetched_at": "2025-07-11T15:20:51.572030+00:00", "symbol": "BTC-USD"}, {"trade_id": 847575128, "side": "buy", "size": "0.00117648", "price": "117791.71000000", "time": "2025-07-11T15:20:28.323390Z", "fetched_at": "2025-07-11T15:20:51.572030+00:00", "symbol": "BTC-USD"}, {"trade_id": 847575127, "side": "buy", "size": "0.00360543", "price": "117791.72000000", "time": "2025-07-11T15:20:28.323390Z", "fetched_at": "2025-07-11T15:20:51.572030+00:00", "symbol": "BTC-USD"}, {"trade_id": 847575126, "side": "buy", "size": "0.00019610", "price": "117791.72000000", "time": "2025-07-11T15:20:28.323390Z", "fetched_at": "2025-07-11T15:20:51.572030+00:00", "symbol": "BTC-USD"}, {"trade_id": 847575125, "side": "buy", "size": "0.00058824", "price": "117791.72000000", "time": "2025-07-11T15:20:28.323390Z", "fetched_at": "2025-07-11T15:20:51.572030+00:00", "symbol": "BTC-USD"}, {"trade_id": 847575124, "side": "sell", "size": "0.00001614", "price": "117791.73000000", "time": "2025-07-11T15:20:27.938642Z", "fetched_at": "2025-07-11T15:20:51.572030+00:00", "symbol": "BTC-USD"}, {"trade_id": 847575123, "side": "sell", "size": "0.00002461", "price": "117791.73000000", "time": "2025-07-11T15:20:27.904455Z", "fetched_at": "2025-07-11T15:20:51.572030+00:00", "symbol": "BTC-USD"}, {"trade_id": 847575122, "side": "sell", "size": "0.00120785", "price": "117791.73000000", "time": "2025-07-11T15:20:27.780235Z", "fetched_at": "2025-07-11T15:20:51.572030+00:00", "symbol": "BTC-USD"}, {"trade_id": 847575121, "side": "sell", "size": "0.00012522", "price": "117791.73000000", "time": "2025-07-11T15:20:27.060469Z", "fetched_at": "2025-07-11T15:20:51.572030+00:00", "symbol": "BTC-USD"}, {"trade_id": 847575120, "side": "sell", "size": "0.00008490", "price": "117791.73000000", "time": "2025-07-11T15:20:27.060469Z", "fetched_at": "2025-07-11T15:20:51.572030+00:00", "symbol": "BTC-USD"}, {"trade_id": 847575119, "side": "sell", "size": "0.00013783", "price": "117792.30000000", "time": "2025-07-11T15:20:26.433500Z", "fetched_at": "2025-07-11T15:20:51.572030+00:00", "symbol": "BTC-USD"}, {"trade_id": 847575118, "side": "sell", "size": "0.00008490", "price": "117791.73000000", "time": "2025-07-11T15:20:26.433500Z", "fetched_at": "2025-07-11T15:20:51.572030+00:00", "symbol": "BTC-USD"}, {"trade_id": 847575117, "side": "sell", "size": "0.00084048", "price": "117791.73000000", "time": "2025-07-11T15:20:25.891199Z", "fetched_at": "2025-07-11T15:20:51.572030+00:00", "symbol": "BTC-USD"}, {"trade_id": 847575116, "side": "sell", "size": "0.00016913", "price": "117791.73000000", "time": "2025-07-11T15:20:25.884722Z", "fetched_at": "2025-07-11T15:20:51.572030+00:00", "symbol": "BTC-USD"}, {"trade_id": 847575115, "side": "sell", "size": "0.00005674", "price": "117791.73000000", "time": "2025-07-11T15:20:25.785865Z", "fetched_at": "2025-07-11T15:20:51.572030+00:00", "symbol": "BTC-USD"}, {"trade_id": 847575114, "side": "sell", "size": "0.00012134", "price": "117791.73000000", "time": "2025-07-11T15:20:25.671483Z", "fetched_at": "2025-07-11T15:20:51.572030+00:00", "symbol": "BTC-USD"}, {"trade_id": 847575113, "side": "sell", "size": "0.00008491", "price": "117791.72000000", "time": "2025-07-11T15:20:25.671483Z", "fetched_at": "2025-07-11T15:20:51.572030+00:00", "symbol": "BTC-USD"}, {"trade_id": 847575112, "side": "sell", "size": "0.00021556", "price": "117791.72000000", "time": "2025-07-11T15:20:25.383017Z", "fetched_at": "2025-07-11T15:20:51.572030+00:00", "symbol": "BTC-USD"}, {"trade_id": 847575111, "side": "sell", "size": "0.00007861", "price": "117791.72000000", "time": "2025-07-11T15:20:25.383017Z", "fetched_at": "2025-07-11T15:20:51.572030+00:00", "symbol": "BTC-USD"}, {"trade_id": 847575110, "side": "sell", "size": "0.00000630", "price": "117791.72000000", "time": "2025-07-11T15:20:25.382426Z", "fetched_at": "2025-07-11T15:20:51.572030+00:00", "symbol": "BTC-USD"}, {"trade_id": 847575109, "side": "buy", "size": "0.00084909", "price": "117791.71000000", "time": "2025-07-11T15:20:25.274119Z", "fetched_at": "2025-07-11T15:20:51.572030+00:00", "symbol": "BTC-USD"}, {"trade_id": 847575108, "side": "sell", "size": "0.00033533", "price": "117785.18000000", "time": "2025-07-11T15:20:24.897918Z", "fetched_at": "2025-07-11T15:20:51.572030+00:00", "symbol": "BTC-USD"}, {"trade_id": 847575107, "side": "sell", "size": "0.00008491", "price": "117785.07000000", "time": "2025-07-11T15:20:24.897918Z", "fetched_at": "2025-07-11T15:20:51.572030+00:00", "symbol": "BTC-USD"}, {"trade_id": 847575106, "side": "sell", "size": "0.00008052", "price": "117785.07000000", "time": "2025-07-11T15:20:24.775029Z", "fetched_at": "2025-07-11T15:20:51.572030+00:00", "symbol": "BTC-USD"}, {"trade_id": 847575105, "side": "sell", "size": "0.00012134", "price": "117785.07000000", "time": "2025-07-11T15:20:24.774048Z", "fetched_at": "2025-07-11T15:20:51.572030+00:00", "symbol": "BTC-USD"}, {"trade_id": 847575104, "side": "sell", "size": "0.00008491", "price": "117784.96000000", "time": "2025-07-11T15:20:24.774048Z", "fetched_at": "2025-07-11T15:20:51.572030+00:00", "symbol": "BTC-USD"}, {"trade_id": 847575103, "side": "sell", "size": "0.00004539", "price": "117791.93000000", "time": "2025-07-11T15:20:24.558297Z", "fetched_at": "2025-07-11T15:20:51.572030+00:00", "symbol": "BTC-USD"}, {"trade_id": 847575102, "side": "sell", "size": "0.00014000", "price": "117792.20000000", "time": "2025-07-11T15:20:24.261782Z", "fetched_at": "2025-07-11T15:20:51.572030+00:00", "symbol": "BTC-USD"}, {"trade_id": 847575101, "side": "sell", "size": "0.00001000", "price": "117792.20000000", "time": "2025-07-11T15:20:24.261782Z", "fetched_at": "2025-07-11T15:20:51.572030+00:00", "symbol": "BTC-USD"}, {"trade_id": 847575100, "side": "sell", "size": "0.00035136", "price": "117784.96000000", "time": "2025-07-11T15:20:24.140364Z", "fetched_at": "2025-07-11T15:20:51.572030+00:00", "symbol": "BTC-USD"}, {"trade_id": 847575099, "side": "buy", "size": "0.00271718", "price": "117778.16000000", "time": "2025-07-11T15:20:24.038361Z", "fetched_at": "2025-07-11T15:20:51.572030+00:00", "symbol": "BTC-USD"}, {"trade_id": 847575098, "side": "sell", "size": "0.00008010", "price": "117778.17000000", "time": "2025-07-11T15:20:23.965961Z", "fetched_at": "2025-07-11T15:20:51.572030+00:00", "symbol": "BTC-USD"}, {"trade_id": 847575097, "side": "sell", "size": "0.00008491", "price": "117778.06000000", "time": "2025-07-11T15:20:23.965961Z", "fetched_at": "2025-07-11T15:20:51.572030+00:00", "symbol": "BTC-USD"}, {"trade_id": 847575096, "side": "sell", "size": "0.00012137", "price": "117778.17000000", "time": "2025-07-11T15:20:23.733304Z", "fetched_at": "2025-07-11T15:20:51.572030+00:00", "symbol": "BTC-USD"}, {"trade_id": 847575095, "side": "sell", "size": "0.00008491", "price": "117778.16000000", "time": "2025-07-11T15:20:23.733304Z", "fetched_at": "2025-07-11T15:20:51.572030+00:00", "symbol": "BTC-USD"}, {"trade_id": 847575094, "side": "sell", "size": "0.00020129", "price": "117773.13000000", "time": "2025-07-11T15:20:22.935431Z", "fetched_at": "2025-07-11T15:20:51.572030+00:00", "symbol": "BTC-USD"}, {"trade_id": 847575093, "side": "sell", "size": "0.00082501", "price": "117778.17000000", "time": "2025-07-11T15:20:22.873014Z", "fetched_at": "2025-07-11T15:20:51.572030+00:00", "symbol": "BTC-USD"}, {"trade_id": 847575092, "side": "buy", "size": "0.00009086", "price": "117773.12000000", "time": "2025-07-11T15:20:22.720094Z", "fetched_at": "2025-07-11T15:20:51.572030+00:00", "symbol": "BTC-USD"}, {"trade_id": 847575091, "side": "buy", "size": "0.00001000", "price": "117774.54000000", "time": "2025-07-11T15:20:22.720094Z", "fetched_at": "2025-07-11T15:20:51.572030+00:00", "symbol": "BTC-USD"}, {"trade_id": 847575090, "side": "buy", "size": "0.01028904", "price": "117778.16000000", "time": "2025-07-11T15:20:22.577325Z", "fetched_at": "2025-07-11T15:20:51.572030+00:00", "symbol": "BTC-USD"}, {"trade_id": 847575089, "side": "sell", "size": "0.00168114", "price": "117778.17000000", "time": "2025-07-11T15:20:22.513147Z", "fetched_at": "2025-07-11T15:20:51.572030+00:00", "symbol": "BTC-USD"}, {"trade_id": 847575088, "side": "buy", "size": "0.00021096", "price": "117789.93000000", "time": "2025-07-11T15:20:22.478910Z", "fetched_at": "2025-07-11T15:20:51.572030+00:00", "symbol": "BTC-USD"}, {"trade_id": 847575087, "side": "buy", "size": "0.00110968", "price": "117789.93000000", "time": "2025-07-11T15:20:22.478910Z", "fetched_at": "2025-07-11T15:20:51.572030+00:00", "symbol": "BTC-USD"}, {"trade_id": 847575086, "side": "buy", "size": "0.00221937", "price": "117789.93000000", "time": "2025-07-11T15:20:22.478910Z", "fetched_at": "2025-07-11T15:20:51.572030+00:00", "symbol": "BTC-USD"}, {"trade_id": 847575085, "side": "sell", "size": "0.00040265", "price": "117789.96000000", "time": "2025-07-11T15:20:22.083469Z", "fetched_at": "2025-07-11T15:20:51.572030+00:00", "symbol": "BTC-USD"}, {"trade_id": 847575084, "side": "buy", "size": "0.01552598", "price": "117790.96000000", "time": "2025-07-11T15:20:22.060139Z", "fetched_at": "2025-07-11T15:20:51.572030+00:00", "symbol": "BTC-USD"}, {"trade_id": 847575083, "side": "buy", "size": "0.00055479", "price": "117792.19000000", "time": "2025-07-11T15:20:22.060139Z", "fetched_at": "2025-07-11T15:20:51.572030+00:00", "symbol": "BTC-USD"}, {"trade_id": 847575082, "side": "buy", "size": "0.00056933", "price": "117792.68000000", "time": "2025-07-11T15:20:22.060139Z", "fetched_at": "2025-07-11T15:20:51.572030+00:00", "symbol": "BTC-USD"}, {"trade_id": 847575081, "side": "buy", "size": "0.00031078", "price": "117795.24000000", "time": "2025-07-11T15:20:22.060139Z", "fetched_at": "2025-07-11T15:20:51.572030+00:00", "symbol": "BTC-USD"}, {"trade_id": 847575080, "side": "sell", "size": "0.00408235", "price": "117797.43000000", "time": "2025-07-11T15:20:21.797080Z", "fetched_at": "2025-07-11T15:20:51.572030+00:00", "symbol": "BTC-USD"}, {"trade_id": 847575079, "side": "sell", "size": "0.00004272", "price": "117795.25000000", "time": "2025-07-11T15:20:21.797080Z", "fetched_at": "2025-07-11T15:20:51.572030+00:00", "symbol": "BTC-USD"}, {"trade_id": 847575078, "side": "buy", "size": "0.00032201", "price": "117795.24000000", "time": "2025-07-11T15:20:21.668841Z", "fetched_at": "2025-07-11T15:20:51.572030+00:00", "symbol": "BTC-USD"}, {"trade_id": 847575077, "side": "buy", "size": "0.00054672", "price": "117795.24000000", "time": "2025-07-11T15:20:21.668841Z", "fetched_at": "2025-07-11T15:20:51.572030+00:00", "symbol": "BTC-USD"}, {"trade_id": 847575076, "side": "buy", "size": "0.02366527", "price": "117798.33000000", "time": "2025-07-11T15:20:21.668841Z", "fetched_at": "2025-07-11T15:20:51.572030+00:00", "symbol": "BTC-USD"}, {"trade_id": 847575075, "side": "sell", "size": "0.00008053", "price": "117798.34000000", "time": "2025-07-11T15:20:21.552758Z", "fetched_at": "2025-07-11T15:20:51.572030+00:00", "symbol": "BTC-USD"}, {"trade_id": 847575074, "side": "buy", "size": "0.00002422", "price": "117798.33000000", "time": "2025-07-11T15:20:21.379480Z", "fetched_at": "2025-07-11T15:20:51.572030+00:00", "symbol": "BTC-USD"}, {"trade_id": 847575073, "side": "buy", "size": "0.00094051", "price": "117798.33000000", "time": "2025-07-11T15:20:21.334528Z", "fetched_at": "2025-07-11T15:20:51.572030+00:00", "symbol": "BTC-USD"}, {"trade_id": 847575072, "side": "sell", "size": "0.00825082", "price": "117798.34000000", "time": "2025-07-11T15:20:21.283729Z", "fetched_at": "2025-07-11T15:20:51.572030+00:00", "symbol": "BTC-USD"}, {"trade_id": 847575071, "side": "sell", "size": "0.00076677", "price": "117798.34000000", "time": "2025-07-11T15:20:21.223326Z", "fetched_at": "2025-07-11T15:20:51.572030+00:00", "symbol": "BTC-USD"}, {"trade_id": 847575070, "side": "sell", "size": "0.00007371", "price": "117795.25000000", "time": "2025-07-11T15:20:21.223326Z", "fetched_at": "2025-07-11T15:20:51.572030+00:00", "symbol": "BTC-USD"}, {"trade_id": 847575069, "side": "sell", "size": "0.02055228", "price": "117798.34000000", "time": "2025-07-11T15:20:21.130488Z", "fetched_at": "2025-07-11T15:20:51.572030+00:00", "symbol": "BTC-USD"}, {"trade_id": 847575068, "side": "sell", "size": "0.00007371", "price": "117795.25000000", "time": "2025-07-11T15:20:21.130488Z", "fetched_at": "2025-07-11T15:20:51.572030+00:00", "symbol": "BTC-USD"}, {"trade_id": 847575067, "side": "buy", "size": "0.00010000", "price": "117795.24000000", "time": "2025-07-11T15:20:20.923804Z", "fetched_at": "2025-07-11T15:20:51.572030+00:00", "symbol": "BTC-USD"}, {"trade_id": 847575066, "side": "buy", "size": "0.00441494", "price": "117795.24000000", "time": "2025-07-11T15:20:20.704661Z", "fetched_at": "2025-07-11T15:20:51.572030+00:00", "symbol": "BTC-USD"}, {"trade_id": 847575065, "side": "buy", "size": "0.00027743", "price": "117795.24000000", "time": "2025-07-11T15:20:20.704661Z", "fetched_at": "2025-07-11T15:20:51.572030+00:00", "symbol": "BTC-USD"}, {"trade_id": 847575064, "side": "buy", "size": "0.00000118", "price": "117798.33000000", "time": "2025-07-11T15:20:20.704661Z", "fetched_at": "2025-07-11T15:20:51.572030+00:00", "symbol": "BTC-USD"}, {"trade_id": 847575063, "side": "buy", "size": "0.00126538", "price": "117798.33000000", "time": "2025-07-11T15:20:20.704661Z", "fetched_at": "2025-07-11T15:20:51.572030+00:00", "symbol": "BTC-USD"}, {"trade_id": 847575062, "side": "buy", "size": "0.00253076", "price": "117798.33000000", "time": "2025-07-11T15:20:20.704661Z", "fetched_at": "2025-07-11T15:20:51.572030+00:00", "symbol": "BTC-USD"}, {"trade_id": 847575061, "side": "sell", "size": "0.00016500", "price": "117798.34000000", "time": "2025-07-11T15:20:19.314121Z", "fetched_at": "2025-07-11T15:20:51.572030+00:00", "symbol": "BTC-USD"}, {"trade_id": 847575060, "side": "sell", "size": "0.00005168", "price": "117795.25000000", "time": "2025-07-11T15:20:18.916964Z", "fetched_at": "2025-07-11T15:20:51.572030+00:00", "symbol": "BTC-USD"}, {"trade_id": 847575059, "side": "sell", "size": "0.00003320", "price": "117795.25000000", "time": "2025-07-11T15:20:18.916964Z", "fetched_at": "2025-07-11T15:20:51.572030+00:00", "symbol": "BTC-USD"}, {"trade_id": 847575058, "side": "sell", "size": "0.00001061", "price": "117795.25000000", "time": "2025-07-11T15:20:18.916964Z", "fetched_at": "2025-07-11T15:20:51.572030+00:00", "symbol": "BTC-USD"}, {"trade_id": 847575057, "side": "sell", "size": "0.00008490", "price": "117795.25000000", "time": "2025-07-11T15:20:18.916964Z", "fetched_at": "2025-07-11T15:20:51.572030+00:00", "symbol": "BTC-USD"}, {"trade_id": 847575056, "side": "sell", "size": "0.06237930", "price": "117795.25000000", "time": "2025-07-11T15:20:18.916964Z", "fetched_at": "2025-07-11T15:20:51.572030+00:00", "symbol": "BTC-USD"}, {"trade_id": 847575055, "side": "sell", "size": "0.00080533", "price": "117795.25000000", "time": "2025-07-11T15:20:18.390844Z", "fetched_at": "2025-07-11T15:20:51.572030+00:00", "symbol": "BTC-USD"}, {"trade_id": 847575054, "side": "buy", "size": "0.00002768", "price": "117795.24000000", "time": "2025-07-11T15:20:17.601109Z", "fetched_at": "2025-07-11T15:20:51.572030+00:00", "symbol": "BTC-USD"}, {"trade_id": 847575053, "side": "buy", "size": "0.00099340", "price": "117795.24000000", "time": "2025-07-11T15:20:16.811371Z", "fetched_at": "2025-07-11T15:20:51.572030+00:00", "symbol": "BTC-USD"}, {"trade_id": 847575052, "side": "buy", "size": "0.00016981", "price": "117795.24000000", "time": "2025-07-11T15:20:16.748961Z", "fetched_at": "2025-07-11T15:20:51.572030+00:00", "symbol": "BTC-USD"}, {"trade_id": 847575051, "side": "sell", "size": "0.00008490", "price": "117792.20000000", "time": "2025-07-11T15:20:16.339862Z", "fetched_at": "2025-07-11T15:20:51.572030+00:00", "symbol": "BTC-USD"}, {"trade_id": 847575050, "side": "buy", "size": "0.00001056", "price": "117792.19000000", "time": "2025-07-11T15:20:16.327884Z", "fetched_at": "2025-07-11T15:20:51.572030+00:00", "symbol": "BTC-USD"}, {"trade_id": 847575049, "side": "buy", "size": "0.00000144", "price": "117792.19000000", "time": "2025-07-11T15:20:16.327884Z", "fetched_at": "2025-07-11T15:20:51.572030+00:00", "symbol": "BTC-USD"}, {"trade_id": 847575048, "side": "buy", "size": "0.00385908", "price": "117795.24000000", "time": "2025-07-11T15:20:15.942717Z", "fetched_at": "2025-07-11T15:20:51.572030+00:00", "symbol": "BTC-USD"}, {"trade_id": 847575047, "side": "sell", "size": "0.00058861", "price": "117794.83000000", "time": "2025-07-11T15:20:15.869207Z", "fetched_at": "2025-07-11T15:20:51.572030+00:00", "symbol": "BTC-USD"}, {"trade_id": 847575046, "side": "sell", "size": "0.00007905", "price": "117792.20000000", "time": "2025-07-11T15:20:15.869207Z", "fetched_at": "2025-07-11T15:20:51.572030+00:00", "symbol": "BTC-USD"}, {"trade_id": 847575045, "side": "sell", "size": "0.00001000", "price": "117792.20000000", "time": "2025-07-11T15:20:15.869207Z", "fetched_at": "2025-07-11T15:20:51.572030+00:00", "symbol": "BTC-USD"}, {"trade_id": 847575044, "side": "sell", "size": "0.00007905", "price": "117789.94000000", "time": "2025-07-11T15:20:15.405076Z", "fetched_at": "2025-07-11T15:20:51.572030+00:00", "symbol": "BTC-USD"}, {"trade_id": 847575043, "side": "sell", "size": "0.03086603", "price": "117789.94000000", "time": "2025-07-11T15:20:15.405076Z", "fetched_at": "2025-07-11T15:20:51.572030+00:00", "symbol": "BTC-USD"}, {"trade_id": 847575042, "side": "sell", "size": "0.00106121", "price": "117789.94000000", "time": "2025-07-11T15:20:15.405076Z", "fetched_at": "2025-07-11T15:20:51.572030+00:00", "symbol": "BTC-USD"}, {"trade_id": 847575041, "side": "sell", "size": "0.00000220", "price": "117789.94000000", "time": "2025-07-11T15:20:15.405076Z", "fetched_at": "2025-07-11T15:20:51.572030+00:00", "symbol": "BTC-USD"}, {"trade_id": 847575040, "side": "sell", "size": "0.00000664", "price": "117789.94000000", "time": "2025-07-11T15:20:15.405076Z", "fetched_at": "2025-07-11T15:20:51.572030+00:00", "symbol": "BTC-USD"}, {"trade_id": 847575039, "side": "sell", "size": "0.00188904", "price": "117789.94000000", "time": "2025-07-11T15:20:15.405076Z", "fetched_at": "2025-07-11T15:20:51.572030+00:00", "symbol": "BTC-USD"}, {"trade_id": 847575038, "side": "sell", "size": "0.00001033", "price": "117789.94000000", "time": "2025-07-11T15:20:15.405076Z", "fetched_at": "2025-07-11T15:20:51.572030+00:00", "symbol": "BTC-USD"}, {"trade_id": 847575037, "side": "sell", "size": "0.15894136", "price": "117789.94000000", "time": "2025-07-11T15:20:15.405076Z", "fetched_at": "2025-07-11T15:20:51.572030+00:00", "symbol": "BTC-USD"}, {"trade_id": 847575036, "side": "buy", "size": "0.00028720", "price": "117789.93000000", "time": "2025-07-11T15:20:15.260506Z", "fetched_at": "2025-07-11T15:20:51.572030+00:00", "symbol": "BTC-USD"}, {"trade_id": 847575035, "side": "sell", "size": "0.00121228", "price": "117789.94000000", "time": "2025-07-11T15:20:14.835308Z", "fetched_at": "2025-07-11T15:20:51.572030+00:00", "symbol": "BTC-USD"}, {"trade_id": 847575034, "side": "sell", "size": "0.00825129", "price": "117789.94000000", "time": "2025-07-11T15:20:14.794130Z", "fetched_at": "2025-07-11T15:20:51.572030+00:00", "symbol": "BTC-USD"}, {"trade_id": 847575033, "side": "sell", "size": "0.00800000", "price": "117789.94000000", "time": "2025-07-11T15:20:14.163192Z", "fetched_at": "2025-07-11T15:20:51.572030+00:00", "symbol": "BTC-USD"}, {"trade_id": 847575032, "side": "sell", "size": "0.00482007", "price": "117789.94000000", "time": "2025-07-11T15:20:13.422084Z", "fetched_at": "2025-07-11T15:20:51.572030+00:00", "symbol": "BTC-USD"}, {"trade_id": 847575031, "side": "sell", "size": "0.00007489", "price": "117777.07000000", "time": "2025-07-11T15:20:13.400179Z", "fetched_at": "2025-07-11T15:20:51.572030+00:00", "symbol": "BTC-USD"}, {"trade_id": 847575030, "side": "sell", "size": "0.01093266", "price": "117774.49000000", "time": "2025-07-11T15:20:13.249375Z", "fetched_at": "2025-07-11T15:20:51.572030+00:00", "symbol": "BTC-USD"}, {"trade_id": 847575029, "side": "sell", "size": "0.00909264", "price": "117774.49000000", "time": "2025-07-11T15:20:13.248840Z", "fetched_at": "2025-07-11T15:20:51.572030+00:00", "symbol": "BTC-USD"}, {"trade_id": 847575028, "side": "sell", "size": "0.00911772", "price": "117774.49000000", "time": "2025-07-11T15:20:13.247783Z", "fetched_at": "2025-07-11T15:20:51.572030+00:00", "symbol": "BTC-USD"}, {"trade_id": 847575027, "side": "sell", "size": "0.00007488", "price": "117774.48000000", "time": "2025-07-11T15:20:13.247783Z", "fetched_at": "2025-07-11T15:20:51.572030+00:00", "symbol": "BTC-USD"}, {"trade_id": 847575026, "side": "buy", "size": "0.00015506", "price": "117772.78000000", "time": "2025-07-11T15:20:12.916955Z", "fetched_at": "2025-07-11T15:20:51.572030+00:00", "symbol": "BTC-USD"}, {"trade_id": 847575025, "side": "sell", "size": "0.00044290", "price": "117772.81000000", "time": "2025-07-11T15:20:12.753267Z", "fetched_at": "2025-07-11T15:20:51.572030+00:00", "symbol": "BTC-USD"}, {"trade_id": 847575024, "side": "buy", "size": "0.00081474", "price": "117774.10000000", "time": "2025-07-11T15:20:12.103931Z", "fetched_at": "2025-07-11T15:20:51.572030+00:00", "symbol": "BTC-USD"}, {"trade_id": 847575023, "side": "buy", "size": "0.00198647", "price": "117772.22000000", "time": "2025-07-11T15:20:12.035695Z", "fetched_at": "2025-07-11T15:20:51.572030+00:00", "symbol": "BTC-USD"}, {"trade_id": 847575022, "side": "buy", "size": "0.00001353", "price": "117772.23000000", "time": "2025-07-11T15:20:12.035695Z", "fetched_at": "2025-07-11T15:20:51.572030+00:00", "symbol": "BTC-USD"}, {"trade_id": 847575021, "side": "buy", "size": "0.00007147", "price": "117772.21000000", "time": "2025-07-11T15:20:11.991494Z", "fetched_at": "2025-07-11T15:20:51.572030+00:00", "symbol": "BTC-USD"}, {"trade_id": 847575020, "side": "buy", "size": "0.00001353", "price": "117772.22000000", "time": "2025-07-11T15:20:11.991494Z", "fetched_at": "2025-07-11T15:20:51.572030+00:00", "symbol": "BTC-USD"}, {"trade_id": 847575019, "side": "sell", "size": "0.00008491", "price": "117773.59000000", "time": "2025-07-11T15:20:11.526720Z", "fetched_at": "2025-07-11T15:20:51.572030+00:00", "symbol": "BTC-USD"}, {"trade_id": 847575018, "side": "sell", "size": "0.00197763", "price": "117774.04000000", "time": "2025-07-11T15:20:11.386970Z", "fetched_at": "2025-07-11T15:20:51.572030+00:00", "symbol": "BTC-USD"}, {"trade_id": 847575017, "side": "sell", "size": "0.00008491", "price": "117773.59000000", "time": "2025-07-11T15:20:11.386970Z", "fetched_at": "2025-07-11T15:20:51.572030+00:00", "symbol": "BTC-USD"}, {"trade_id": 847575016, "side": "buy", "size": "0.00270127", "price": "117773.58000000", "time": "2025-07-11T15:20:11.278402Z", "fetched_at": "2025-07-11T15:20:51.572030+00:00", "symbol": "BTC-USD"}, {"trade_id": 847575015, "side": "buy", "size": "0.00008406", "price": "117769.20000000", "time": "2025-07-11T15:20:09.979925Z", "fetched_at": "2025-07-11T15:20:51.572030+00:00", "symbol": "BTC-USD"}, {"trade_id": 847575014, "side": "buy", "size": "0.00000169", "price": "117769.20000000", "time": "2025-07-11T15:20:09.979925Z", "fetched_at": "2025-07-11T15:20:51.572030+00:00", "symbol": "BTC-USD"}, {"trade_id": 847575013, "side": "buy", "size": "0.00818659", "price": "117767.42000000", "time": "2025-07-11T15:20:09.698750Z", "fetched_at": "2025-07-11T15:20:51.572030+00:00", "symbol": "BTC-USD"}, {"trade_id": 847575012, "side": "buy", "size": "0.00000042", "price": "117767.43000000", "time": "2025-07-11T15:20:09.698750Z", "fetched_at": "2025-07-11T15:20:51.572030+00:00", "symbol": "BTC-USD"}, {"trade_id": 847575011, "side": "buy", "size": "0.00679172", "price": "117769.20000000", "time": "2025-07-11T15:20:09.698750Z", "fetched_at": "2025-07-11T15:20:51.572030+00:00", "symbol": "BTC-USD"}, {"trade_id": 847575010, "side": "buy", "size": "0.00001311", "price": "117772.46000000", "time": "2025-07-11T15:20:09.698750Z", "fetched_at": "2025-07-11T15:20:51.572030+00:00", "symbol": "BTC-USD"}, {"trade_id": 847575009, "side": "buy", "size": "0.00254405", "price": "117772.46000000", "time": "2025-07-11T15:20:09.698750Z", "fetched_at": "2025-07-11T15:20:51.572030+00:00", "symbol": "BTC-USD"}, {"trade_id": 847575008, "side": "buy", "size": "0.00022728", "price": "117774.12000000", "time": "2025-07-11T15:20:08.831656Z", "fetched_at": "2025-07-11T15:20:51.572030+00:00", "symbol": "BTC-USD"}, {"trade_id": 847575007, "side": "sell", "size": "0.00012137", "price": "117775.38000000", "time": "2025-07-11T15:20:08.677756Z", "fetched_at": "2025-07-11T15:20:51.572030+00:00", "symbol": "BTC-USD"}, {"trade_id": 847575006, "side": "sell", "size": "0.00008491", "price": "117775.37000000", "time": "2025-07-11T15:20:08.677756Z", "fetched_at": "2025-07-11T15:20:51.572030+00:00", "symbol": "BTC-USD"}, {"trade_id": 847575005, "side": "buy", "size": "0.08012055", "price": "117775.61000000", "time": "2025-07-11T15:20:08.267859Z", "fetched_at": "2025-07-11T15:20:51.572030+00:00", "symbol": "BTC-USD"}, {"trade_id": 847575004, "side": "buy", "size": "0.00508806", "price": "117775.61000000", "time": "2025-07-11T15:20:08.267859Z", "fetched_at": "2025-07-11T15:20:51.572030+00:00", "symbol": "BTC-USD"}, {"trade_id": 847575003, "side": "buy", "size": "0.00679139", "price": "117775.61000000", "time": "2025-07-11T15:20:08.267859Z", "fetched_at": "2025-07-11T15:20:51.572030+00:00", "symbol": "BTC-USD"}, {"trade_id": 847575002, "side": "buy", "size": "0.00010665", "price": "117769.89000000", "time": "2025-07-11T15:20:07.496405Z", "fetched_at": "2025-07-11T15:20:51.572030+00:00", "symbol": "BTC-USD"}, {"trade_id": 847575001, "side": "buy", "size": "0.00001339", "price": "117769.90000000", "time": "2025-07-11T15:20:07.496405Z", "fetched_at": "2025-07-11T15:20:51.572030+00:00", "symbol": "BTC-USD"}, {"trade_id": 847575000, "side": "buy", "size": "0.02296584", "price": "117771.47000000", "time": "2025-07-11T15:20:07.424038Z", "fetched_at": "2025-07-11T15:20:51.572030+00:00", "symbol": "BTC-USD"}, {"trade_id": 847574999, "side": "buy", "size": "0.00065524", "price": "117773.57000000", "time": "2025-07-11T15:20:07.424038Z", "fetched_at": "2025-07-11T15:20:51.572030+00:00", "symbol": "BTC-USD"}, {"trade_id": 847574998, "side": "buy", "size": "0.00524175", "price": "117773.57000000", "time": "2025-07-11T15:20:07.424038Z", "fetched_at": "2025-07-11T15:20:51.572030+00:00", "symbol": "BTC-USD"}, {"trade_id": 847574997, "side": "buy", "size": "0.00001339", "price": "117773.58000000", "time": "2025-07-11T15:20:07.424038Z", "fetched_at": "2025-07-11T15:20:51.572030+00:00", "symbol": "BTC-USD"}, {"trade_id": 847574996, "side": "buy", "size": "0.00032756", "price": "117776.36000000", "time": "2025-07-11T15:20:07.424038Z", "fetched_at": "2025-07-11T15:20:51.572030+00:00", "symbol": "BTC-USD"}, {"trade_id": 847574995, "side": "buy", "size": "0.00002435", "price": "117776.38000000", "time": "2025-07-11T15:20:07.424038Z", "fetched_at": "2025-07-11T15:20:51.572030+00:00", "symbol": "BTC-USD"}, {"trade_id": 847574994, "side": "buy", "size": "0.00679202", "price": "117776.38000000", "time": "2025-07-11T15:20:07.424038Z", "fetched_at": "2025-07-11T15:20:51.572030+00:00", "symbol": "BTC-USD"}, {"trade_id": 847574993, "side": "sell", "size": "0.00047880", "price": "117780.20000000", "time": "2025-07-11T15:20:07.407454Z", "fetched_at": "2025-07-11T15:20:51.572030+00:00", "symbol": "BTC-USD"}, {"trade_id": 847574992, "side": "sell", "size": "0.00008491", "price": "117780.19000000", "time": "2025-07-11T15:20:07.407454Z", "fetched_at": "2025-07-11T15:20:51.572030+00:00", "symbol": "BTC-USD"}, {"trade_id": 847574991, "side": "buy", "size": "0.02566398", "price": "117776.38000000", "time": "2025-07-11T15:20:07.207071Z", "fetched_at": "2025-07-11T15:20:51.572030+00:00", "symbol": "BTC-USD"}, {"trade_id": 847574990, "side": "buy", "size": "0.00679202", "price": "117776.38000000", "time": "2025-07-11T15:20:07.207071Z", "fetched_at": "2025-07-11T15:20:51.572030+00:00", "symbol": "BTC-USD"}, {"trade_id": 847574989, "side": "buy", "size": "0.01000000", "price": "117776.38000000", "time": "2025-07-11T15:20:07.207071Z", "fetched_at": "2025-07-11T15:20:51.572030+00:00", "symbol": "BTC-USD"}, {"trade_id": 847574988, "side": "sell", "size": "0.00025133", "price": "117780.30000000", "time": "2025-07-11T15:20:07.133497Z", "fetched_at": "2025-07-11T15:20:51.572030+00:00", "symbol": "BTC-USD"}, {"trade_id": 847574987, "side": "sell", "size": "0.00008491", "price": "117776.37000000", "time": "2025-07-11T15:20:07.133497Z", "fetched_at": "2025-07-11T15:20:51.572030+00:00", "symbol": "BTC-USD"}, {"trade_id": 847574986, "side": "sell", "size": "0.00159802", "price": "117780.29000000", "time": "2025-07-11T15:20:06.750455Z", "fetched_at": "2025-07-11T15:20:51.572030+00:00", "symbol": "BTC-USD"}, {"trade_id": 847574985, "side": "sell", "size": "0.00008294", "price": "117776.36000000", "time": "2025-07-11T15:20:06.750455Z", "fetched_at": "2025-07-11T15:20:51.572030+00:00", "symbol": "BTC-USD"}, {"trade_id": 847574984, "side": "sell", "size": "0.00000109", "price": "117773.58000000", "time": "2025-07-11T15:20:06.313358Z", "fetched_at": "2025-07-11T15:20:51.572030+00:00", "symbol": "BTC-USD"}, {"trade_id": 847574983, "side": "sell", "size": "0.00084048", "price": "117773.58000000", "time": "2025-07-11T15:20:06.134504Z", "fetched_at": "2025-07-11T15:20:51.572030+00:00", "symbol": "BTC-USD"}, {"trade_id": 847574982, "side": "buy", "size": "0.00131043", "price": "117777.96000000", "time": "2025-07-11T15:20:05.481408Z", "fetched_at": "2025-07-11T15:20:51.572030+00:00", "symbol": "BTC-USD"}, {"trade_id": 847574981, "side": "buy", "size": "0.00262077", "price": "117777.96000000", "time": "2025-07-11T15:20:05.481408Z", "fetched_at": "2025-07-11T15:20:51.572030+00:00", "symbol": "BTC-USD"}, {"trade_id": 847574980, "side": "sell", "size": "0.00044438", "price": "117777.97000000", "time": "2025-07-11T15:20:05.016864Z", "fetched_at": "2025-07-11T15:20:51.572030+00:00", "symbol": "BTC-USD"}, {"trade_id": 847574979, "side": "sell", "size": "0.00008491", "price": "117777.97000000", "time": "2025-07-11T15:20:05.016864Z", "fetched_at": "2025-07-11T15:20:51.572030+00:00", "symbol": "BTC-USD"}, {"trade_id": 847574978, "side": "buy", "size": "0.04322539", "price": "117779.51000000", "time": "2025-07-11T15:20:03.961599Z", "fetched_at": "2025-07-11T15:20:51.572030+00:00", "symbol": "BTC-USD"}, {"trade_id": 847574977, "side": "buy", "size": "0.00677461", "price": "117779.51000000", "time": "2025-07-11T15:20:03.961599Z", "fetched_at": "2025-07-11T15:20:51.572030+00:00", "symbol": "BTC-USD"}, {"trade_id": 847574976, "side": "buy", "size": "0.00001621", "price": "117779.51000000", "time": "2025-07-11T15:20:03.922763Z", "fetched_at": "2025-07-11T15:20:51.572030+00:00", "symbol": "BTC-USD"}, {"trade_id": 847574975, "side": "sell", "size": "0.00193448", "price": "117785.88000000", "time": "2025-07-11T15:20:03.828373Z", "fetched_at": "2025-07-11T15:20:51.572030+00:00", "symbol": "BTC-USD"}, {"trade_id": 847574974, "side": "sell", "size": "0.00006552", "price": "117778.01000000", "time": "2025-07-11T15:20:03.828373Z", "fetched_at": "2025-07-11T15:20:51.572030+00:00", "symbol": "BTC-USD"}, {"trade_id": 847574973, "side": "buy", "size": "0.00857459", "price": "117778.00000000", "time": "2025-07-11T15:20:03.784071Z", "fetched_at": "2025-07-11T15:20:51.572030+00:00", "symbol": "BTC-USD"}, {"trade_id": 847574972, "side": "sell", "size": "0.00513872", "price": "117773.58000000", "time": "2025-07-11T15:20:03.119323Z", "fetched_at": "2025-07-11T15:20:51.572030+00:00", "symbol": "BTC-USD"}, {"trade_id": 847574971, "side": "sell", "size": "0.00639701", "price": "117773.58000000", "time": "2025-07-11T15:20:03.119323Z", "fetched_at": "2025-07-11T15:20:51.572030+00:00", "symbol": "BTC-USD"}, {"trade_id": 847574970, "side": "buy", "size": "0.00646613", "price": "117767.42000000", "time": "2025-07-11T15:20:02.509276Z", "fetched_at": "2025-07-11T15:20:51.572030+00:00", "symbol": "BTC-USD"}, {"trade_id": 847574969, "side": "buy", "size": "0.01000000", "price": "117767.43000000", "time": "2025-07-11T15:20:02.509276Z", "fetched_at": "2025-07-11T15:20:51.572030+00:00", "symbol": "BTC-USD"}, {"trade_id": 847574968, "side": "buy", "size": "0.00063506", "price": "117767.43000000", "time": "2025-07-11T15:20:02.509276Z", "fetched_at": "2025-07-11T15:20:51.572030+00:00", "symbol": "BTC-USD"}, {"trade_id": 847574967, "side": "buy", "size": "0.00000823", "price": "117767.66000000", "time": "2025-07-11T15:20:02.509276Z", "fetched_at": "2025-07-11T15:20:51.572030+00:00", "symbol": "BTC-USD"}, {"trade_id": 847574966, "side": "sell", "size": "0.00016854", "price": "117773.77000000", "time": "2025-07-11T15:20:02.366693Z", "fetched_at": "2025-07-11T15:20:51.572030+00:00", "symbol": "BTC-USD"}, {"trade_id": 847574965, "side": "buy", "size": "0.00057321", "price": "117767.42000000", "time": "2025-07-11T15:20:02.094871Z", "fetched_at": "2025-07-11T15:20:51.572030+00:00", "symbol": "BTC-USD"}, {"trade_id": 847574964, "side": "buy", "size": "0.00001027", "price": "117767.44000000", "time": "2025-07-11T15:20:02.094871Z", "fetched_at": "2025-07-11T15:20:51.572030+00:00", "symbol": "BTC-USD"}, {"trade_id": 847574963, "side": "buy", "size": "0.00024331", "price": "117767.42000000", "time": "2025-07-11T15:20:02.000819Z", "fetched_at": "2025-07-11T15:20:51.572030+00:00", "symbol": "BTC-USD"}, {"trade_id": 847574962, "side": "buy", "size": "0.00001130", "price": "117767.43000000", "time": "2025-07-11T15:20:02.000819Z", "fetched_at": "2025-07-11T15:20:51.572030+00:00", "symbol": "BTC-USD"}, {"trade_id": 847574961, "side": "buy", "size": "0.00058870", "price": "117767.42000000", "time": "2025-07-11T15:20:01.949857Z", "fetched_at": "2025-07-11T15:20:51.572030+00:00", "symbol": "BTC-USD"}, {"trade_id": 847574960, "side": "buy", "size": "0.00001130", "price": "117767.43000000", "time": "2025-07-11T15:20:01.949857Z", "fetched_at": "2025-07-11T15:20:51.572030+00:00", "symbol": "BTC-USD"}, {"trade_id": 847574959, "side": "sell", "size": "0.00132006", "price": "117768.74000000", "time": "2025-07-11T15:20:01.712604Z", "fetched_at": "2025-07-11T15:20:51.572030+00:00", "symbol": "BTC-USD"}, {"trade_id": 847574958, "side": "sell", "size": "0.00360299", "price": "117767.43000000", "time": "2025-07-11T15:20:01.475285Z", "fetched_at": "2025-07-11T15:20:51.572030+00:00", "symbol": "BTC-USD"}, {"trade_id": 847574957, "side": "sell", "size": "0.01000000", "price": "117767.43000000", "time": "2025-07-11T15:20:01.475285Z", "fetched_at": "2025-07-11T15:20:51.572030+00:00", "symbol": "BTC-USD"}, {"trade_id": 847574956, "side": "buy", "size": "0.00045754", "price": "117767.42000000", "time": "2025-07-11T15:20:01.428399Z", "fetched_at": "2025-07-11T15:20:51.572030+00:00", "symbol": "BTC-USD"}, {"trade_id": 847574955, "side": "buy", "size": "0.00052834", "price": "117767.42000000", "time": "2025-07-11T15:20:01.324098Z", "fetched_at": "2025-07-11T15:20:51.572030+00:00", "symbol": "BTC-USD"}, {"trade_id": 847574954, "side": "buy", "size": "0.00001109", "price": "117767.43000000", "time": "2025-07-11T15:20:01.324098Z", "fetched_at": "2025-07-11T15:20:51.572030+00:00", "symbol": "BTC-USD"}, {"trade_id": 847574953, "side": "buy", "size": "0.00000237", "price": "117767.43000000", "time": "2025-07-11T15:20:01.324098Z", "fetched_at": "2025-07-11T15:20:51.572030+00:00", "symbol": "BTC-USD"}, {"trade_id": 847574952, "side": "buy", "size": "0.00002640", "price": "117774.00000000", "time": "2025-07-11T15:20:01.324098Z", "fetched_at": "2025-07-11T15:20:51.572030+00:00", "symbol": "BTC-USD"}, {"trade_id": 847574951, "side": "buy", "size": "0.00001000", "price": "117774.54000000", "time": "2025-07-11T15:20:01.324098Z", "fetched_at": "2025-07-11T15:20:51.572030+00:00", "symbol": "BTC-USD"}, {"trade_id": 847574950, "side": "buy", "size": "0.00000118", "price": "117776.95000000", "time": "2025-07-11T15:20:01.324098Z", "fetched_at": "2025-07-11T15:20:51.572030+00:00", "symbol": "BTC-USD"}, {"trade_id": 847574949, "side": "buy", "size": "0.00204446", "price": "117778.18000000", "time": "2025-07-11T15:20:01.198254Z", "fetched_at": "2025-07-11T15:20:51.572030+00:00", "symbol": "BTC-USD"}, {"trade_id": 847574948, "side": "buy", "size": "0.00500039", "price": "117779.72000000", "time": "2025-07-11T15:20:01.198254Z", "fetched_at": "2025-07-11T15:20:51.572030+00:00", "symbol": "BTC-USD"}, {"trade_id": 847574947, "side": "sell", "size": "0.00150705", "price": "117789.93000000", "time": "2025-07-11T15:20:00.548764Z", "fetched_at": "2025-07-11T15:20:51.572030+00:00", "symbol": "BTC-USD"}, {"trade_id": 847574946, "side": "sell", "size": "0.00006026", "price": "117789.92000000", "time": "2025-07-11T15:20:00.548764Z", "fetched_at": "2025-07-11T15:20:51.572030+00:00", "symbol": "BTC-USD"}, {"trade_id": 847574945, "side": "buy", "size": "0.00198718", "price": "117787.19000000", "time": "2025-07-11T15:20:00.489924Z", "fetched_at": "2025-07-11T15:20:51.572030+00:00", "symbol": "BTC-USD"}, {"trade_id": 847574944, "side": "buy", "size": "0.00126980", "price": "117789.93000000", "time": "2025-07-11T15:20:00.489924Z", "fetched_at": "2025-07-11T15:20:51.572030+00:00", "symbol": "BTC-USD"}, {"trade_id": 847574943, "side": "buy", "size": "0.00120419", "price": "117789.93000000", "time": "2025-07-11T15:20:00.489924Z", "fetched_at": "2025-07-11T15:20:51.572030+00:00", "symbol": "BTC-USD"}, {"trade_id": 847574942, "side": "buy", "size": "0.00099500", "price": "117789.93000000", "time": "2025-07-11T15:20:00.371955Z", "fetched_at": "2025-07-11T15:20:51.572030+00:00", "symbol": "BTC-USD"}, {"trade_id": 847574941, "side": "sell", "size": "0.00008051", "price": "117789.94000000", "time": "2025-07-11T15:20:00.046635Z", "fetched_at": "2025-07-11T15:20:51.572030+00:00", "symbol": "BTC-USD"}, {"trade_id": 847574940, "side": "sell", "size": "0.00000957", "price": "117789.94000000", "time": "2025-07-11T15:19:59.883137Z", "fetched_at": "2025-07-11T15:20:51.572030+00:00", "symbol": "BTC-USD"}, {"trade_id": 847574939, "side": "buy", "size": "0.00034007", "price": "117789.93000000", "time": "2025-07-11T15:19:59.166818Z", "fetched_at": "2025-07-11T15:20:51.572030+00:00", "symbol": "BTC-USD"}, {"trade_id": 847574938, "side": "buy", "size": "0.00507861", "price": "117789.93000000", "time": "2025-07-11T15:19:59.166818Z", "fetched_at": "2025-07-11T15:20:51.572030+00:00", "symbol": "BTC-USD"}, {"trade_id": 847574937, "side": "buy", "size": "0.00030987", "price": "117789.93000000", "time": "2025-07-11T15:19:59.166818Z", "fetched_at": "2025-07-11T15:20:51.572030+00:00", "symbol": "BTC-USD"}, {"trade_id": 847574936, "side": "buy", "size": "0.00061966", "price": "117789.93000000", "time": "2025-07-11T15:19:59.166818Z", "fetched_at": "2025-07-11T15:20:51.572030+00:00", "symbol": "BTC-USD"}, {"trade_id": 847574935, "side": "buy", "size": "0.00123924", "price": "117789.93000000", "time": "2025-07-11T15:19:59.166818Z", "fetched_at": "2025-07-11T15:20:51.572030+00:00", "symbol": "BTC-USD"}, {"trade_id": 847574934, "side": "buy", "size": "0.00140124", "price": "117789.93000000", "time": "2025-07-11T15:19:59.166818Z", "fetched_at": "2025-07-11T15:20:51.572030+00:00", "symbol": "BTC-USD"}, {"trade_id": 847574933, "side": "sell", "size": "0.00042024", "price": "117789.94000000", "time": "2025-07-11T15:19:59.071736Z", "fetched_at": "2025-07-11T15:20:51.572030+00:00", "symbol": "BTC-USD"}, {"trade_id": 847574932, "side": "buy", "size": "0.00064052", "price": "117789.93000000", "time": "2025-07-11T15:19:58.611393Z", "fetched_at": "2025-07-11T15:20:51.572030+00:00", "symbol": "BTC-USD"}, {"trade_id": 847574931, "side": "sell", "size": "0.00420221", "price": "117789.94000000", "time": "2025-07-11T15:19:57.835453Z", "fetched_at": "2025-07-11T15:20:51.572030+00:00", "symbol": "BTC-USD"}, {"trade_id": 847574930, "side": "sell", "size": "0.00008229", "price": "117789.94000000", "time": "2025-07-11T15:19:57.359632Z", "fetched_at": "2025-07-11T15:20:51.572030+00:00", "symbol": "BTC-USD"}, {"trade_id": 847574929, "side": "sell", "size": "0.00001430", "price": "117789.94000000", "time": "2025-07-11T15:19:57.225143Z", "fetched_at": "2025-07-11T15:20:51.572030+00:00", "symbol": "BTC-USD"}, {"trade_id": 847574928, "side": "buy", "size": "0.00043672", "price": "117789.93000000", "time": "2025-07-11T15:19:56.718818Z", "fetched_at": "2025-07-11T15:20:51.572030+00:00", "symbol": "BTC-USD"}, {"trade_id": 847574927, "side": "buy", "size": "0.00060939", "price": "117789.93000000", "time": "2025-07-11T15:19:56.718818Z", "fetched_at": "2025-07-11T15:20:51.572030+00:00", "symbol": "BTC-USD"}, {"trade_id": 847574926, "side": "sell", "size": "0.00064420", "price": "117789.94000000", "time": "2025-07-11T15:19:55.641047Z", "fetched_at": "2025-07-11T15:20:51.572030+00:00", "symbol": "BTC-USD"}, {"trade_id": 847574925, "side": "sell", "size": "0.00013705", "price": "117789.94000000", "time": "2025-07-11T15:19:55.568839Z", "fetched_at": "2025-07-11T15:20:51.572030+00:00", "symbol": "BTC-USD"}, {"trade_id": 847574924, "side": "sell", "size": "0.00000664", "price": "117789.94000000", "time": "2025-07-11T15:19:55.568839Z", "fetched_at": "2025-07-11T15:20:51.572030+00:00", "symbol": "BTC-USD"}, {"trade_id": 847574923, "side": "sell", "size": "0.00000110", "price": "117789.94000000", "time": "2025-07-11T15:19:55.568839Z", "fetched_at": "2025-07-11T15:20:51.572030+00:00", "symbol": "BTC-USD"}, {"trade_id": 847574922, "side": "sell", "size": "0.00000102", "price": "117789.94000000", "time": "2025-07-11T15:19:55.458703Z", "fetched_at": "2025-07-11T15:20:51.572030+00:00", "symbol": "BTC-USD"}, {"trade_id": 847574921, "side": "sell", "size": "0.00012505", "price": "117789.94000000", "time": "2025-07-11T15:19:55.458703Z", "fetched_at": "2025-07-11T15:20:51.572030+00:00", "symbol": "BTC-USD"}, {"trade_id": 847574920, "side": "sell", "size": "0.02428624", "price": "117789.94000000", "time": "2025-07-11T15:19:55.026288Z", "fetched_at": "2025-07-11T15:20:51.572030+00:00", "symbol": "BTC-USD"}, {"trade_id": 847574919, "side": "buy", "size": "0.00434757", "price": "117789.93000000", "time": "2025-07-11T15:19:54.844158Z", "fetched_at": "2025-07-11T15:20:51.572030+00:00", "symbol": "BTC-USD"}, {"trade_id": 847574918, "side": "buy", "size": "0.00414174", "price": "117789.93000000", "time": "2025-07-11T15:19:54.844158Z", "fetched_at": "2025-07-11T15:20:51.572030+00:00", "symbol": "BTC-USD"}, {"trade_id": 847574917, "side": "sell", "size": "0.00017640", "price": "117789.94000000", "time": "2025-07-11T15:19:54.780874Z", "fetched_at": "2025-07-11T15:20:51.572030+00:00", "symbol": "BTC-USD"}, {"trade_id": 847574916, "side": "buy", "size": "0.00010310", "price": "117789.93000000", "time": "2025-07-11T15:19:53.784451Z", "fetched_at": "2025-07-11T15:20:51.572030+00:00", "symbol": "BTC-USD"}, {"trade_id": 847574915, "side": "buy", "size": "0.00670042", "price": "117789.93000000", "time": "2025-07-11T15:19:53.784451Z", "fetched_at": "2025-07-11T15:20:51.572030+00:00", "symbol": "BTC-USD"}, {"trade_id": 847574914, "side": "buy", "size": "0.00009026", "price": "117789.93000000", "time": "2025-07-11T15:19:53.645473Z", "fetched_at": "2025-07-11T15:20:51.572030+00:00", "symbol": "BTC-USD"}, {"trade_id": 847574913, "side": "sell", "size": "0.00016104", "price": "117789.94000000", "time": "2025-07-11T15:19:53.262670Z", "fetched_at": "2025-07-11T15:20:51.572030+00:00", "symbol": "BTC-USD"}, {"trade_id": 847574912, "side": "sell", "size": "0.00084268", "price": "117789.94000000", "time": "2025-07-11T15:19:52.884934Z", "fetched_at": "2025-07-11T15:20:51.572030+00:00", "symbol": "BTC-USD"}, {"trade_id": 847574911, "side": "sell", "size": "0.00132300", "price": "117789.94000000", "time": "2025-07-11T15:19:52.713462Z", "fetched_at": "2025-07-11T15:20:51.572030+00:00", "symbol": "BTC-USD"}, {"trade_id": 847574910, "side": "sell", "size": "0.01966818", "price": "117789.94000000", "time": "2025-07-11T15:19:52.368941Z", "fetched_at": "2025-07-11T15:20:51.572030+00:00", "symbol": "BTC-USD"}, {"trade_id": 847574909, "side": "buy", "size": "0.11571045", "price": "117789.93000000", "time": "2025-07-11T15:19:52.224492Z", "fetched_at": "2025-07-11T15:20:51.572030+00:00", "symbol": "BTC-USD"}, {"trade_id": 847574908, "side": "buy", "size": "0.00006528", "price": "117789.93000000", "time": "2025-07-11T15:19:52.224492Z", "fetched_at": "2025-07-11T15:20:51.572030+00:00", "symbol": "BTC-USD"}, {"trade_id": 847574907, "side": "buy", "size": "0.00679102", "price": "117789.93000000", "time": "2025-07-11T15:19:52.224492Z", "fetched_at": "2025-07-11T15:20:51.572030+00:00", "symbol": "BTC-USD"}, {"trade_id": 847574906, "side": "buy", "size": "0.00075834", "price": "117789.93000000", "time": "2025-07-11T15:19:52.224492Z", "fetched_at": "2025-07-11T15:20:51.572030+00:00", "symbol": "BTC-USD"}, {"trade_id": 847574905, "side": "buy", "size": "0.00012462", "price": "117789.93000000", "time": "2025-07-11T15:19:52.224492Z", "fetched_at": "2025-07-11T15:20:51.572030+00:00", "symbol": "BTC-USD"}, {"trade_id": 847574904, "side": "buy", "size": "0.00036947", "price": "117789.93000000", "time": "2025-07-11T15:19:52.224492Z", "fetched_at": "2025-07-11T15:20:51.572030+00:00", "symbol": "BTC-USD"}, {"trade_id": 847574903, "side": "buy", "size": "0.00110187", "price": "117789.93000000", "time": "2025-07-11T15:19:52.224492Z", "fetched_at": "2025-07-11T15:20:51.572030+00:00", "symbol": "BTC-USD"}, {"trade_id": 847574902, "side": "buy", "size": "0.00307895", "price": "117789.93000000", "time": "2025-07-11T15:19:52.224492Z", "fetched_at": "2025-07-11T15:20:51.572030+00:00", "symbol": "BTC-USD"}, {"trade_id": 847574901, "side": "buy", "size": "0.00022506", "price": "117789.93000000", "time": "2025-07-11T15:19:50.251273Z", "fetched_at": "2025-07-11T15:20:51.572030+00:00", "symbol": "BTC-USD"}, {"trade_id": 847574900, "side": "sell", "size": "0.00016106", "price": "117789.94000000", "time": "2025-07-11T15:19:50.190739Z", "fetched_at": "2025-07-11T15:20:51.572030+00:00", "symbol": "BTC-USD"}, {"trade_id": 847574899, "side": "sell", "size": "0.00002471", "price": "117789.94000000", "time": "2025-07-11T15:19:49.733371Z", "fetched_at": "2025-07-11T15:20:51.572030+00:00", "symbol": "BTC-USD"}, {"trade_id": 847574898, "side": "sell", "size": "0.00005372", "price": "117789.94000000", "time": "2025-07-11T15:19:49.725043Z", "fetched_at": "2025-07-11T15:20:51.572030+00:00", "symbol": "BTC-USD"}, {"trade_id": 847574897, "side": "sell", "size": "0.00000900", "price": "117789.94000000", "time": "2025-07-11T15:19:49.089532Z", "fetched_at": "2025-07-11T15:20:51.572030+00:00", "symbol": "BTC-USD"}, {"trade_id": 847574896, "side": "buy", "size": "0.25722625", "price": "117789.93000000", "time": "2025-07-11T15:19:49.081060Z", "fetched_at": "2025-07-11T15:20:51.572030+00:00", "symbol": "BTC-USD"}, {"trade_id": 847574895, "side": "sell", "size": "0.00084044", "price": "117789.94000000", "time": "2025-07-11T15:19:48.939747Z", "fetched_at": "2025-07-11T15:20:51.572030+00:00", "symbol": "BTC-USD"}, {"trade_id": 847574894, "side": "buy", "size": "0.00007047", "price": "117789.93000000", "time": "2025-07-11T15:19:48.262315Z", "fetched_at": "2025-07-11T15:20:51.572030+00:00", "symbol": "BTC-USD"}, {"trade_id": 847574893, "side": "buy", "size": "0.00008843", "price": "117789.93000000", "time": "2025-07-11T15:19:48.236843Z", "fetched_at": "2025-07-11T15:20:51.572030+00:00", "symbol": "BTC-USD"}, {"trade_id": 847574892, "side": "sell", "size": "0.00032848", "price": "117789.94000000", "time": "2025-07-11T15:19:47.847443Z", "fetched_at": "2025-07-11T15:20:51.572030+00:00", "symbol": "BTC-USD"}, {"trade_id": 847574891, "side": "sell", "size": "0.00001034", "price": "117789.94000000", "time": "2025-07-11T15:19:47.847443Z", "fetched_at": "2025-07-11T15:20:51.572030+00:00", "symbol": "BTC-USD"}, {"trade_id": 847574890, "side": "sell", "size": "0.00006376", "price": "117789.92000000", "time": "2025-07-11T15:19:47.847443Z", "fetched_at": "2025-07-11T15:20:51.572030+00:00", "symbol": "BTC-USD"}, {"trade_id": 847574889, "side": "buy", "size": "0.00509862", "price": "117789.43000000", "time": "2025-07-11T15:19:47.253085Z", "fetched_at": "2025-07-11T15:20:51.572030+00:00", "symbol": "BTC-USD"}, {"trade_id": 847574888, "side": "buy", "size": "0.05149949", "price": "117780.09000000", "time": "2025-07-11T15:19:47.042037Z", "fetched_at": "2025-07-11T15:20:51.572030+00:00", "symbol": "BTC-USD"}, {"trade_id": 847574887, "side": "buy", "size": "0.04138978", "price": "117780.10000000", "time": "2025-07-11T15:19:47.042037Z", "fetched_at": "2025-07-11T15:20:51.572030+00:00", "symbol": "BTC-USD"}, {"trade_id": 847574886, "side": "buy", "size": "0.00500000", "price": "117780.25000000", "time": "2025-07-11T15:19:47.042037Z", "fetched_at": "2025-07-11T15:20:51.572030+00:00", "symbol": "BTC-USD"}, {"trade_id": 847574885, "side": "buy", "size": "0.00002899", "price": "117780.26000000", "time": "2025-07-11T15:19:47.042037Z", "fetched_at": "2025-07-11T15:20:51.572030+00:00", "symbol": "BTC-USD"}, {"trade_id": 847574884, "side": "buy", "size": "0.06310798", "price": "117782.31000000", "time": "2025-07-11T15:19:47.042037Z", "fetched_at": "2025-07-11T15:20:51.572030+00:00", "symbol": "BTC-USD"}, {"trade_id": 847574883, "side": "buy", "size": "0.00849015", "price": "117783.54000000", "time": "2025-07-11T15:19:47.042037Z", "fetched_at": "2025-07-11T15:20:51.572030+00:00", "symbol": "BTC-USD"}, {"trade_id": 847574882, "side": "buy", "size": "0.00848978", "price": "117783.66000000", "time": "2025-07-11T15:19:47.042037Z", "fetched_at": "2025-07-11T15:20:51.572030+00:00", "symbol": "BTC-USD"}, {"trade_id": 847574881, "side": "buy", "size": "0.01801587", "price": "117785.03000000", "time": "2025-07-11T15:19:47.042037Z", "fetched_at": "2025-07-11T15:20:51.572030+00:00", "symbol": "BTC-USD"}, {"trade_id": 847574880, "side": "buy", "size": "0.02099748", "price": "117785.04000000", "time": "2025-07-11T15:19:47.042037Z", "fetched_at": "2025-07-11T15:20:51.572030+00:00", "symbol": "BTC-USD"}, {"trade_id": 847574879, "side": "buy", "size": "0.00679064", "price": "117789.26000000", "time": "2025-07-11T15:19:47.042037Z", "fetched_at": "2025-07-11T15:20:51.572030+00:00", "symbol": "BTC-USD"}, {"trade_id": 847574878, "side": "buy", "size": "0.00006520", "price": "117789.93000000", "time": "2025-07-11T15:19:47.042037Z", "fetched_at": "2025-07-11T15:20:51.572030+00:00", "symbol": "BTC-USD"}, {"trade_id": 847574877, "side": "buy", "size": "0.00002197", "price": "117789.93000000", "time": "2025-07-11T15:19:47.042037Z", "fetched_at": "2025-07-11T15:20:51.572030+00:00", "symbol": "BTC-USD"}, {"trade_id": 847574876, "side": "buy", "size": "0.00012462", "price": "117789.93000000", "time": "2025-07-11T15:19:47.042037Z", "fetched_at": "2025-07-11T15:20:51.572030+00:00", "symbol": "BTC-USD"}, {"trade_id": 847574875, "side": "buy", "size": "0.00012437", "price": "117789.93000000", "time": "2025-07-11T15:19:47.042037Z", "fetched_at": "2025-07-11T15:20:51.572030+00:00", "symbol": "BTC-USD"}, {"trade_id": 847574874, "side": "buy", "size": "0.00036904", "price": "117789.93000000", "time": "2025-07-11T15:19:47.042037Z", "fetched_at": "2025-07-11T15:20:51.572030+00:00", "symbol": "BTC-USD"}, {"trade_id": 847574873, "side": "buy", "size": "0.00006256", "price": "117789.93000000", "time": "2025-07-11T15:19:47.042037Z", "fetched_at": "2025-07-11T15:20:51.572030+00:00", "symbol": "BTC-USD"}, {"trade_id": 847574872, "side": "buy", "size": "0.00109576", "price": "117789.93000000", "time": "2025-07-11T15:19:47.042037Z", "fetched_at": "2025-07-11T15:20:51.572030+00:00", "symbol": "BTC-USD"}, {"trade_id": 847574871, "side": "buy", "size": "0.00328219", "price": "117789.93000000", "time": "2025-07-11T15:19:47.042037Z", "fetched_at": "2025-07-11T15:20:51.572030+00:00", "symbol": "BTC-USD"}, {"trade_id": 847574870, "side": "buy", "size": "0.00147835", "price": "117789.93000000", "time": "2025-07-11T15:19:47.042037Z", "fetched_at": "2025-07-11T15:20:51.572030+00:00", "symbol": "BTC-USD"}, {"trade_id": 847574869, "side": "buy", "size": "0.00003396", "price": "117789.93000000", "time": "2025-07-11T15:19:45.256081Z", "fetched_at": "2025-07-11T15:20:51.572030+00:00", "symbol": "BTC-USD"}, {"trade_id": 847574868, "side": "buy", "size": "0.01387322", "price": "117789.93000000", "time": "2025-07-11T15:19:45.161797Z", "fetched_at": "2025-07-11T15:20:51.572030+00:00", "symbol": "BTC-USD"}, {"trade_id": 847574867, "side": "buy", "size": "0.00679056", "price": "117790.96000000", "time": "2025-07-11T15:19:45.161797Z", "fetched_at": "2025-07-11T15:20:51.572030+00:00", "symbol": "BTC-USD"}, {"trade_id": 847574866, "side": "buy", "size": "0.00424483", "price": "117791.79000000", "time": "2025-07-11T15:19:45.161797Z", "fetched_at": "2025-07-11T15:20:51.572030+00:00", "symbol": "BTC-USD"}, {"trade_id": 847574865, "side": "buy", "size": "0.00036936", "price": "117795.24000000", "time": "2025-07-11T15:19:45.161797Z", "fetched_at": "2025-07-11T15:20:51.572030+00:00", "symbol": "BTC-USD"}, {"trade_id": 847574864, "side": "buy", "size": "0.00025260", "price": "117795.24000000", "time": "2025-07-11T15:19:45.161797Z", "fetched_at": "2025-07-11T15:20:51.572030+00:00", "symbol": "BTC-USD"}, {"trade_id": 847574863, "side": "buy", "size": "0.00084897", "price": "117795.24000000", "time": "2025-07-11T15:19:45.136108Z", "fetched_at": "2025-07-11T15:20:51.572030+00:00", "symbol": "BTC-USD"}, {"trade_id": 847574862, "side": "sell", "size": "0.00016498", "price": "117795.25000000", "time": "2025-07-11T15:19:44.972082Z", "fetched_at": "2025-07-11T15:20:51.572030+00:00", "symbol": "BTC-USD"}, {"trade_id": 847574861, "side": "sell", "size": "0.00004202", "price": "117795.25000000", "time": "2025-07-11T15:19:44.848586Z", "fetched_at": "2025-07-11T15:20:51.572030+00:00", "symbol": "BTC-USD"}, {"trade_id": 847574860, "side": "sell", "size": "0.00029697", "price": "117795.25000000", "time": "2025-07-11T15:19:44.746384Z", "fetched_at": "2025-07-11T15:20:51.572030+00:00", "symbol": "BTC-USD"}, {"trade_id": 847574859, "side": "sell", "size": "0.00008843", "price": "117795.25000000", "time": "2025-07-11T15:19:44.439002Z", "fetched_at": "2025-07-11T15:20:51.572030+00:00", "symbol": "BTC-USD"}, {"trade_id": 847574858, "side": "buy", "size": "0.02223812", "price": "117795.24000000", "time": "2025-07-11T15:19:43.703543Z", "fetched_at": "2025-07-11T15:20:51.572030+00:00", "symbol": "BTC-USD"}, {"trade_id": 847574857, "side": "buy", "size": "0.00322980", "price": "117795.24000000", "time": "2025-07-11T15:19:43.703543Z", "fetched_at": "2025-07-11T15:20:51.572030+00:00", "symbol": "BTC-USD"}, {"trade_id": 847574856, "side": "sell", "size": "0.12399342", "price": "117795.25000000", "time": "2025-07-11T15:19:43.422774Z", "fetched_at": "2025-07-11T15:20:51.572030+00:00", "symbol": "BTC-USD"}, {"trade_id": 847574855, "side": "buy", "size": "0.00007372", "price": "117795.24000000", "time": "2025-07-11T15:19:43.298281Z", "fetched_at": "2025-07-11T15:20:51.572030+00:00", "symbol": "BTC-USD"}, {"trade_id": 847574854, "side": "buy", "size": "0.00006494", "price": "117795.24000000", "time": "2025-07-11T15:19:43.298281Z", "fetched_at": "2025-07-11T15:20:51.572030+00:00", "symbol": "BTC-USD"}, {"trade_id": 847574853, "side": "sell", "size": "0.00041645", "price": "117795.25000000", "time": "2025-07-11T15:19:42.440431Z", "fetched_at": "2025-07-11T15:20:51.572030+00:00", "symbol": "BTC-USD"}, {"trade_id": 847574852, "side": "sell", "size": "0.00000807", "price": "117795.25000000", "time": "2025-07-11T15:19:42.138561Z", "fetched_at": "2025-07-11T15:20:51.572030+00:00", "symbol": "BTC-USD"}, {"trade_id": 847574851, "side": "sell", "size": "0.04184694", "price": "117795.25000000", "time": "2025-07-11T15:19:41.745069Z", "fetched_at": "2025-07-11T15:20:51.572030+00:00", "symbol": "BTC-USD"}, {"trade_id": 847574850, "side": "sell", "size": "0.00000969", "price": "117789.94000000", "time": "2025-07-11T15:19:41.745069Z", "fetched_at": "2025-07-11T15:20:51.572030+00:00", "symbol": "BTC-USD"}, {"trade_id": 847574849, "side": "sell", "size": "0.00006645", "price": "117789.94000000", "time": "2025-07-11T15:19:41.745069Z", "fetched_at": "2025-07-11T15:20:51.572030+00:00", "symbol": "BTC-USD"}, {"trade_id": 847574848, "side": "sell", "size": "0.00074985", "price": "117792.33000000", "time": "2025-07-11T15:19:41.378353Z", "fetched_at": "2025-07-11T15:20:51.572030+00:00", "symbol": "BTC-USD"}, {"trade_id": 847574847, "side": "sell", "size": "0.00000220", "price": "117789.94000000", "time": "2025-07-11T15:19:41.378353Z", "fetched_at": "2025-07-11T15:20:51.572030+00:00", "symbol": "BTC-USD"}, {"trade_id": 847574846, "side": "sell", "size": "0.00001033", "price": "117789.94000000", "time": "2025-07-11T15:19:41.378353Z", "fetched_at": "2025-07-11T15:20:51.572030+00:00", "symbol": "BTC-USD"}, {"trade_id": 847574845, "side": "sell", "size": "0.00006263", "price": "117789.94000000", "time": "2025-07-11T15:19:41.378353Z", "fetched_at": "2025-07-11T15:20:51.572030+00:00", "symbol": "BTC-USD"}, {"trade_id": 847574844, "side": "buy", "size": "0.06677782", "price": "117789.93000000", "time": "2025-07-11T15:19:41.287440Z", "fetched_at": "2025-07-11T15:20:51.572030+00:00", "symbol": "BTC-USD"}, {"trade_id": 847574843, "side": "buy", "size": "0.00004885", "price": "117789.93000000", "time": "2025-07-11T15:19:41.094040Z", "fetched_at": "2025-07-11T15:20:51.572030+00:00", "symbol": "BTC-USD"}, {"trade_id": 847574842, "side": "buy", "size": "0.00042873", "price": "117789.93000000", "time": "2025-07-11T15:19:40.261476Z", "fetched_at": "2025-07-11T15:20:51.572030+00:00", "symbol": "BTC-USD"}, {"trade_id": 847574841, "side": "buy", "size": "0.00027882", "price": "117789.93000000", "time": "2025-07-11T15:19:40.091388Z", "fetched_at": "2025-07-11T15:20:51.572030+00:00", "symbol": "BTC-USD"}, {"trade_id": 847574840, "side": "sell", "size": "0.00560269", "price": "117789.94000000", "time": "2025-07-11T15:19:39.973795Z", "fetched_at": "2025-07-11T15:20:51.572030+00:00", "symbol": "BTC-USD"}, {"trade_id": 847574839, "side": "sell", "size": "0.00004992", "price": "117789.94000000", "time": "2025-07-11T15:19:39.973795Z", "fetched_at": "2025-07-11T15:20:51.572030+00:00", "symbol": "BTC-USD"}, {"trade_id": 847574838, "side": "buy", "size": "0.00110115", "price": "117794.72000000", "time": "2025-07-11T15:19:39.792836Z", "fetched_at": "2025-07-11T15:20:51.572030+00:00", "symbol": "BTC-USD"}, {"trade_id": 847574837, "side": "buy", "size": "0.00330286", "price": "117794.72000000", "time": "2025-07-11T15:19:39.792836Z", "fetched_at": "2025-07-11T15:20:51.572030+00:00", "symbol": "BTC-USD"}, {"trade_id": 847574836, "side": "buy", "size": "0.00097015", "price": "117794.72000000", "time": "2025-07-11T15:19:38.474299Z", "fetched_at": "2025-07-11T15:20:51.572030+00:00", "symbol": "BTC-USD"}, {"trade_id": 847574835, "side": "buy", "size": "0.00017195", "price": "117794.72000000", "time": "2025-07-11T15:19:38.454416Z", "fetched_at": "2025-07-11T15:20:51.572030+00:00", "symbol": "BTC-USD"}, {"trade_id": 847574834, "side": "sell", "size": "0.00203417", "price": "117795.24000000", "time": "2025-07-11T15:19:37.806140Z", "fetched_at": "2025-07-11T15:20:51.572030+00:00", "symbol": "BTC-USD"}, {"trade_id": 847574833, "side": "sell", "size": "0.00006698", "price": "117789.94000000", "time": "2025-07-11T15:19:37.806140Z", "fetched_at": "2025-07-11T15:20:51.572030+00:00", "symbol": "BTC-USD"}, {"trade_id": 847574832, "side": "sell", "size": "0.00010076", "price": "117795.25000000", "time": "2025-07-11T15:19:37.005699Z", "fetched_at": "2025-07-11T15:20:51.572030+00:00", "symbol": "BTC-USD"}, {"trade_id": 847574831, "side": "sell", "size": "0.00006733", "price": "117789.94000000", "time": "2025-07-11T15:19:37.005699Z", "fetched_at": "2025-07-11T15:20:51.572030+00:00", "symbol": "BTC-USD"}, {"trade_id": 847574830, "side": "buy", "size": "0.00036548", "price": "117789.96000000", "time": "2025-07-11T15:19:36.835924Z", "fetched_at": "2025-07-11T15:20:51.572030+00:00", "symbol": "BTC-USD"}, {"trade_id": 847574829, "side": "buy", "size": "0.00012199", "price": "117790.05000000", "time": "2025-07-11T15:19:36.835924Z", "fetched_at": "2025-07-11T15:20:51.572030+00:00", "symbol": "BTC-USD"}, {"trade_id": 847574828, "side": "buy", "size": "0.00363631", "price": "117790.06000000", "time": "2025-07-11T15:19:36.835924Z", "fetched_at": "2025-07-11T15:20:51.572030+00:00", "symbol": "BTC-USD"}, {"trade_id": 847574827, "side": "buy", "size": "0.00848964", "price": "117790.57000000", "time": "2025-07-11T15:19:36.835924Z", "fetched_at": "2025-07-11T15:20:51.572030+00:00", "symbol": "BTC-USD"}, {"trade_id": 847574826, "side": "buy", "size": "0.01801488", "price": "117791.45000000", "time": "2025-07-11T15:19:36.835924Z", "fetched_at": "2025-07-11T15:20:51.572030+00:00", "symbol": "BTC-USD"}, {"trade_id": 847574825, "side": "buy", "size": "0.11116732", "price": "117791.78000000", "time": "2025-07-11T15:19:36.835924Z", "fetched_at": "2025-07-11T15:20:51.572030+00:00", "symbol": "BTC-USD"}, {"trade_id": 847574824, "side": "buy", "size": "0.01000000", "price": "117791.79000000", "time": "2025-07-11T15:19:36.835924Z", "fetched_at": "2025-07-11T15:20:51.572030+00:00", "symbol": "BTC-USD"}, {"trade_id": 847574823, "side": "buy", "size": "0.00848900", "price": "117791.80000000", "time": "2025-07-11T15:19:36.835924Z", "fetched_at": "2025-07-11T15:20:51.572030+00:00", "symbol": "BTC-USD"}, {"trade_id": 847574822, "side": "buy", "size": "0.00946734", "price": "117791.82000000", "time": "2025-07-11T15:19:36.835924Z", "fetched_at": "2025-07-11T15:20:51.572030+00:00", "symbol": "BTC-USD"}, {"trade_id": 847574821, "side": "buy", "size": "0.00679051", "price": "117795.24000000", "time": "2025-07-11T15:19:36.835924Z", "fetched_at": "2025-07-11T15:20:51.572030+00:00", "symbol": "BTC-USD"}, {"trade_id": 847574820, "side": "sell", "size": "0.00293055", "price": "117795.25000000", "time": "2025-07-11T15:19:36.639403Z", "fetched_at": "2025-07-11T15:20:51.572030+00:00", "symbol": "BTC-USD"}, {"trade_id": 847574819, "side": "sell", "size": "0.00006733", "price": "117791.78000000", "time": "2025-07-11T15:19:36.639403Z", "fetched_at": "2025-07-11T15:20:51.572030+00:00", "symbol": "BTC-USD"}, {"trade_id": 847574818, "side": "sell", "size": "0.00000212", "price": "117791.78000000", "time": "2025-07-11T15:19:36.639403Z", "fetched_at": "2025-07-11T15:20:51.572030+00:00", "symbol": "BTC-USD"}, {"trade_id": 847574817, "side": "sell", "size": "0.00000914", "price": "117791.78000000", "time": "2025-07-11T15:19:36.594854Z", "fetched_at": "2025-07-11T15:20:51.572030+00:00", "symbol": "BTC-USD"}, {"trade_id": 847574816, "side": "sell", "size": "0.00892635", "price": "117795.24000000", "time": "2025-07-11T15:19:35.999960Z", "fetched_at": "2025-07-11T15:20:51.572030+00:00", "symbol": "BTC-USD"}, {"trade_id": 847574815, "side": "sell", "size": "0.00001034", "price": "117790.06000000", "time": "2025-07-11T15:19:35.999960Z", "fetched_at": "2025-07-11T15:20:51.572030+00:00", "symbol": "BTC-USD"}, {"trade_id": 847574814, "side": "sell", "size": "0.00006331", "price": "117790.06000000", "time": "2025-07-11T15:19:35.999960Z", "fetched_at": "2025-07-11T15:20:51.572030+00:00", "symbol": "BTC-USD"}, {"trade_id": 847574813, "side": "buy", "size": "0.00000068", "price": "117790.05000000", "time": "2025-07-11T15:19:35.852900Z", "fetched_at": "2025-07-11T15:20:51.572030+00:00", "symbol": "BTC-USD"}, {"trade_id": 847574812, "side": "sell", "size": "0.00158646", "price": "117790.06000000", "time": "2025-07-11T15:19:35.096378Z", "fetched_at": "2025-07-11T15:20:51.572030+00:00", "symbol": "BTC-USD"}, {"trade_id": 847574811, "side": "sell", "size": "0.00006349", "price": "117789.97000000", "time": "2025-07-11T15:19:35.096378Z", "fetched_at": "2025-07-11T15:20:51.572030+00:00", "symbol": "BTC-USD"}, {"trade_id": 847574810, "side": "sell", "size": "0.00414526", "price": "117792.23000000", "time": "2025-07-11T15:19:34.574884Z", "fetched_at": "2025-07-11T15:20:51.572030+00:00", "symbol": "BTC-USD"}, {"trade_id": 847574809, "side": "sell", "size": "0.00006783", "price": "117789.95000000", "time": "2025-07-11T15:19:34.574884Z", "fetched_at": "2025-07-11T15:20:51.572030+00:00", "symbol": "BTC-USD"}, {"trade_id": 847574808, "side": "sell", "size": "0.00001375", "price": "117795.25000000", "time": "2025-07-11T15:19:34.470293Z", "fetched_at": "2025-07-11T15:20:51.572030+00:00", "symbol": "BTC-USD"}, {"trade_id": 847574807, "side": "sell", "size": "0.00006819", "price": "117789.95000000", "time": "2025-07-11T15:19:34.470293Z", "fetched_at": "2025-07-11T15:20:51.572030+00:00", "symbol": "BTC-USD"}, {"trade_id": 847574806, "side": "sell", "size": "0.01607612", "price": "117795.25000000", "time": "2025-07-11T15:19:34.147414Z", "fetched_at": "2025-07-11T15:20:51.572030+00:00", "symbol": "BTC-USD"}, {"trade_id": 847574805, "side": "sell", "size": "0.00848931", "price": "117795.11000000", "time": "2025-07-11T15:19:34.147414Z", "fetched_at": "2025-07-11T15:20:51.572030+00:00", "symbol": "BTC-USD"}, {"trade_id": 847574804, "side": "sell", "size": "0.02984510", "price": "117794.28000000", "time": "2025-07-11T15:19:34.147414Z", "fetched_at": "2025-07-11T15:20:51.572030+00:00", "symbol": "BTC-USD"}, {"trade_id": 847574803, "side": "sell", "size": "0.01000000", "price": "117794.27000000", "time": "2025-07-11T15:19:34.147414Z", "fetched_at": "2025-07-11T15:20:51.572030+00:00", "symbol": "BTC-USD"}, {"trade_id": 847574802, "side": "sell", "size": "0.01801500", "price": "117790.68000000", "time": "2025-07-11T15:19:34.147414Z", "fetched_at": "2025-07-11T15:20:51.572030+00:00", "symbol": "BTC-USD"}, {"trade_id": 847574801, "side": "sell", "size": "0.00000359", "price": "117789.94000000", "time": "2025-07-11T15:19:34.147414Z", "fetched_at": "2025-07-11T15:20:51.572030+00:00", "symbol": "BTC-USD"}, {"trade_id": 847574800, "side": "sell", "size": "0.00006820", "price": "117789.94000000", "time": "2025-07-11T15:19:34.147414Z", "fetched_at": "2025-07-11T15:20:51.572030+00:00", "symbol": "BTC-USD"}