[{"trade_id": 847628908, "side": "sell", "size": "0.00000187", "price": "117431.46000000", "time": "2025-07-11T16:39:31.994412Z", "fetched_at": "2025-07-11T16:39:34.290737+00:00", "symbol": "BTC-USD"}, {"trade_id": 847628907, "side": "buy", "size": "0.03405919", "price": "117430.45000000", "time": "2025-07-11T16:39:31.630118Z", "fetched_at": "2025-07-11T16:39:34.290737+00:00", "symbol": "BTC-USD"}, {"trade_id": 847628906, "side": "sell", "size": "0.01981454", "price": "117438.62000000", "time": "2025-07-11T16:39:31.453285Z", "fetched_at": "2025-07-11T16:39:34.290737+00:00", "symbol": "BTC-USD"}, {"trade_id": 847628905, "side": "sell", "size": "0.00171895", "price": "117438.62000000", "time": "2025-07-11T16:39:31.453285Z", "fetched_at": "2025-07-11T16:39:34.290737+00:00", "symbol": "BTC-USD"}, {"trade_id": 847628904, "side": "buy", "size": "0.00935379", "price": "117438.62000000", "time": "2025-07-11T16:39:31.421600Z", "fetched_at": "2025-07-11T16:39:34.290737+00:00", "symbol": "BTC-USD"}, {"trade_id": 847628903, "side": "buy", "size": "0.00425754", "price": "117439.00000000", "time": "2025-07-11T16:39:31.396823Z", "fetched_at": "2025-07-11T16:39:34.290737+00:00", "symbol": "BTC-USD"}, {"trade_id": 847628902, "side": "buy", "size": "0.00127470", "price": "117439.00000000", "time": "2025-07-11T16:39:31.396823Z", "fetched_at": "2025-07-11T16:39:34.290737+00:00", "symbol": "BTC-USD"}, {"trade_id": 847628901, "side": "buy", "size": "0.00254949", "price": "117439.00000000", "time": "2025-07-11T16:39:31.396823Z", "fetched_at": "2025-07-11T16:39:34.290737+00:00", "symbol": "BTC-USD"}, {"trade_id": 847628900, "side": "buy", "size": "0.00509890", "price": "117439.00000000", "time": "2025-07-11T16:39:31.396823Z", "fetched_at": "2025-07-11T16:39:34.290737+00:00", "symbol": "BTC-USD"}, {"trade_id": 847628899, "side": "buy", "size": "0.00032229", "price": "117439.00000000", "time": "2025-07-11T16:39:31.396823Z", "fetched_at": "2025-07-11T16:39:34.290737+00:00", "symbol": "BTC-USD"}, {"trade_id": 847628898, "side": "buy", "size": "0.01050586", "price": "117439.15000000", "time": "2025-07-11T16:39:31.396823Z", "fetched_at": "2025-07-11T16:39:34.290737+00:00", "symbol": "BTC-USD"}, {"trade_id": 847628897, "side": "buy", "size": "0.03549414", "price": "117439.15000000", "time": "2025-07-11T16:39:31.391982Z", "fetched_at": "2025-07-11T16:39:34.290737+00:00", "symbol": "BTC-USD"}, {"trade_id": 847628896, "side": "buy", "size": "0.00031871", "price": "117440.51000000", "time": "2025-07-11T16:39:31.369986Z", "fetched_at": "2025-07-11T16:39:34.290737+00:00", "symbol": "BTC-USD"}, {"trade_id": 847628895, "side": "buy", "size": "0.00298000", "price": "117441.44000000", "time": "2025-07-11T16:39:31.364822Z", "fetched_at": "2025-07-11T16:39:34.290737+00:00", "symbol": "BTC-USD"}, {"trade_id": 847628894, "side": "buy", "size": "0.00383000", "price": "117441.44000000", "time": "2025-07-11T16:39:31.364795Z", "fetched_at": "2025-07-11T16:39:34.290737+00:00", "symbol": "BTC-USD"}, {"trade_id": 847628893, "side": "buy", "size": "0.01459535", "price": "117441.44000000", "time": "2025-07-11T16:39:31.361564Z", "fetched_at": "2025-07-11T16:39:34.290737+00:00", "symbol": "BTC-USD"}, {"trade_id": 847628892, "side": "buy", "size": "0.01191118", "price": "117441.44000000", "time": "2025-07-11T16:39:31.361541Z", "fetched_at": "2025-07-11T16:39:34.290737+00:00", "symbol": "BTC-USD"}, {"trade_id": 847628891, "side": "buy", "size": "0.00509733", "price": "117441.78000000", "time": "2025-07-11T16:39:31.361541Z", "fetched_at": "2025-07-11T16:39:34.290737+00:00", "symbol": "BTC-USD"}, {"trade_id": 847628890, "side": "buy", "size": "0.00063716", "price": "117442.60000000", "time": "2025-07-11T16:39:31.357268Z", "fetched_at": "2025-07-11T16:39:34.290737+00:00", "symbol": "BTC-USD"}, {"trade_id": 847628889, "side": "buy", "size": "0.06200000", "price": "117443.21000000", "time": "2025-07-11T16:39:31.357268Z", "fetched_at": "2025-07-11T16:39:34.290737+00:00", "symbol": "BTC-USD"}, {"trade_id": 847628888, "side": "buy", "size": "0.00425736", "price": "117443.26000000", "time": "2025-07-11T16:39:31.357268Z", "fetched_at": "2025-07-11T16:39:34.290737+00:00", "symbol": "BTC-USD"}, {"trade_id": 847628887, "side": "buy", "size": "0.00004563", "price": "117445.14000000", "time": "2025-07-11T16:39:31.357268Z", "fetched_at": "2025-07-11T16:39:34.290737+00:00", "symbol": "BTC-USD"}, {"trade_id": 847628886, "side": "buy", "size": "0.00609305", "price": "117445.14000000", "time": "2025-07-11T16:39:31.357268Z", "fetched_at": "2025-07-11T16:39:34.290737+00:00", "symbol": "BTC-USD"}, {"trade_id": 847628885, "side": "buy", "size": "0.00001260", "price": "117445.14000000", "time": "2025-07-11T16:39:31.357268Z", "fetched_at": "2025-07-11T16:39:34.290737+00:00", "symbol": "BTC-USD"}, {"trade_id": 847628884, "side": "buy", "size": "0.18214074", "price": "117447.00000000", "time": "2025-07-11T16:39:31.352388Z", "fetched_at": "2025-07-11T16:39:34.290737+00:00", "symbol": "BTC-USD"}, {"trade_id": 847628883, "side": "buy", "size": "0.44727754", "price": "117447.00000000", "time": "2025-07-11T16:39:31.352367Z", "fetched_at": "2025-07-11T16:39:34.290737+00:00", "symbol": "BTC-USD"}, {"trade_id": 847628882, "side": "buy", "size": "0.06300580", "price": "117447.00000000", "time": "2025-07-11T16:39:31.352300Z", "fetched_at": "2025-07-11T16:39:34.290737+00:00", "symbol": "BTC-USD"}, {"trade_id": 847628881, "side": "buy", "size": "0.02609633", "price": "117447.00000000", "time": "2025-07-11T16:39:31.352248Z", "fetched_at": "2025-07-11T16:39:34.290737+00:00", "symbol": "BTC-USD"}, {"trade_id": 847628880, "side": "buy", "size": "0.36715595", "price": "117447.00000000", "time": "2025-07-11T16:39:31.352187Z", "fetched_at": "2025-07-11T16:39:34.290737+00:00", "symbol": "BTC-USD"}, {"trade_id": 847628879, "side": "buy", "size": "0.30486730", "price": "117447.00000000", "time": "2025-07-11T16:39:31.352173Z", "fetched_at": "2025-07-11T16:39:34.290737+00:00", "symbol": "BTC-USD"}, {"trade_id": 847628878, "side": "buy", "size": "0.07281128", "price": "117447.00000000", "time": "2025-07-11T16:39:31.351685Z", "fetched_at": "2025-07-11T16:39:34.290737+00:00", "symbol": "BTC-USD"}, {"trade_id": 847628877, "side": "buy", "size": "0.01515071", "price": "117447.00000000", "time": "2025-07-11T16:39:31.351076Z", "fetched_at": "2025-07-11T16:39:34.290737+00:00", "symbol": "BTC-USD"}, {"trade_id": 847628876, "side": "buy", "size": "0.01017571", "price": "117447.00000000", "time": "2025-07-11T16:39:31.350791Z", "fetched_at": "2025-07-11T16:39:34.290737+00:00", "symbol": "BTC-USD"}, {"trade_id": 847628875, "side": "buy", "size": "0.01915665", "price": "117447.00000000", "time": "2025-07-11T16:39:31.350775Z", "fetched_at": "2025-07-11T16:39:34.290737+00:00", "symbol": "BTC-USD"}, {"trade_id": 847628874, "side": "buy", "size": "0.02481194", "price": "117447.00000000", "time": "2025-07-11T16:39:31.349972Z", "fetched_at": "2025-07-11T16:39:34.290737+00:00", "symbol": "BTC-USD"}, {"trade_id": 847628873, "side": "buy", "size": "0.00074663", "price": "117447.01000000", "time": "2025-07-11T16:39:31.349972Z", "fetched_at": "2025-07-11T16:39:34.290737+00:00", "symbol": "BTC-USD"}, {"trade_id": 847628872, "side": "buy", "size": "0.00149318", "price": "117447.01000000", "time": "2025-07-11T16:39:31.349972Z", "fetched_at": "2025-07-11T16:39:34.290737+00:00", "symbol": "BTC-USD"}, {"trade_id": 847628871, "side": "buy", "size": "0.03331333", "price": "117447.85000000", "time": "2025-07-11T16:39:31.349972Z", "fetched_at": "2025-07-11T16:39:34.290737+00:00", "symbol": "BTC-USD"}, {"trade_id": 847628870, "side": "buy", "size": "0.00008029", "price": "117447.86000000", "time": "2025-07-11T16:39:31.349972Z", "fetched_at": "2025-07-11T16:39:34.290737+00:00", "symbol": "BTC-USD"}, {"trade_id": 847628869, "side": "buy", "size": "0.00004586", "price": "117447.85000000", "time": "2025-07-11T16:39:31.288621Z", "fetched_at": "2025-07-11T16:39:34.290737+00:00", "symbol": "BTC-USD"}, {"trade_id": 847628868, "side": "buy", "size": "0.01164081", "price": "117447.85000000", "time": "2025-07-11T16:39:31.114333Z", "fetched_at": "2025-07-11T16:39:34.290737+00:00", "symbol": "BTC-USD"}, {"trade_id": 847628867, "side": "buy", "size": "0.00084122", "price": "117447.87000000", "time": "2025-07-11T16:39:31.114333Z", "fetched_at": "2025-07-11T16:39:34.290737+00:00", "symbol": "BTC-USD"}, {"trade_id": 847628866, "side": "buy", "size": "0.00251771", "price": "117447.87000000", "time": "2025-07-11T16:39:31.114333Z", "fetched_at": "2025-07-11T16:39:34.290737+00:00", "symbol": "BTC-USD"}, {"trade_id": 847628865, "side": "buy", "size": "0.02800000", "price": "117447.87000000", "time": "2025-07-11T16:39:31.114333Z", "fetched_at": "2025-07-11T16:39:34.290737+00:00", "symbol": "BTC-USD"}, {"trade_id": 847628864, "side": "sell", "size": "0.00042150", "price": "117447.88000000", "time": "2025-07-11T16:39:30.899310Z", "fetched_at": "2025-07-11T16:39:34.290737+00:00", "symbol": "BTC-USD"}, {"trade_id": 847628863, "side": "sell", "size": "0.00282680", "price": "117447.88000000", "time": "2025-07-11T16:39:30.825538Z", "fetched_at": "2025-07-11T16:39:34.290737+00:00", "symbol": "BTC-USD"}, {"trade_id": 847628862, "side": "sell", "size": "0.00008075", "price": "117447.88000000", "time": "2025-07-11T16:39:30.543583Z", "fetched_at": "2025-07-11T16:39:34.290737+00:00", "symbol": "BTC-USD"}, {"trade_id": 847628861, "side": "sell", "size": "0.00323059", "price": "117447.88000000", "time": "2025-07-11T16:39:30.405157Z", "fetched_at": "2025-07-11T16:39:34.290737+00:00", "symbol": "BTC-USD"}, {"trade_id": 847628860, "side": "sell", "size": "0.00061601", "price": "117447.88000000", "time": "2025-07-11T16:39:30.097352Z", "fetched_at": "2025-07-11T16:39:34.290737+00:00", "symbol": "BTC-USD"}, {"trade_id": 847628859, "side": "sell", "size": "0.00248244", "price": "117447.88000000", "time": "2025-07-11T16:39:30.016749Z", "fetched_at": "2025-07-11T16:39:34.290737+00:00", "symbol": "BTC-USD"}, {"trade_id": 847628858, "side": "buy", "size": "0.00754816", "price": "117451.11000000", "time": "2025-07-11T16:39:29.555538Z", "fetched_at": "2025-07-11T16:39:34.290737+00:00", "symbol": "BTC-USD"}, {"trade_id": 847628857, "side": "buy", "size": "0.00008029", "price": "117451.11000000", "time": "2025-07-11T16:39:29.555538Z", "fetched_at": "2025-07-11T16:39:34.290737+00:00", "symbol": "BTC-USD"}, {"trade_id": 847628856, "side": "buy", "size": "0.00037326", "price": "117451.11000000", "time": "2025-07-11T16:39:29.555538Z", "fetched_at": "2025-07-11T16:39:34.290737+00:00", "symbol": "BTC-USD"}, {"trade_id": 847628855, "side": "sell", "size": "0.00052443", "price": "117451.12000000", "time": "2025-07-11T16:39:29.069736Z", "fetched_at": "2025-07-11T16:39:34.290737+00:00", "symbol": "BTC-USD"}, {"trade_id": 847628854, "side": "sell", "size": "0.00023004", "price": "117451.12000000", "time": "2025-07-11T16:39:28.753130Z", "fetched_at": "2025-07-11T16:39:34.290737+00:00", "symbol": "BTC-USD"}, {"trade_id": 847628853, "side": "sell", "size": "0.00080766", "price": "117451.12000000", "time": "2025-07-11T16:39:28.667851Z", "fetched_at": "2025-07-11T16:39:34.290737+00:00", "symbol": "BTC-USD"}, {"trade_id": 847628852, "side": "buy", "size": "0.00005000", "price": "117451.11000000", "time": "2025-07-11T16:39:28.640204Z", "fetched_at": "2025-07-11T16:39:34.290737+00:00", "symbol": "BTC-USD"}, {"trade_id": 847628851, "side": "sell", "size": "0.00082748", "price": "117451.12000000", "time": "2025-07-11T16:39:27.968697Z", "fetched_at": "2025-07-11T16:39:34.290737+00:00", "symbol": "BTC-USD"}, {"trade_id": 847628850, "side": "buy", "size": "0.00102339", "price": "117451.11000000", "time": "2025-07-11T16:39:27.741737Z", "fetched_at": "2025-07-11T16:39:34.290737+00:00", "symbol": "BTC-USD"}, {"trade_id": 847628849, "side": "sell", "size": "0.00000913", "price": "117451.12000000", "time": "2025-07-11T16:39:27.656176Z", "fetched_at": "2025-07-11T16:39:34.290737+00:00", "symbol": "BTC-USD"}, {"trade_id": 847628848, "side": "sell", "size": "0.00427709", "price": "117451.12000000", "time": "2025-07-11T16:39:26.671608Z", "fetched_at": "2025-07-11T16:39:34.290737+00:00", "symbol": "BTC-USD"}, {"trade_id": 847628847, "side": "sell", "size": "0.00000195", "price": "117449.53000000", "time": "2025-07-11T16:39:26.671608Z", "fetched_at": "2025-07-11T16:39:34.290737+00:00", "symbol": "BTC-USD"}, {"trade_id": 847628846, "side": "sell", "size": "0.00000594", "price": "117449.53000000", "time": "2025-07-11T16:39:26.671608Z", "fetched_at": "2025-07-11T16:39:34.290737+00:00", "symbol": "BTC-USD"}, {"trade_id": 847628845, "side": "sell", "size": "0.00001033", "price": "117449.52000000", "time": "2025-07-11T16:39:26.671608Z", "fetched_at": "2025-07-11T16:39:34.290737+00:00", "symbol": "BTC-USD"}, {"trade_id": 847628844, "side": "sell", "size": "0.16986781", "price": "117447.02000000", "time": "2025-07-11T16:39:26.667932Z", "fetched_at": "2025-07-11T16:39:34.290737+00:00", "symbol": "BTC-USD"}, {"trade_id": 847628843, "side": "sell", "size": "0.02259098", "price": "117447.02000000", "time": "2025-07-11T16:39:26.666740Z", "fetched_at": "2025-07-11T16:39:34.290737+00:00", "symbol": "BTC-USD"}, {"trade_id": 847628842, "side": "sell", "size": "0.00325965", "price": "117447.02000000", "time": "2025-07-11T16:39:26.666683Z", "fetched_at": "2025-07-11T16:39:34.290737+00:00", "symbol": "BTC-USD"}, {"trade_id": 847628841, "side": "sell", "size": "0.00019583", "price": "117447.02000000", "time": "2025-07-11T16:39:26.579818Z", "fetched_at": "2025-07-11T16:39:34.290737+00:00", "symbol": "BTC-USD"}, {"trade_id": 847628840, "side": "sell", "size": "0.00082742", "price": "117447.02000000", "time": "2025-07-11T16:39:26.120048Z", "fetched_at": "2025-07-11T16:39:34.290737+00:00", "symbol": "BTC-USD"}, {"trade_id": 847628839, "side": "buy", "size": "0.06461417", "price": "117447.00000000", "time": "2025-07-11T16:39:25.042816Z", "fetched_at": "2025-07-11T16:39:34.290737+00:00", "symbol": "BTC-USD"}, {"trade_id": 847628838, "side": "buy", "size": "0.00008029", "price": "117447.01000000", "time": "2025-07-11T16:39:25.042816Z", "fetched_at": "2025-07-11T16:39:34.290737+00:00", "symbol": "BTC-USD"}, {"trade_id": 847628837, "side": "buy", "size": "0.00298628", "price": "117447.01000000", "time": "2025-07-11T16:39:25.042816Z", "fetched_at": "2025-07-11T16:39:34.290737+00:00", "symbol": "BTC-USD"}, {"trade_id": 847628836, "side": "buy", "size": "0.00465143", "price": "117447.01000000", "time": "2025-07-11T16:39:25.042816Z", "fetched_at": "2025-07-11T16:39:34.290737+00:00", "symbol": "BTC-USD"}, {"trade_id": 847628835, "side": "buy", "size": "0.00132122", "price": "117447.01000000", "time": "2025-07-11T16:39:24.958636Z", "fetched_at": "2025-07-11T16:39:34.290737+00:00", "symbol": "BTC-USD"}, {"trade_id": 847628834, "side": "buy", "size": "0.00008029", "price": "117447.01000000", "time": "2025-07-11T16:39:24.958636Z", "fetched_at": "2025-07-11T16:39:34.290737+00:00", "symbol": "BTC-USD"}, {"trade_id": 847628833, "side": "buy", "size": "0.00031852", "price": "117447.01000000", "time": "2025-07-11T16:39:24.958636Z", "fetched_at": "2025-07-11T16:39:34.290737+00:00", "symbol": "BTC-USD"}, {"trade_id": 847628832, "side": "sell", "size": "0.00000993", "price": "117447.02000000", "time": "2025-07-11T16:39:24.661292Z", "fetched_at": "2025-07-11T16:39:34.290737+00:00", "symbol": "BTC-USD"}, {"trade_id": 847628831, "side": "sell", "size": "0.00003071", "price": "117447.02000000", "time": "2025-07-11T16:39:24.418597Z", "fetched_at": "2025-07-11T16:39:34.290737+00:00", "symbol": "BTC-USD"}, {"trade_id": 847628830, "side": "sell", "size": "0.00082748", "price": "117447.02000000", "time": "2025-07-11T16:39:24.322508Z", "fetched_at": "2025-07-11T16:39:34.290737+00:00", "symbol": "BTC-USD"}, {"trade_id": 847628829, "side": "sell", "size": "0.00165496", "price": "117447.02000000", "time": "2025-07-11T16:39:24.236398Z", "fetched_at": "2025-07-11T16:39:34.290737+00:00", "symbol": "BTC-USD"}, {"trade_id": 847628828, "side": "sell", "size": "0.00000235", "price": "117447.02000000", "time": "2025-07-11T16:39:24.167016Z", "fetched_at": "2025-07-11T16:39:34.290737+00:00", "symbol": "BTC-USD"}, {"trade_id": 847628827, "side": "sell", "size": "0.00400000", "price": "117447.02000000", "time": "2025-07-11T16:39:24.012722Z", "fetched_at": "2025-07-11T16:39:34.290737+00:00", "symbol": "BTC-USD"}, {"trade_id": 847628826, "side": "sell", "size": "0.00080767", "price": "117447.02000000", "time": "2025-07-11T16:39:23.813090Z", "fetched_at": "2025-07-11T16:39:34.290737+00:00", "symbol": "BTC-USD"}, {"trade_id": 847628825, "side": "sell", "size": "0.04138127", "price": "117447.02000000", "time": "2025-07-11T16:39:23.436991Z", "fetched_at": "2025-07-11T16:39:34.290737+00:00", "symbol": "BTC-USD"}, {"trade_id": 847628824, "side": "buy", "size": "0.00016658", "price": "117447.01000000", "time": "2025-07-11T16:39:23.295479Z", "fetched_at": "2025-07-11T16:39:34.290737+00:00", "symbol": "BTC-USD"}, {"trade_id": 847628823, "side": "buy", "size": "0.00002263", "price": "117447.01000000", "time": "2025-07-11T16:39:23.295479Z", "fetched_at": "2025-07-11T16:39:34.290737+00:00", "symbol": "BTC-USD"}, {"trade_id": 847628822, "side": "buy", "size": "0.00008029", "price": "117447.01000000", "time": "2025-07-11T16:39:23.295479Z", "fetched_at": "2025-07-11T16:39:34.290737+00:00", "symbol": "BTC-USD"}, {"trade_id": 847628821, "side": "sell", "size": "0.00420674", "price": "117447.02000000", "time": "2025-07-11T16:39:23.278892Z", "fetched_at": "2025-07-11T16:39:34.290737+00:00", "symbol": "BTC-USD"}, {"trade_id": 847628820, "side": "sell", "size": "0.00033720", "price": "117447.02000000", "time": "2025-07-11T16:39:22.977471Z", "fetched_at": "2025-07-11T16:39:34.290737+00:00", "symbol": "BTC-USD"}, {"trade_id": 847628819, "side": "sell", "size": "0.01000000", "price": "117442.61000000", "time": "2025-07-11T16:39:21.736551Z", "fetched_at": "2025-07-11T16:39:34.290737+00:00", "symbol": "BTC-USD"}, {"trade_id": 847628818, "side": "sell", "size": "0.00016549", "price": "117442.61000000", "time": "2025-07-11T16:39:21.593807Z", "fetched_at": "2025-07-11T16:39:34.290737+00:00", "symbol": "BTC-USD"}, {"trade_id": 847628817, "side": "buy", "size": "0.00256598", "price": "117442.60000000", "time": "2025-07-11T16:39:21.353137Z", "fetched_at": "2025-07-11T16:39:34.290737+00:00", "symbol": "BTC-USD"}, {"trade_id": 847628816, "side": "buy", "size": "0.00127432", "price": "117442.61000000", "time": "2025-07-11T16:39:21.353137Z", "fetched_at": "2025-07-11T16:39:34.290737+00:00", "symbol": "BTC-USD"}, {"trade_id": 847628815, "side": "buy", "size": "0.00254864", "price": "117442.61000000", "time": "2025-07-11T16:39:21.353137Z", "fetched_at": "2025-07-11T16:39:34.290737+00:00", "symbol": "BTC-USD"}, {"trade_id": 847628814, "side": "sell", "size": "0.00082748", "price": "117442.63000000", "time": "2025-07-11T16:39:19.542947Z", "fetched_at": "2025-07-11T16:39:34.290737+00:00", "symbol": "BTC-USD"}, {"trade_id": 847628813, "side": "buy", "size": "0.00096198", "price": "117442.60000000", "time": "2025-07-11T16:39:19.501026Z", "fetched_at": "2025-07-11T16:39:34.290737+00:00", "symbol": "BTC-USD"}, {"trade_id": 847628812, "side": "buy", "size": "0.00166459", "price": "117442.61000000", "time": "2025-07-11T16:39:19.501026Z", "fetched_at": "2025-07-11T16:39:34.290737+00:00", "symbol": "BTC-USD"}, {"trade_id": 847628811, "side": "buy", "size": "0.01001360", "price": "117442.57000000", "time": "2025-07-11T16:39:19.406391Z", "fetched_at": "2025-07-11T16:39:34.290737+00:00", "symbol": "BTC-USD"}, {"trade_id": 847628810, "side": "buy", "size": "0.00166458", "price": "117442.58000000", "time": "2025-07-11T16:39:19.406391Z", "fetched_at": "2025-07-11T16:39:34.290737+00:00", "symbol": "BTC-USD"}, {"trade_id": 847628809, "side": "buy", "size": "0.00083229", "price": "117442.58000000", "time": "2025-07-11T16:39:19.406391Z", "fetched_at": "2025-07-11T16:39:34.290737+00:00", "symbol": "BTC-USD"}, {"trade_id": 847628808, "side": "buy", "size": "0.00083229", "price": "117442.58000000", "time": "2025-07-11T16:39:19.406391Z", "fetched_at": "2025-07-11T16:39:34.290737+00:00", "symbol": "BTC-USD"}, {"trade_id": 847628807, "side": "sell", "size": "0.00206903", "price": "117440.54000000", "time": "2025-07-11T16:39:18.393738Z", "fetched_at": "2025-07-11T16:39:34.290737+00:00", "symbol": "BTC-USD"}, {"trade_id": 847628806, "side": "sell", "size": "0.00000892", "price": "117440.54000000", "time": "2025-07-11T16:39:18.168480Z", "fetched_at": "2025-07-11T16:39:34.290737+00:00", "symbol": "BTC-USD"}, {"trade_id": 847628805, "side": "sell", "size": "0.00007848", "price": "117440.54000000", "time": "2025-07-11T16:39:18.105562Z", "fetched_at": "2025-07-11T16:39:34.290737+00:00", "symbol": "BTC-USD"}, {"trade_id": 847628804, "side": "sell", "size": "0.00041374", "price": "117447.01000000", "time": "2025-07-11T16:39:17.253708Z", "fetched_at": "2025-07-11T16:39:34.290737+00:00", "symbol": "BTC-USD"}, {"trade_id": 847628803, "side": "sell", "size": "0.00000467", "price": "117446.74000000", "time": "2025-07-11T16:39:16.873779Z", "fetched_at": "2025-07-11T16:39:34.290737+00:00", "symbol": "BTC-USD"}, {"trade_id": 847628802, "side": "buy", "size": "0.27492721", "price": "117441.00000000", "time": "2025-07-11T16:39:16.859962Z", "fetched_at": "2025-07-11T16:39:34.290737+00:00", "symbol": "BTC-USD"}, {"trade_id": 847628801, "side": "buy", "size": "0.00063734", "price": "117441.15000000", "time": "2025-07-11T16:39:16.859962Z", "fetched_at": "2025-07-11T16:39:34.290737+00:00", "symbol": "BTC-USD"}, {"trade_id": 847628800, "side": "buy", "size": "0.00007049", "price": "117441.45000000", "time": "2025-07-11T16:39:16.859962Z", "fetched_at": "2025-07-11T16:39:34.290737+00:00", "symbol": "BTC-USD"}, {"trade_id": 847628799, "side": "buy", "size": "0.00665834", "price": "117441.45000000", "time": "2025-07-11T16:39:16.859962Z", "fetched_at": "2025-07-11T16:39:34.290737+00:00", "symbol": "BTC-USD"}, {"trade_id": 847628798, "side": "buy", "size": "0.00034000", "price": "117444.45000000", "time": "2025-07-11T16:39:16.859962Z", "fetched_at": "2025-07-11T16:39:34.290737+00:00", "symbol": "BTC-USD"}, {"trade_id": 847628797, "side": "buy", "size": "0.00007670", "price": "117441.44000000", "time": "2025-07-11T16:39:16.817836Z", "fetched_at": "2025-07-11T16:39:34.290737+00:00", "symbol": "BTC-USD"}, {"trade_id": 847628796, "side": "sell", "size": "0.00123867", "price": "117449.54000000", "time": "2025-07-11T16:39:16.148605Z", "fetched_at": "2025-07-11T16:39:34.290737+00:00", "symbol": "BTC-USD"}, {"trade_id": 847628795, "side": "sell", "size": "0.00005241", "price": "117445.65000000", "time": "2025-07-11T16:39:16.148605Z", "fetched_at": "2025-07-11T16:39:34.290737+00:00", "symbol": "BTC-USD"}, {"trade_id": 847628794, "side": "sell", "size": "0.00034637", "price": "117444.46000000", "time": "2025-07-11T16:39:16.148605Z", "fetched_at": "2025-07-11T16:39:34.290737+00:00", "symbol": "BTC-USD"}, {"trade_id": 847628793, "side": "sell", "size": "0.00851473", "price": "117443.53000000", "time": "2025-07-11T16:39:16.148605Z", "fetched_at": "2025-07-11T16:39:34.290737+00:00", "symbol": "BTC-USD"}, {"trade_id": 847628792, "side": "sell", "size": "0.01472509", "price": "117441.45000000", "time": "2025-07-11T16:39:16.148605Z", "fetched_at": "2025-07-11T16:39:34.290737+00:00", "symbol": "BTC-USD"}, {"trade_id": 847628791, "side": "sell", "size": "0.00499945", "price": "117440.81000000", "time": "2025-07-11T16:39:16.148605Z", "fetched_at": "2025-07-11T16:39:34.290737+00:00", "symbol": "BTC-USD"}, {"trade_id": 847628790, "side": "sell", "size": "0.00499955", "price": "117440.70000000", "time": "2025-07-11T16:39:16.148605Z", "fetched_at": "2025-07-11T16:39:34.290737+00:00", "symbol": "BTC-USD"}, {"trade_id": 847628789, "side": "sell", "size": "0.01806895", "price": "117439.03000000", "time": "2025-07-11T16:39:16.148605Z", "fetched_at": "2025-07-11T16:39:34.290737+00:00", "symbol": "BTC-USD"}, {"trade_id": 847628788, "side": "sell", "size": "0.00003101", "price": "117439.01000000", "time": "2025-07-11T16:39:16.148605Z", "fetched_at": "2025-07-11T16:39:34.290737+00:00", "symbol": "BTC-USD"}, {"trade_id": 847628787, "side": "sell", "size": "0.00001992", "price": "117439.01000000", "time": "2025-07-11T16:39:16.148605Z", "fetched_at": "2025-07-11T16:39:34.290737+00:00", "symbol": "BTC-USD"}, {"trade_id": 847628786, "side": "sell", "size": "0.00000638", "price": "117439.01000000", "time": "2025-07-11T16:39:16.148605Z", "fetched_at": "2025-07-11T16:39:34.290737+00:00", "symbol": "BTC-USD"}, {"trade_id": 847628785, "side": "sell", "size": "0.02919934", "price": "117439.01000000", "time": "2025-07-11T16:39:16.148605Z", "fetched_at": "2025-07-11T16:39:34.290737+00:00", "symbol": "BTC-USD"}, {"trade_id": 847628784, "side": "sell", "size": "0.04199936", "price": "117439.01000000", "time": "2025-07-11T16:39:16.148605Z", "fetched_at": "2025-07-11T16:39:34.290737+00:00", "symbol": "BTC-USD"}, {"trade_id": 847628783, "side": "sell", "size": "0.00123003", "price": "117439.01000000", "time": "2025-07-11T16:39:15.917122Z", "fetched_at": "2025-07-11T16:39:34.290737+00:00", "symbol": "BTC-USD"}, {"trade_id": 847628782, "side": "sell", "size": "0.00016154", "price": "117439.01000000", "time": "2025-07-11T16:39:15.889343Z", "fetched_at": "2025-07-11T16:39:34.290737+00:00", "symbol": "BTC-USD"}, {"trade_id": 847628781, "side": "sell", "size": "0.00201913", "price": "117439.01000000", "time": "2025-07-11T16:39:15.643658Z", "fetched_at": "2025-07-11T16:39:34.290737+00:00", "symbol": "BTC-USD"}, {"trade_id": 847628780, "side": "sell", "size": "0.10117391", "price": "117439.01000000", "time": "2025-07-11T16:39:15.469883Z", "fetched_at": "2025-07-11T16:39:34.290737+00:00", "symbol": "BTC-USD"}, {"trade_id": 847628779, "side": "sell", "size": "0.00000664", "price": "117439.01000000", "time": "2025-07-11T16:39:15.469883Z", "fetched_at": "2025-07-11T16:39:34.290737+00:00", "symbol": "BTC-USD"}, {"trade_id": 847628778, "side": "sell", "size": "0.00000212", "price": "117439.01000000", "time": "2025-07-11T16:39:15.469883Z", "fetched_at": "2025-07-11T16:39:34.290737+00:00", "symbol": "BTC-USD"}, {"trade_id": 847628777, "side": "sell", "size": "0.00001033", "price": "117439.01000000", "time": "2025-07-11T16:39:15.469883Z", "fetched_at": "2025-07-11T16:39:34.290737+00:00", "symbol": "BTC-USD"}, {"trade_id": 847628776, "side": "sell", "size": "0.06849972", "price": "117439.01000000", "time": "2025-07-11T16:39:15.469883Z", "fetched_at": "2025-07-11T16:39:34.290737+00:00", "symbol": "BTC-USD"}, {"trade_id": 847628775, "side": "sell", "size": "0.00008430", "price": "117439.01000000", "time": "2025-07-11T16:39:15.081952Z", "fetched_at": "2025-07-11T16:39:34.290737+00:00", "symbol": "BTC-USD"}, {"trade_id": 847628774, "side": "sell", "size": "0.00032303", "price": "117439.01000000", "time": "2025-07-11T16:39:15.040970Z", "fetched_at": "2025-07-11T16:39:34.290737+00:00", "symbol": "BTC-USD"}, {"trade_id": 847628773, "side": "sell", "size": "0.00016548", "price": "117439.01000000", "time": "2025-07-11T16:39:14.491464Z", "fetched_at": "2025-07-11T16:39:34.290737+00:00", "symbol": "BTC-USD"}, {"trade_id": 847628772, "side": "sell", "size": "0.00020690", "price": "117439.01000000", "time": "2025-07-11T16:39:14.380772Z", "fetched_at": "2025-07-11T16:39:34.290737+00:00", "symbol": "BTC-USD"}, {"trade_id": 847628771, "side": "sell", "size": "0.00025698", "price": "117439.01000000", "time": "2025-07-11T16:39:14.151966Z", "fetched_at": "2025-07-11T16:39:34.290737+00:00", "symbol": "BTC-USD"}, {"trade_id": 847628770, "side": "sell", "size": "0.00123986", "price": "117439.01000000", "time": "2025-07-11T16:39:13.993263Z", "fetched_at": "2025-07-11T16:39:34.290737+00:00", "symbol": "BTC-USD"}, {"trade_id": 847628769, "side": "sell", "size": "0.00322837", "price": "117439.01000000", "time": "2025-07-11T16:39:13.563924Z", "fetched_at": "2025-07-11T16:39:34.290737+00:00", "symbol": "BTC-USD"}, {"trade_id": 847628768, "side": "sell", "size": "0.00008076", "price": "117439.01000000", "time": "2025-07-11T16:39:13.557191Z", "fetched_at": "2025-07-11T16:39:34.290737+00:00", "symbol": "BTC-USD"}, {"trade_id": 847628767, "side": "buy", "size": "0.00004306", "price": "117439.00000000", "time": "2025-07-11T16:39:13.130942Z", "fetched_at": "2025-07-11T16:39:34.290737+00:00", "symbol": "BTC-USD"}, {"trade_id": 847628766, "side": "sell", "size": "0.00004910", "price": "117439.01000000", "time": "2025-07-11T16:39:12.635219Z", "fetched_at": "2025-07-11T16:39:34.290737+00:00", "symbol": "BTC-USD"}, {"trade_id": 847628765, "side": "buy", "size": "0.00231477", "price": "117439.00000000", "time": "2025-07-11T16:39:12.617897Z", "fetched_at": "2025-07-11T16:39:34.290737+00:00", "symbol": "BTC-USD"}, {"trade_id": 847628764, "side": "buy", "size": "0.01044524", "price": "117439.00000000", "time": "2025-07-11T16:39:12.617897Z", "fetched_at": "2025-07-11T16:39:34.290737+00:00", "symbol": "BTC-USD"}, {"trade_id": 847628763, "side": "sell", "size": "0.00008219", "price": "117439.01000000", "time": "2025-07-11T16:39:12.616645Z", "fetched_at": "2025-07-11T16:39:34.290737+00:00", "symbol": "BTC-USD"}, {"trade_id": 847628762, "side": "sell", "size": "0.02911640", "price": "117439.01000000", "time": "2025-07-11T16:39:12.207671Z", "fetched_at": "2025-07-11T16:39:34.290737+00:00", "symbol": "BTC-USD"}, {"trade_id": 847628761, "side": "buy", "size": "0.02249837", "price": "117439.00000000", "time": "2025-07-11T16:39:12.176564Z", "fetched_at": "2025-07-11T16:39:34.290737+00:00", "symbol": "BTC-USD"}, {"trade_id": 847628760, "side": "buy", "size": "0.00425705", "price": "117439.00000000", "time": "2025-07-11T16:39:12.176564Z", "fetched_at": "2025-07-11T16:39:34.290737+00:00", "symbol": "BTC-USD"}, {"trade_id": 847628759, "side": "buy", "size": "0.00064458", "price": "117439.00000000", "time": "2025-07-11T16:39:12.176564Z", "fetched_at": "2025-07-11T16:39:34.290737+00:00", "symbol": "BTC-USD"}, {"trade_id": 847628758, "side": "sell", "size": "0.00004215", "price": "117439.01000000", "time": "2025-07-11T16:39:12.156670Z", "fetched_at": "2025-07-11T16:39:34.290737+00:00", "symbol": "BTC-USD"}, {"trade_id": 847628757, "side": "sell", "size": "0.00000075", "price": "117439.01000000", "time": "2025-07-11T16:39:12.097722Z", "fetched_at": "2025-07-11T16:39:34.290737+00:00", "symbol": "BTC-USD"}, {"trade_id": 847628756, "side": "sell", "size": "0.00004004", "price": "117439.01000000", "time": "2025-07-11T16:39:11.637727Z", "fetched_at": "2025-07-11T16:39:34.290737+00:00", "symbol": "BTC-USD"}, {"trade_id": 847628755, "side": "sell", "size": "0.05000000", "price": "117426.32000000", "time": "2025-07-11T16:39:11.499722Z", "fetched_at": "2025-07-11T16:39:34.290737+00:00", "symbol": "BTC-USD"}, {"trade_id": 847628754, "side": "sell", "size": "0.01475737", "price": "117426.31000000", "time": "2025-07-11T16:39:11.495453Z", "fetched_at": "2025-07-11T16:39:34.290737+00:00", "symbol": "BTC-USD"}, {"trade_id": 847628753, "side": "sell", "size": "0.03524263", "price": "117426.31000000", "time": "2025-07-11T16:39:11.494887Z", "fetched_at": "2025-07-11T16:39:34.290737+00:00", "symbol": "BTC-USD"}, {"trade_id": 847628752, "side": "sell", "size": "0.02978496", "price": "117426.07000000", "time": "2025-07-11T16:39:11.494887Z", "fetched_at": "2025-07-11T16:39:34.290737+00:00", "symbol": "BTC-USD"}, {"trade_id": 847628751, "side": "sell", "size": "0.00416785", "price": "117426.07000000", "time": "2025-07-11T16:39:11.491484Z", "fetched_at": "2025-07-11T16:39:34.290737+00:00", "symbol": "BTC-USD"}, {"trade_id": 847628750, "side": "sell", "size": "0.09478351", "price": "117426.07000000", "time": "2025-07-11T16:39:11.491484Z", "fetched_at": "2025-07-11T16:39:34.290737+00:00", "symbol": "BTC-USD"}, {"trade_id": 847628749, "side": "sell", "size": "0.00008430", "price": "117426.07000000", "time": "2025-07-11T16:39:11.477886Z", "fetched_at": "2025-07-11T16:39:34.290737+00:00", "symbol": "BTC-USD"}, {"trade_id": 847628748, "side": "sell", "size": "0.00012114", "price": "117426.07000000", "time": "2025-07-11T16:39:11.458146Z", "fetched_at": "2025-07-11T16:39:34.290737+00:00", "symbol": "BTC-USD"}, {"trade_id": 847628747, "side": "sell", "size": "0.00033101", "price": "117426.07000000", "time": "2025-07-11T16:39:11.411990Z", "fetched_at": "2025-07-11T16:39:34.290737+00:00", "symbol": "BTC-USD"}, {"trade_id": 847628746, "side": "sell", "size": "0.00001265", "price": "117426.07000000", "time": "2025-07-11T16:39:11.248234Z", "fetched_at": "2025-07-11T16:39:34.290737+00:00", "symbol": "BTC-USD"}, {"trade_id": 847628745, "side": "sell", "size": "0.00082757", "price": "117426.07000000", "time": "2025-07-11T16:39:11.240002Z", "fetched_at": "2025-07-11T16:39:34.290737+00:00", "symbol": "BTC-USD"}, {"trade_id": 847628744, "side": "sell", "size": "0.00062061", "price": "117426.07000000", "time": "2025-07-11T16:39:10.955933Z", "fetched_at": "2025-07-11T16:39:34.290737+00:00", "symbol": "BTC-USD"}, {"trade_id": 847628743, "side": "sell", "size": "0.00124122", "price": "117426.07000000", "time": "2025-07-11T16:39:10.347124Z", "fetched_at": "2025-07-11T16:39:34.290737+00:00", "symbol": "BTC-USD"}, {"trade_id": 847628742, "side": "sell", "size": "0.00020687", "price": "117426.07000000", "time": "2025-07-11T16:39:10.280633Z", "fetched_at": "2025-07-11T16:39:34.290737+00:00", "symbol": "BTC-USD"}, {"trade_id": 847628741, "side": "sell", "size": "0.00829759", "price": "117426.07000000", "time": "2025-07-11T16:39:10.217675Z", "fetched_at": "2025-07-11T16:39:34.290737+00:00", "symbol": "BTC-USD"}, {"trade_id": 847628740, "side": "sell", "size": "0.00421495", "price": "117426.07000000", "time": "2025-07-11T16:39:10.159896Z", "fetched_at": "2025-07-11T16:39:34.290737+00:00", "symbol": "BTC-USD"}, {"trade_id": 847628739, "side": "sell", "size": "0.00001565", "price": "117426.07000000", "time": "2025-07-11T16:39:10.039600Z", "fetched_at": "2025-07-11T16:39:34.290737+00:00", "symbol": "BTC-USD"}, {"trade_id": 847628738, "side": "buy", "size": "0.00077696", "price": "117426.00000000", "time": "2025-07-11T16:39:09.969633Z", "fetched_at": "2025-07-11T16:39:34.290737+00:00", "symbol": "BTC-USD"}, {"trade_id": 847628737, "side": "buy", "size": "0.00007471", "price": "117426.06000000", "time": "2025-07-11T16:39:09.969633Z", "fetched_at": "2025-07-11T16:39:34.290737+00:00", "symbol": "BTC-USD"}, {"trade_id": 847628736, "side": "sell", "size": "0.00021829", "price": "117426.07000000", "time": "2025-07-11T16:39:09.924271Z", "fetched_at": "2025-07-11T16:39:34.290737+00:00", "symbol": "BTC-USD"}, {"trade_id": 847628735, "side": "sell", "size": "0.00060919", "price": "117426.06000000", "time": "2025-07-11T16:39:09.924271Z", "fetched_at": "2025-07-11T16:39:34.290737+00:00", "symbol": "BTC-USD"}, {"trade_id": 847628734, "side": "buy", "size": "0.00376859", "price": "117421.75000000", "time": "2025-07-11T16:39:09.851009Z", "fetched_at": "2025-07-11T16:39:34.290737+00:00", "symbol": "BTC-USD"}, {"trade_id": 847628733, "side": "buy", "size": "0.00425811", "price": "117421.90000000", "time": "2025-07-11T16:39:09.851009Z", "fetched_at": "2025-07-11T16:39:34.290737+00:00", "symbol": "BTC-USD"}, {"trade_id": 847628732, "side": "buy", "size": "0.00257864", "price": "117421.92000000", "time": "2025-07-11T16:39:09.851009Z", "fetched_at": "2025-07-11T16:39:34.290737+00:00", "symbol": "BTC-USD"}, {"trade_id": 847628731, "side": "buy", "size": "0.00007551", "price": "117421.95000000", "time": "2025-07-11T16:39:09.851009Z", "fetched_at": "2025-07-11T16:39:34.290737+00:00", "symbol": "BTC-USD"}, {"trade_id": 847628730, "side": "sell", "size": "0.00004098", "price": "117426.06000000", "time": "2025-07-11T16:39:09.842136Z", "fetched_at": "2025-07-11T16:39:34.290737+00:00", "symbol": "BTC-USD"}, {"trade_id": 847628729, "side": "sell", "size": "0.00206870", "price": "117426.06000000", "time": "2025-07-11T16:39:09.838065Z", "fetched_at": "2025-07-11T16:39:34.290737+00:00", "symbol": "BTC-USD"}, {"trade_id": 847628728, "side": "sell", "size": "0.00000270", "price": "117426.06000000", "time": "2025-07-11T16:39:09.522654Z", "fetched_at": "2025-07-11T16:39:34.290737+00:00", "symbol": "BTC-USD"}, {"trade_id": 847628727, "side": "sell", "size": "0.00012411", "price": "117426.06000000", "time": "2025-07-11T16:39:09.311426Z", "fetched_at": "2025-07-11T16:39:34.290737+00:00", "symbol": "BTC-USD"}, {"trade_id": 847628726, "side": "sell", "size": "0.00008219", "price": "117426.07000000", "time": "2025-07-11T16:39:09.188771Z", "fetched_at": "2025-07-11T16:39:34.290737+00:00", "symbol": "BTC-USD"}, {"trade_id": 847628725, "side": "buy", "size": "0.00885251", "price": "117425.00000000", "time": "2025-07-11T16:39:09.187473Z", "fetched_at": "2025-07-11T16:39:34.290737+00:00", "symbol": "BTC-USD"}, {"trade_id": 847628724, "side": "buy", "size": "0.00007251", "price": "117425.01000000", "time": "2025-07-11T16:39:09.187473Z", "fetched_at": "2025-07-11T16:39:34.290737+00:00", "symbol": "BTC-USD"}, {"trade_id": 847628723, "side": "buy", "size": "0.00515720", "price": "117426.06000000", "time": "2025-07-11T16:39:09.187473Z", "fetched_at": "2025-07-11T16:39:34.290737+00:00", "symbol": "BTC-USD"}, {"trade_id": 847628722, "side": "buy", "size": "0.00333817", "price": "117426.06000000", "time": "2025-07-11T16:39:09.187473Z", "fetched_at": "2025-07-11T16:39:34.290737+00:00", "symbol": "BTC-USD"}, {"trade_id": 847628721, "side": "sell", "size": "0.00008269", "price": "117426.07000000", "time": "2025-07-11T16:39:09.009894Z", "fetched_at": "2025-07-11T16:39:34.290737+00:00", "symbol": "BTC-USD"}, {"trade_id": 847628720, "side": "buy", "size": "0.00091969", "price": "117426.06000000", "time": "2025-07-11T16:39:08.682541Z", "fetched_at": "2025-07-11T16:39:34.290737+00:00", "symbol": "BTC-USD"}, {"trade_id": 847628719, "side": "buy", "size": "0.00008031", "price": "117426.06000000", "time": "2025-07-11T16:39:08.682541Z", "fetched_at": "2025-07-11T16:39:34.290737+00:00", "symbol": "BTC-USD"}, {"trade_id": 847628718, "side": "sell", "size": "0.00004004", "price": "117426.07000000", "time": "2025-07-11T16:39:08.674963Z", "fetched_at": "2025-07-11T16:39:34.290737+00:00", "symbol": "BTC-USD"}, {"trade_id": 847628717, "side": "sell", "size": "0.00082748", "price": "117426.07000000", "time": "2025-07-11T16:39:08.629725Z", "fetched_at": "2025-07-11T16:39:34.290737+00:00", "symbol": "BTC-USD"}, {"trade_id": 847628716, "side": "sell", "size": "0.00042150", "price": "117426.07000000", "time": "2025-07-11T16:39:08.553261Z", "fetched_at": "2025-07-11T16:39:34.290737+00:00", "symbol": "BTC-USD"}, {"trade_id": 847628715, "side": "sell", "size": "0.00020190", "price": "117426.07000000", "time": "2025-07-11T16:39:08.462768Z", "fetched_at": "2025-07-11T16:39:34.290737+00:00", "symbol": "BTC-USD"}, {"trade_id": 847628714, "side": "sell", "size": "0.03395281", "price": "117426.07000000", "time": "2025-07-11T16:39:08.309980Z", "fetched_at": "2025-07-11T16:39:34.290737+00:00", "symbol": "BTC-USD"}, {"trade_id": 847628713, "side": "sell", "size": "0.02271992", "price": "117421.05000000", "time": "2025-07-11T16:39:08.309980Z", "fetched_at": "2025-07-11T16:39:34.290737+00:00", "symbol": "BTC-USD"}, {"trade_id": 847628712, "side": "sell", "size": "0.03529051", "price": "117421.05000000", "time": "2025-07-11T16:39:08.307057Z", "fetched_at": "2025-07-11T16:39:34.290737+00:00", "symbol": "BTC-USD"}, {"trade_id": 847628711, "side": "sell", "size": "0.00024000", "price": "117420.01000000", "time": "2025-07-11T16:39:07.547087Z", "fetched_at": "2025-07-11T16:39:34.290737+00:00", "symbol": "BTC-USD"}, {"trade_id": 847628710, "side": "sell", "size": "0.00021076", "price": "117420.01000000", "time": "2025-07-11T16:39:07.389918Z", "fetched_at": "2025-07-11T16:39:34.290737+00:00", "symbol": "BTC-USD"}, {"trade_id": 847628709, "side": "sell", "size": "0.00016860", "price": "117420.01000000", "time": "2025-07-11T16:39:07.167939Z", "fetched_at": "2025-07-11T16:39:34.290737+00:00", "symbol": "BTC-USD"}, {"trade_id": 847628708, "side": "sell", "size": "0.00201921", "price": "117420.01000000", "time": "2025-07-11T16:39:07.093360Z", "fetched_at": "2025-07-11T16:39:34.290737+00:00", "symbol": "BTC-USD"}, {"trade_id": 847628707, "side": "sell", "size": "0.00126449", "price": "117419.57000000", "time": "2025-07-11T16:39:05.670962Z", "fetched_at": "2025-07-11T16:39:34.290737+00:00", "symbol": "BTC-USD"}, {"trade_id": 847628706, "side": "buy", "size": "0.00417898", "price": "117411.11000000", "time": "2025-07-11T16:39:05.580543Z", "fetched_at": "2025-07-11T16:39:34.290737+00:00", "symbol": "BTC-USD"}, {"trade_id": 847628705, "side": "buy", "size": "0.00008032", "price": "117411.66000000", "time": "2025-07-11T16:39:05.580543Z", "fetched_at": "2025-07-11T16:39:34.290737+00:00", "symbol": "BTC-USD"}, {"trade_id": 847628704, "side": "buy", "size": "0.00020915", "price": "117413.61000000", "time": "2025-07-11T16:39:05.533998Z", "fetched_at": "2025-07-11T16:39:34.290737+00:00", "symbol": "BTC-USD"}, {"trade_id": 847628703, "side": "buy", "size": "0.00008032", "price": "117414.61000000", "time": "2025-07-11T16:39:05.533998Z", "fetched_at": "2025-07-11T16:39:34.290737+00:00", "symbol": "BTC-USD"}, {"trade_id": 847628702, "side": "buy", "size": "0.02082746", "price": "117413.62000000", "time": "2025-07-11T16:39:05.447550Z", "fetched_at": "2025-07-11T16:39:34.290737+00:00", "symbol": "BTC-USD"}, {"trade_id": 847628701, "side": "buy", "size": "0.00007900", "price": "117413.63000000", "time": "2025-07-11T16:39:05.447550Z", "fetched_at": "2025-07-11T16:39:34.290737+00:00", "symbol": "BTC-USD"}, {"trade_id": 847628700, "side": "sell", "size": "0.00004215", "price": "117421.23000000", "time": "2025-07-11T16:39:05.442138Z", "fetched_at": "2025-07-11T16:39:34.290737+00:00", "symbol": "BTC-USD"}, {"trade_id": 847628699, "side": "buy", "size": "0.00187239", "price": "117413.62000000", "time": "2025-07-11T16:39:05.413631Z", "fetched_at": "2025-07-11T16:39:34.290737+00:00", "symbol": "BTC-USD"}, {"trade_id": 847628698, "side": "buy", "size": "0.00007919", "price": "117413.63000000", "time": "2025-07-11T16:39:05.413631Z", "fetched_at": "2025-07-11T16:39:34.290737+00:00", "symbol": "BTC-USD"}, {"trade_id": 847628697, "side": "sell", "size": "0.00392977", "price": "117421.27000000", "time": "2025-07-11T16:39:05.045918Z", "fetched_at": "2025-07-11T16:39:34.290737+00:00", "symbol": "BTC-USD"}, {"trade_id": 847628696, "side": "buy", "size": "0.00162418", "price": "117413.51000000", "time": "2025-07-11T16:39:04.932897Z", "fetched_at": "2025-07-11T16:39:34.290737+00:00", "symbol": "BTC-USD"}, {"trade_id": 847628695, "side": "buy", "size": "0.00007883", "price": "117413.52000000", "time": "2025-07-11T16:39:04.932897Z", "fetched_at": "2025-07-11T16:39:34.290737+00:00", "symbol": "BTC-USD"}, {"trade_id": 847628694, "side": "buy", "size": "0.00494756", "price": "117413.52000000", "time": "2025-07-11T16:39:04.781143Z", "fetched_at": "2025-07-11T16:39:34.290737+00:00", "symbol": "BTC-USD"}, {"trade_id": 847628693, "side": "buy", "size": "0.00350251", "price": "117421.28000000", "time": "2025-07-11T16:39:04.781143Z", "fetched_at": "2025-07-11T16:39:34.290737+00:00", "symbol": "BTC-USD"}, {"trade_id": 847628692, "side": "buy", "size": "0.00007883", "price": "117421.28000000", "time": "2025-07-11T16:39:04.781143Z", "fetched_at": "2025-07-11T16:39:34.290737+00:00", "symbol": "BTC-USD"}, {"trade_id": 847628691, "side": "sell", "size": "0.00082748", "price": "117421.29000000", "time": "2025-07-11T16:39:04.723496Z", "fetched_at": "2025-07-11T16:39:34.290737+00:00", "symbol": "BTC-USD"}, {"trade_id": 847628690, "side": "buy", "size": "0.37907617", "price": "117413.01000000", "time": "2025-07-11T16:39:04.262608Z", "fetched_at": "2025-07-11T16:39:34.290737+00:00", "symbol": "BTC-USD"}, {"trade_id": 847628689, "side": "buy", "size": "0.03012079", "price": "117413.02000000", "time": "2025-07-11T16:39:04.262608Z", "fetched_at": "2025-07-11T16:39:34.290737+00:00", "symbol": "BTC-USD"}, {"trade_id": 847628688, "side": "buy", "size": "0.03643940", "price": "117413.77000000", "time": "2025-07-11T16:39:04.262608Z", "fetched_at": "2025-07-11T16:39:34.290737+00:00", "symbol": "BTC-USD"}, {"trade_id": 847628687, "side": "buy", "size": "0.00413186", "price": "117416.66000000", "time": "2025-07-11T16:39:04.262608Z", "fetched_at": "2025-07-11T16:39:34.290737+00:00", "symbol": "BTC-USD"}, {"trade_id": 847628686, "side": "buy", "size": "0.00826373", "price": "117416.66000000", "time": "2025-07-11T16:39:04.262608Z", "fetched_at": "2025-07-11T16:39:34.290737+00:00", "symbol": "BTC-USD"}, {"trade_id": 847628685, "side": "buy", "size": "0.07646581", "price": "117416.66000000", "time": "2025-07-11T16:39:04.262608Z", "fetched_at": "2025-07-11T16:39:34.290737+00:00", "symbol": "BTC-USD"}, {"trade_id": 847628684, "side": "buy", "size": "0.00004203", "price": "117416.66000000", "time": "2025-07-11T16:39:04.262608Z", "fetched_at": "2025-07-11T16:39:34.290737+00:00", "symbol": "BTC-USD"}, {"trade_id": 847628683, "side": "buy", "size": "0.00681144", "price": "117419.77000000", "time": "2025-07-11T16:39:04.262608Z", "fetched_at": "2025-07-11T16:39:34.290737+00:00", "symbol": "BTC-USD"}, {"trade_id": 847628682, "side": "buy", "size": "0.04300000", "price": "117420.88000000", "time": "2025-07-11T16:39:04.262608Z", "fetched_at": "2025-07-11T16:39:34.290737+00:00", "symbol": "BTC-USD"}, {"trade_id": 847628681, "side": "buy", "size": "0.00008031", "price": "117426.04000000", "time": "2025-07-11T16:39:04.262608Z", "fetched_at": "2025-07-11T16:39:34.290737+00:00", "symbol": "BTC-USD"}, {"trade_id": 847628680, "side": "buy", "size": "0.00002263", "price": "117426.04000000", "time": "2025-07-11T16:39:04.262608Z", "fetched_at": "2025-07-11T16:39:34.290737+00:00", "symbol": "BTC-USD"}, {"trade_id": 847628679, "side": "buy", "size": "0.00590074", "price": "117426.04000000", "time": "2025-07-11T16:39:04.262608Z", "fetched_at": "2025-07-11T16:39:34.290737+00:00", "symbol": "BTC-USD"}, {"trade_id": 847628678, "side": "buy", "size": "0.00109340", "price": "117426.04000000", "time": "2025-07-11T16:39:04.257156Z", "fetched_at": "2025-07-11T16:39:34.290737+00:00", "symbol": "BTC-USD"}, {"trade_id": 847628677, "side": "buy", "size": "0.00001043", "price": "117426.04000000", "time": "2025-07-11T16:39:04.092166Z", "fetched_at": "2025-07-11T16:39:34.290737+00:00", "symbol": "BTC-USD"}, {"trade_id": 847628676, "side": "buy", "size": "0.00008031", "price": "117426.04000000", "time": "2025-07-11T16:39:04.092166Z", "fetched_at": "2025-07-11T16:39:34.290737+00:00", "symbol": "BTC-USD"}, {"trade_id": 847628675, "side": "sell", "size": "0.00303506", "price": "117421.25000000", "time": "2025-07-11T16:39:03.336139Z", "fetched_at": "2025-07-11T16:39:34.290737+00:00", "symbol": "BTC-USD"}, {"trade_id": 847628674, "side": "sell", "size": "0.00016948", "price": "117416.67000000", "time": "2025-07-11T16:39:02.746143Z", "fetched_at": "2025-07-11T16:39:34.290737+00:00", "symbol": "BTC-USD"}, {"trade_id": 847628673, "side": "sell", "size": "0.00053158", "price": "117416.67000000", "time": "2025-07-11T16:39:02.496179Z", "fetched_at": "2025-07-11T16:39:34.290737+00:00", "symbol": "BTC-USD"}, {"trade_id": 847628672, "side": "buy", "size": "0.00851852", "price": "117416.66000000", "time": "2025-07-11T16:39:02.237951Z", "fetched_at": "2025-07-11T16:39:34.290737+00:00", "symbol": "BTC-USD"}, {"trade_id": 847628671, "side": "buy", "size": "0.00000681", "price": "117416.66000000", "time": "2025-07-11T16:39:02.234718Z", "fetched_at": "2025-07-11T16:39:34.290737+00:00", "symbol": "BTC-USD"}, {"trade_id": 847628670, "side": "buy", "size": "0.00383820", "price": "117416.66000000", "time": "2025-07-11T16:39:01.621858Z", "fetched_at": "2025-07-11T16:39:34.290737+00:00", "symbol": "BTC-USD"}, {"trade_id": 847628669, "side": "buy", "size": "0.00285434", "price": "117423.11000000", "time": "2025-07-11T16:39:01.019513Z", "fetched_at": "2025-07-11T16:39:34.290737+00:00", "symbol": "BTC-USD"}, {"trade_id": 847628668, "side": "buy", "size": "0.00215016", "price": "117423.11000000", "time": "2025-07-11T16:39:01.013685Z", "fetched_at": "2025-07-11T16:39:34.290737+00:00", "symbol": "BTC-USD"}, {"trade_id": 847628667, "side": "buy", "size": "0.02152079", "price": "117430.00000000", "time": "2025-07-11T16:39:00.726733Z", "fetched_at": "2025-07-11T16:39:34.290737+00:00", "symbol": "BTC-USD"}, {"trade_id": 847628666, "side": "buy", "size": "0.00871985", "price": "117430.00000000", "time": "2025-07-11T16:39:00.725923Z", "fetched_at": "2025-07-11T16:39:34.290737+00:00", "symbol": "BTC-USD"}, {"trade_id": 847628665, "side": "buy", "size": "0.04600000", "price": "117430.30000000", "time": "2025-07-11T16:39:00.725923Z", "fetched_at": "2025-07-11T16:39:34.290737+00:00", "symbol": "BTC-USD"}, {"trade_id": 847628664, "side": "buy", "size": "0.01926357", "price": "117431.00000000", "time": "2025-07-11T16:39:00.725923Z", "fetched_at": "2025-07-11T16:39:34.290737+00:00", "symbol": "BTC-USD"}, {"trade_id": 847628663, "side": "buy", "size": "0.38073643", "price": "117431.00000000", "time": "2025-07-11T16:39:00.725623Z", "fetched_at": "2025-07-11T16:39:34.290737+00:00", "symbol": "BTC-USD"}, {"trade_id": 847628662, "side": "buy", "size": "0.08265878", "price": "117432.94000000", "time": "2025-07-11T16:39:00.725035Z", "fetched_at": "2025-07-11T16:39:34.290737+00:00", "symbol": "BTC-USD"}, {"trade_id": 847628661, "side": "buy", "size": "0.03100000", "price": "117432.97000000", "time": "2025-07-11T16:39:00.725035Z", "fetched_at": "2025-07-11T16:39:34.290737+00:00", "symbol": "BTC-USD"}, {"trade_id": 847628660, "side": "buy", "size": "0.01069925", "price": "117439.00000000", "time": "2025-07-11T16:39:00.328337Z", "fetched_at": "2025-07-11T16:39:34.290737+00:00", "symbol": "BTC-USD"}, {"trade_id": 847628659, "side": "buy", "size": "0.01028210", "price": "117439.00000000", "time": "2025-07-11T16:39:00.328337Z", "fetched_at": "2025-07-11T16:39:34.290737+00:00", "symbol": "BTC-USD"}, {"trade_id": 847628658, "side": "buy", "size": "0.04400000", "price": "117439.00000000", "time": "2025-07-11T16:39:00.328337Z", "fetched_at": "2025-07-11T16:39:34.290737+00:00", "symbol": "BTC-USD"}, {"trade_id": 847628657, "side": "buy", "size": "0.00216342", "price": "117439.00000000", "time": "2025-07-11T16:39:00.328337Z", "fetched_at": "2025-07-11T16:39:34.290737+00:00", "symbol": "BTC-USD"}, {"trade_id": 847628656, "side": "buy", "size": "0.00578198", "price": "117439.00000000", "time": "2025-07-11T16:39:00.328337Z", "fetched_at": "2025-07-11T16:39:34.290737+00:00", "symbol": "BTC-USD"}, {"trade_id": 847628655, "side": "buy", "size": "0.00366000", "price": "117439.00000000", "time": "2025-07-11T16:38:59.097064Z", "fetched_at": "2025-07-11T16:39:34.290737+00:00", "symbol": "BTC-USD"}, {"trade_id": 847628654, "side": "sell", "size": "0.08278005", "price": "117439.01000000", "time": "2025-07-11T16:38:58.943058Z", "fetched_at": "2025-07-11T16:39:34.290737+00:00", "symbol": "BTC-USD"}, {"trade_id": 847628653, "side": "buy", "size": "0.00344086", "price": "117439.00000000", "time": "2025-07-11T16:38:58.826030Z", "fetched_at": "2025-07-11T16:39:34.290737+00:00", "symbol": "BTC-USD"}, {"trade_id": 847628652, "side": "buy", "size": "0.00025814", "price": "117439.00000000", "time": "2025-07-11T16:38:58.729958Z", "fetched_at": "2025-07-11T16:39:34.290737+00:00", "symbol": "BTC-USD"}, {"trade_id": 847628651, "side": "sell", "size": "0.00045503", "price": "117439.01000000", "time": "2025-07-11T16:38:58.598071Z", "fetched_at": "2025-07-11T16:39:34.290737+00:00", "symbol": "BTC-USD"}, {"trade_id": 847628650, "side": "sell", "size": "0.05561172", "price": "117439.01000000", "time": "2025-07-11T16:38:58.094822Z", "fetched_at": "2025-07-11T16:39:34.290737+00:00", "symbol": "BTC-USD"}, {"trade_id": 847628649, "side": "sell", "size": "0.00008225", "price": "117439.01000000", "time": "2025-07-11T16:38:58.047973Z", "fetched_at": "2025-07-11T16:39:34.290737+00:00", "symbol": "BTC-USD"}, {"trade_id": 847628648, "side": "sell", "size": "0.00765492", "price": "117439.01000000", "time": "2025-07-11T16:38:57.817308Z", "fetched_at": "2025-07-11T16:39:34.290737+00:00", "symbol": "BTC-USD"}, {"trade_id": 847628647, "side": "sell", "size": "0.00446498", "price": "117439.01000000", "time": "2025-07-11T16:38:57.817308Z", "fetched_at": "2025-07-11T16:39:34.290737+00:00", "symbol": "BTC-USD"}, {"trade_id": 847628646, "side": "sell", "size": "0.00004040", "price": "117439.01000000", "time": "2025-07-11T16:38:57.360640Z", "fetched_at": "2025-07-11T16:39:34.290737+00:00", "symbol": "BTC-USD"}, {"trade_id": 847628645, "side": "sell", "size": "0.00048517", "price": "117439.01000000", "time": "2025-07-11T16:38:57.295451Z", "fetched_at": "2025-07-11T16:39:34.290737+00:00", "symbol": "BTC-USD"}, {"trade_id": 847628644, "side": "buy", "size": "0.00000017", "price": "117439.00000000", "time": "2025-07-11T16:38:56.709352Z", "fetched_at": "2025-07-11T16:39:34.290737+00:00", "symbol": "BTC-USD"}, {"trade_id": 847628643, "side": "buy", "size": "0.00300000", "price": "117439.00000000", "time": "2025-07-11T16:38:56.264882Z", "fetched_at": "2025-07-11T16:39:34.290737+00:00", "symbol": "BTC-USD"}, {"trade_id": 847628642, "side": "buy", "size": "0.01900000", "price": "117439.00000000", "time": "2025-07-11T16:38:56.032945Z", "fetched_at": "2025-07-11T16:39:34.290737+00:00", "symbol": "BTC-USD"}, {"trade_id": 847628641, "side": "sell", "size": "0.00000042", "price": "117439.01000000", "time": "2025-07-11T16:38:55.367281Z", "fetched_at": "2025-07-11T16:39:34.290737+00:00", "symbol": "BTC-USD"}, {"trade_id": 847628640, "side": "sell", "size": "0.00000835", "price": "117439.01000000", "time": "2025-07-11T16:38:55.055986Z", "fetched_at": "2025-07-11T16:39:34.290737+00:00", "symbol": "BTC-USD"}, {"trade_id": 847628639, "side": "buy", "size": "0.01705522", "price": "117439.00000000", "time": "2025-07-11T16:38:54.499029Z", "fetched_at": "2025-07-11T16:39:34.290737+00:00", "symbol": "BTC-USD"}, {"trade_id": 847628638, "side": "sell", "size": "0.00717960", "price": "117438.11000000", "time": "2025-07-11T16:38:53.998493Z", "fetched_at": "2025-07-11T16:39:34.290737+00:00", "symbol": "BTC-USD"}, {"trade_id": 847628637, "side": "sell", "size": "0.01834789", "price": "117438.11000000", "time": "2025-07-11T16:38:53.993703Z", "fetched_at": "2025-07-11T16:39:34.290737+00:00", "symbol": "BTC-USD"}, {"trade_id": 847628636, "side": "sell", "size": "0.00001000", "price": "117436.00000000", "time": "2025-07-11T16:38:53.993703Z", "fetched_at": "2025-07-11T16:39:34.290737+00:00", "symbol": "BTC-USD"}, {"trade_id": 847628635, "side": "sell", "size": "0.02905234", "price": "117434.72000000", "time": "2025-07-11T16:38:53.984797Z", "fetched_at": "2025-07-11T16:39:34.290737+00:00", "symbol": "BTC-USD"}, {"trade_id": 847628634, "side": "sell", "size": "0.21460000", "price": "117434.72000000", "time": "2025-07-11T16:38:53.983198Z", "fetched_at": "2025-07-11T16:39:34.290737+00:00", "symbol": "BTC-USD"}, {"trade_id": 847628633, "side": "sell", "size": "0.00634766", "price": "117434.72000000", "time": "2025-07-11T16:38:53.982215Z", "fetched_at": "2025-07-11T16:39:34.290737+00:00", "symbol": "BTC-USD"}, {"trade_id": 847628632, "side": "buy", "size": "0.06360281", "price": "117434.16000000", "time": "2025-07-11T16:38:53.684193Z", "fetched_at": "2025-07-11T16:39:34.290737+00:00", "symbol": "BTC-USD"}, {"trade_id": 847628631, "side": "buy", "size": "0.00948399", "price": "117434.71000000", "time": "2025-07-11T16:38:53.684193Z", "fetched_at": "2025-07-11T16:39:34.290737+00:00", "symbol": "BTC-USD"}, {"trade_id": 847628630, "side": "buy", "size": "0.00004473", "price": "117434.71000000", "time": "2025-07-11T16:38:53.684193Z", "fetched_at": "2025-07-11T16:39:34.290737+00:00", "symbol": "BTC-USD"}, {"trade_id": 847628629, "side": "sell", "size": "0.00082782", "price": "117434.72000000", "time": "2025-07-11T16:38:53.227894Z", "fetched_at": "2025-07-11T16:39:34.290737+00:00", "symbol": "BTC-USD"}, {"trade_id": 847628628, "side": "sell", "size": "0.00005456", "price": "117434.16000000", "time": "2025-07-11T16:38:53.111311Z", "fetched_at": "2025-07-11T16:39:34.290737+00:00", "symbol": "BTC-USD"}, {"trade_id": 847628627, "side": "sell", "size": "0.00140815", "price": "117433.62000000", "time": "2025-07-11T16:38:53.111311Z", "fetched_at": "2025-07-11T16:39:34.290737+00:00", "symbol": "BTC-USD"}, {"trade_id": 847628626, "side": "sell", "size": "0.00499850", "price": "117433.62000000", "time": "2025-07-11T16:38:53.111311Z", "fetched_at": "2025-07-11T16:39:34.290737+00:00", "symbol": "BTC-USD"}, {"trade_id": 847628625, "side": "sell", "size": "0.08150548", "price": "117432.95000000", "time": "2025-07-11T16:38:53.111311Z", "fetched_at": "2025-07-11T16:39:34.290737+00:00", "symbol": "BTC-USD"}, {"trade_id": 847628624, "side": "sell", "size": "0.22021996", "price": "117432.95000000", "time": "2025-07-11T16:38:53.111311Z", "fetched_at": "2025-07-11T16:39:34.290737+00:00", "symbol": "BTC-USD"}, {"trade_id": 847628623, "side": "sell", "size": "0.02978004", "price": "117432.95000000", "time": "2025-07-11T16:38:52.681601Z", "fetched_at": "2025-07-11T16:39:34.290737+00:00", "symbol": "BTC-USD"}, {"trade_id": 847628622, "side": "sell", "size": "0.00000664", "price": "117432.95000000", "time": "2025-07-11T16:38:52.681601Z", "fetched_at": "2025-07-11T16:39:34.290737+00:00", "symbol": "BTC-USD"}, {"trade_id": 847628621, "side": "sell", "size": "0.00000204", "price": "117432.95000000", "time": "2025-07-11T16:38:52.681601Z", "fetched_at": "2025-07-11T16:39:34.290737+00:00", "symbol": "BTC-USD"}, {"trade_id": 847628620, "side": "sell", "size": "0.00001250", "price": "117432.95000000", "time": "2025-07-11T16:38:52.681601Z", "fetched_at": "2025-07-11T16:39:34.290737+00:00", "symbol": "BTC-USD"}, {"trade_id": 847628619, "side": "buy", "size": "0.00099637", "price": "117432.94000000", "time": "2025-07-11T16:38:52.486271Z", "fetched_at": "2025-07-11T16:39:34.290737+00:00", "symbol": "BTC-USD"}, {"trade_id": 847628618, "side": "buy", "size": "0.01612933", "price": "117432.00000000", "time": "2025-07-11T16:38:51.911427Z", "fetched_at": "2025-07-11T16:39:34.290737+00:00", "symbol": "BTC-USD"}, {"trade_id": 847628617, "side": "buy", "size": "0.08387067", "price": "117432.01000000", "time": "2025-07-11T16:38:51.911427Z", "fetched_at": "2025-07-11T16:39:34.290737+00:00", "symbol": "BTC-USD"}, {"trade_id": 847628616, "side": "sell", "size": "0.00499932", "price": "117419.88000000", "time": "2025-07-11T16:38:51.409151Z", "fetched_at": "2025-07-11T16:39:34.290737+00:00", "symbol": "BTC-USD"}, {"trade_id": 847628615, "side": "sell", "size": "0.00499939", "price": "117419.41000000", "time": "2025-07-11T16:38:51.409151Z", "fetched_at": "2025-07-11T16:39:34.290737+00:00", "symbol": "BTC-USD"}, {"trade_id": 847628614, "side": "sell", "size": "0.00001000", "price": "117418.40000000", "time": "2025-07-11T16:38:51.409151Z", "fetched_at": "2025-07-11T16:39:34.290737+00:00", "symbol": "BTC-USD"}, {"trade_id": 847628613, "side": "sell", "size": "0.00499932", "price": "117418.02000000", "time": "2025-07-11T16:38:51.409151Z", "fetched_at": "2025-07-11T16:39:34.290737+00:00", "symbol": "BTC-USD"}, {"trade_id": 847628612, "side": "sell", "size": "0.00518515", "price": "117417.91000000", "time": "2025-07-11T16:38:51.409151Z", "fetched_at": "2025-07-11T16:39:34.290737+00:00", "symbol": "BTC-USD"}, {"trade_id": 847628611, "side": "sell", "size": "0.00351394", "price": "117413.73000000", "time": "2025-07-11T16:38:51.229749Z", "fetched_at": "2025-07-11T16:39:34.290737+00:00", "symbol": "BTC-USD"}, {"trade_id": 847628610, "side": "buy", "size": "0.39857862", "price": "117413.00000000", "time": "2025-07-11T16:38:51.212344Z", "fetched_at": "2025-07-11T16:39:34.290737+00:00", "symbol": "BTC-USD"}, {"trade_id": 847628609, "side": "buy", "size": "0.01807284", "price": "117413.70000000", "time": "2025-07-11T16:38:51.212344Z", "fetched_at": "2025-07-11T16:39:34.290737+00:00", "symbol": "BTC-USD"}, {"trade_id": 847628608, "side": "buy", "size": "0.00851600", "price": "117413.72000000", "time": "2025-07-11T16:38:51.212344Z", "fetched_at": "2025-07-11T16:39:34.290737+00:00", "symbol": "BTC-USD"}, {"trade_id": 847628607, "side": "buy", "size": "0.02994899", "price": "117413.72000000", "time": "2025-07-11T16:38:51.212344Z", "fetched_at": "2025-07-11T16:39:34.290737+00:00", "symbol": "BTC-USD"}, {"trade_id": 847628606, "side": "buy", "size": "0.05707369", "price": "117413.72000000", "time": "2025-07-11T16:38:51.212344Z", "fetched_at": "2025-07-11T16:39:34.290737+00:00", "symbol": "BTC-USD"}, {"trade_id": 847628605, "side": "buy", "size": "0.00003600", "price": "117413.72000000", "time": "2025-07-11T16:38:51.212344Z", "fetched_at": "2025-07-11T16:39:34.290737+00:00", "symbol": "BTC-USD"}, {"trade_id": 847628604, "side": "buy", "size": "0.00681179", "price": "117413.72000000", "time": "2025-07-11T16:38:51.212344Z", "fetched_at": "2025-07-11T16:39:34.290737+00:00", "symbol": "BTC-USD"}, {"trade_id": 847628603, "side": "buy", "size": "0.07150000", "price": "117413.72000000", "time": "2025-07-11T16:38:51.212344Z", "fetched_at": "2025-07-11T16:39:34.290737+00:00", "symbol": "BTC-USD"}, {"trade_id": 847628602, "side": "buy", "size": "0.10430000", "price": "117413.72000000", "time": "2025-07-11T16:38:51.212344Z", "fetched_at": "2025-07-11T16:39:34.290737+00:00", "symbol": "BTC-USD"}, {"trade_id": 847628601, "side": "sell", "size": "0.00001034", "price": "117412.61000000", "time": "2025-07-11T16:38:51.115554Z", "fetched_at": "2025-07-11T16:39:34.290737+00:00", "symbol": "BTC-USD"}, {"trade_id": 847628600, "side": "sell", "size": "0.23265253", "price": "117412.61000000", "time": "2025-07-11T16:38:51.115554Z", "fetched_at": "2025-07-11T16:39:34.290737+00:00", "symbol": "BTC-USD"}, {"trade_id": 847628599, "side": "sell", "size": "0.01725993", "price": "117412.61000000", "time": "2025-07-11T16:38:51.115554Z", "fetched_at": "2025-07-11T16:39:34.290737+00:00", "symbol": "BTC-USD"}, {"trade_id": 847628598, "side": "buy", "size": "0.02336375", "price": "117412.60000000", "time": "2025-07-11T16:38:50.729814Z", "fetched_at": "2025-07-11T16:39:34.290737+00:00", "symbol": "BTC-USD"}, {"trade_id": 847628597, "side": "buy", "size": "0.00851697", "price": "117412.60000000", "time": "2025-07-11T16:38:50.729814Z", "fetched_at": "2025-07-11T16:39:34.290737+00:00", "symbol": "BTC-USD"}, {"trade_id": 847628596, "side": "buy", "size": "0.01811928", "price": "117412.60000000", "time": "2025-07-11T16:38:50.729814Z", "fetched_at": "2025-07-11T16:39:34.290737+00:00", "symbol": "BTC-USD"}, {"trade_id": 847628595, "side": "buy", "size": "0.05000000", "price": "117412.60000000", "time": "2025-07-11T16:38:50.729780Z", "fetched_at": "2025-07-11T16:39:34.290737+00:00", "symbol": "BTC-USD"}, {"trade_id": 847628594, "side": "buy", "size": "0.00338072", "price": "117412.60000000", "time": "2025-07-11T16:38:50.329558Z", "fetched_at": "2025-07-11T16:39:34.290737+00:00", "symbol": "BTC-USD"}, {"trade_id": 847628593, "side": "buy", "size": "0.00681147", "price": "117412.60000000", "time": "2025-07-11T16:38:50.329558Z", "fetched_at": "2025-07-11T16:39:34.290737+00:00", "symbol": "BTC-USD"}, {"trade_id": 847628592, "side": "buy", "size": "0.03980781", "price": "117412.60000000", "time": "2025-07-11T16:38:50.329558Z", "fetched_at": "2025-07-11T16:39:34.290737+00:00", "symbol": "BTC-USD"}, {"trade_id": 847628591, "side": "sell", "size": "0.00008121", "price": "117412.61000000", "time": "2025-07-11T16:38:50.300754Z", "fetched_at": "2025-07-11T16:39:34.290737+00:00", "symbol": "BTC-USD"}, {"trade_id": 847628590, "side": "sell", "size": "0.00000633", "price": "117412.61000000", "time": "2025-07-11T16:38:50.197Z", "fetched_at": "2025-07-11T16:39:34.290737+00:00", "symbol": "BTC-USD"}, {"trade_id": 847628589, "side": "buy", "size": "0.01543219", "price": "117412.60000000", "time": "2025-07-11T16:38:50.124538Z", "fetched_at": "2025-07-11T16:39:34.290737+00:00", "symbol": "BTC-USD"}, {"trade_id": 847628588, "side": "buy", "size": "0.03456781", "price": "117412.60000000", "time": "2025-07-11T16:38:50.124538Z", "fetched_at": "2025-07-11T16:39:34.290737+00:00", "symbol": "BTC-USD"}, {"trade_id": 847628587, "side": "buy", "size": "0.03693219", "price": "117412.60000000", "time": "2025-07-11T16:38:50.124507Z", "fetched_at": "2025-07-11T16:39:34.290737+00:00", "symbol": "BTC-USD"}, {"trade_id": 847628586, "side": "buy", "size": "0.00681147", "price": "117412.60000000", "time": "2025-07-11T16:38:50.124507Z", "fetched_at": "2025-07-11T16:39:34.290737+00:00", "symbol": "BTC-USD"}, {"trade_id": 847628585, "side": "buy", "size": "0.00625634", "price": "117412.60000000", "time": "2025-07-11T16:38:50.124507Z", "fetched_at": "2025-07-11T16:39:34.290737+00:00", "symbol": "BTC-USD"}, {"trade_id": 847628584, "side": "buy", "size": "0.02651335", "price": "117412.60000000", "time": "2025-07-11T16:38:49.919258Z", "fetched_at": "2025-07-11T16:39:34.290737+00:00", "symbol": "BTC-USD"}, {"trade_id": 847628583, "side": "buy", "size": "0.00851697", "price": "117412.60000000", "time": "2025-07-11T16:38:49.919258Z", "fetched_at": "2025-07-11T16:39:34.290737+00:00", "symbol": "BTC-USD"}, {"trade_id": 847628582, "side": "buy", "size": "0.00285114", "price": "117412.60000000", "time": "2025-07-11T16:38:49.919258Z", "fetched_at": "2025-07-11T16:39:34.290737+00:00", "symbol": "BTC-USD"}, {"trade_id": 847628581, "side": "buy", "size": "0.00659844", "price": "117412.60000000", "time": "2025-07-11T16:38:49.919258Z", "fetched_at": "2025-07-11T16:39:34.290737+00:00", "symbol": "BTC-USD"}, {"trade_id": 847628580, "side": "buy", "size": "0.00552010", "price": "117412.60000000", "time": "2025-07-11T16:38:49.919258Z", "fetched_at": "2025-07-11T16:39:34.290737+00:00", "symbol": "BTC-USD"}, {"trade_id": 847628579, "side": "buy", "size": "0.02736644", "price": "117412.60000000", "time": "2025-07-11T16:38:49.919146Z", "fetched_at": "2025-07-11T16:39:34.290737+00:00", "symbol": "BTC-USD"}, {"trade_id": 847628578, "side": "buy", "size": "0.02263356", "price": "117412.60000000", "time": "2025-07-11T16:38:49.919146Z", "fetched_at": "2025-07-11T16:39:34.290737+00:00", "symbol": "BTC-USD"}, {"trade_id": 847628577, "side": "buy", "size": "0.04886644", "price": "117412.60000000", "time": "2025-07-11T16:38:49.714150Z", "fetched_at": "2025-07-11T16:39:34.290737+00:00", "symbol": "BTC-USD"}, {"trade_id": 847628576, "side": "buy", "size": "0.00113356", "price": "117412.60000000", "time": "2025-07-11T16:38:49.714150Z", "fetched_at": "2025-07-11T16:39:34.290737+00:00", "symbol": "BTC-USD"}, {"trade_id": 847628575, "side": "buy", "size": "0.05000000", "price": "117412.60000000", "time": "2025-07-11T16:38:49.714117Z", "fetched_at": "2025-07-11T16:39:34.290737+00:00", "symbol": "BTC-USD"}, {"trade_id": 847628574, "side": "sell", "size": "0.00808069", "price": "117412.61000000", "time": "2025-07-11T16:38:49.532306Z", "fetched_at": "2025-07-11T16:39:34.290737+00:00", "symbol": "BTC-USD"}, {"trade_id": 847628573, "side": "sell", "size": "0.22457184", "price": "117412.61000000", "time": "2025-07-11T16:38:49.428583Z", "fetched_at": "2025-07-11T16:39:34.290737+00:00", "symbol": "BTC-USD"}, {"trade_id": 847628572, "side": "sell", "size": "0.48021735", "price": "117412.61000000", "time": "2025-07-11T16:38:49.428583Z", "fetched_at": "2025-07-11T16:39:34.290737+00:00", "symbol": "BTC-USD"}, {"trade_id": 847628571, "side": "buy", "size": "0.00656286", "price": "117412.60000000", "time": "2025-07-11T16:38:49.420597Z", "fetched_at": "2025-07-11T16:39:34.290737+00:00", "symbol": "BTC-USD"}, {"trade_id": 847628570, "side": "sell", "size": "0.00500000", "price": "117412.61000000", "time": "2025-07-11T16:38:49.340346Z", "fetched_at": "2025-07-11T16:39:34.290737+00:00", "symbol": "BTC-USD"}, {"trade_id": 847628569, "side": "buy", "size": "0.00170358", "price": "117412.60000000", "time": "2025-07-11T16:38:49.077969Z", "fetched_at": "2025-07-11T16:39:34.290737+00:00", "symbol": "BTC-USD"}, {"trade_id": 847628568, "side": "sell", "size": "0.00082786", "price": "117412.61000000", "time": "2025-07-11T16:38:49.074361Z", "fetched_at": "2025-07-11T16:39:34.290737+00:00", "symbol": "BTC-USD"}, {"trade_id": 847628567, "side": "sell", "size": "0.00012127", "price": "117412.61000000", "time": "2025-07-11T16:38:48.846541Z", "fetched_at": "2025-07-11T16:39:34.290737+00:00", "symbol": "BTC-USD"}, {"trade_id": 847628566, "side": "sell", "size": "0.00080825", "price": "117412.61000000", "time": "2025-07-11T16:38:48.644820Z", "fetched_at": "2025-07-11T16:39:34.290737+00:00", "symbol": "BTC-USD"}, {"trade_id": 847628565, "side": "sell", "size": "0.00007270", "price": "117412.60000000", "time": "2025-07-11T16:38:48.251547Z", "fetched_at": "2025-07-11T16:39:34.290737+00:00", "symbol": "BTC-USD"}, {"trade_id": 847628564, "side": "sell", "size": "0.03630560", "price": "117412.61000000", "time": "2025-07-11T16:38:48.207098Z", "fetched_at": "2025-07-11T16:39:34.290737+00:00", "symbol": "BTC-USD"}, {"trade_id": 847628563, "side": "sell", "size": "0.00499981", "price": "117412.43000000", "time": "2025-07-11T16:38:48.207098Z", "fetched_at": "2025-07-11T16:39:34.290737+00:00", "symbol": "BTC-USD"}, {"trade_id": 847628562, "side": "sell", "size": "0.00007558", "price": "117409.60000000", "time": "2025-07-11T16:38:48.207098Z", "fetched_at": "2025-07-11T16:39:34.290737+00:00", "symbol": "BTC-USD"}, {"trade_id": 847628561, "side": "sell", "size": "0.00001000", "price": "117409.60000000", "time": "2025-07-11T16:38:48.207098Z", "fetched_at": "2025-07-11T16:39:34.290737+00:00", "symbol": "BTC-USD"}, {"trade_id": 847628560, "side": "sell", "size": "0.00001000", "price": "117400.80000000", "time": "2025-07-11T16:38:48.111456Z", "fetched_at": "2025-07-11T16:39:34.290737+00:00", "symbol": "BTC-USD"}, {"trade_id": 847628559, "side": "sell", "size": "0.12117874", "price": "117400.00000000", "time": "2025-07-11T16:38:48.106301Z", "fetched_at": "2025-07-11T16:39:34.290737+00:00", "symbol": "BTC-USD"}, {"trade_id": 847628558, "side": "sell", "size": "0.00288244", "price": "117400.00000000", "time": "2025-07-11T16:38:48.103105Z", "fetched_at": "2025-07-11T16:39:34.290737+00:00", "symbol": "BTC-USD"}, {"trade_id": 847628557, "side": "sell", "size": "0.00297167", "price": "117400.00000000", "time": "2025-07-11T16:38:48.098489Z", "fetched_at": "2025-07-11T16:39:34.290737+00:00", "symbol": "BTC-USD"}, {"trade_id": 847628556, "side": "sell", "size": "0.09897731", "price": "117400.00000000", "time": "2025-07-11T16:38:48.095268Z", "fetched_at": "2025-07-11T16:39:34.290737+00:00", "symbol": "BTC-USD"}, {"trade_id": 847628555, "side": "sell", "size": "0.02300000", "price": "117400.00000000", "time": "2025-07-11T16:38:48.071310Z", "fetched_at": "2025-07-11T16:39:34.290737+00:00", "symbol": "BTC-USD"}, {"trade_id": 847628554, "side": "buy", "size": "0.00000641", "price": "117399.99000000", "time": "2025-07-11T16:38:47.879339Z", "fetched_at": "2025-07-11T16:39:34.290737+00:00", "symbol": "BTC-USD"}, {"trade_id": 847628553, "side": "sell", "size": "0.00020702", "price": "117400.00000000", "time": "2025-07-11T16:38:47.804656Z", "fetched_at": "2025-07-11T16:39:34.290737+00:00", "symbol": "BTC-USD"}, {"trade_id": 847628552, "side": "sell", "size": "0.00000825", "price": "117400.00000000", "time": "2025-07-11T16:38:47.802910Z", "fetched_at": "2025-07-11T16:39:34.290737+00:00", "symbol": "BTC-USD"}, {"trade_id": 847628551, "side": "sell", "size": "0.00006632", "price": "117400.00000000", "time": "2025-07-11T16:38:47.752853Z", "fetched_at": "2025-07-11T16:39:34.290737+00:00", "symbol": "BTC-USD"}, {"trade_id": 847628550, "side": "sell", "size": "0.00005782", "price": "117399.99000000", "time": "2025-07-11T16:38:47.752853Z", "fetched_at": "2025-07-11T16:39:34.290737+00:00", "symbol": "BTC-USD"}, {"trade_id": 847628549, "side": "sell", "size": "0.02755222", "price": "117394.30000000", "time": "2025-07-11T16:38:47.734357Z", "fetched_at": "2025-07-11T16:39:34.290737+00:00", "symbol": "BTC-USD"}, {"trade_id": 847628548, "side": "sell", "size": "0.00298000", "price": "117394.30000000", "time": "2025-07-11T16:38:47.732688Z", "fetched_at": "2025-07-11T16:39:34.290737+00:00", "symbol": "BTC-USD"}, {"trade_id": 847628547, "side": "sell", "size": "0.04631000", "price": "117394.30000000", "time": "2025-07-11T16:38:47.731856Z", "fetched_at": "2025-07-11T16:39:34.290737+00:00", "symbol": "BTC-USD"}, {"trade_id": 847628546, "side": "sell", "size": "0.01727000", "price": "117394.30000000", "time": "2025-07-11T16:38:47.731700Z", "fetched_at": "2025-07-11T16:39:34.290737+00:00", "symbol": "BTC-USD"}, {"trade_id": 847628545, "side": "sell", "size": "0.04359155", "price": "117394.30000000", "time": "2025-07-11T16:38:47.728246Z", "fetched_at": "2025-07-11T16:39:34.290737+00:00", "symbol": "BTC-USD"}, {"trade_id": 847628544, "side": "sell", "size": "0.01469323", "price": "117394.30000000", "time": "2025-07-11T16:38:47.727971Z", "fetched_at": "2025-07-11T16:39:34.290737+00:00", "symbol": "BTC-USD"}, {"trade_id": 847628543, "side": "sell", "size": "0.05680300", "price": "117394.30000000", "time": "2025-07-11T16:38:47.727858Z", "fetched_at": "2025-07-11T16:39:34.290737+00:00", "symbol": "BTC-USD"}, {"trade_id": 847628542, "side": "sell", "size": "0.01917065", "price": "117391.92000000", "time": "2025-07-11T16:38:47.725508Z", "fetched_at": "2025-07-11T16:39:34.290737+00:00", "symbol": "BTC-USD"}, {"trade_id": 847628541, "side": "sell", "size": "0.02169910", "price": "117391.92000000", "time": "2025-07-11T16:38:47.724525Z", "fetched_at": "2025-07-11T16:39:34.290737+00:00", "symbol": "BTC-USD"}, {"trade_id": 847628540, "side": "sell", "size": "0.00363850", "price": "117391.92000000", "time": "2025-07-11T16:38:47.723968Z", "fetched_at": "2025-07-11T16:39:34.290737+00:00", "symbol": "BTC-USD"}, {"trade_id": 847628539, "side": "sell", "size": "0.01323797", "price": "117391.92000000", "time": "2025-07-11T16:38:47.722318Z", "fetched_at": "2025-07-11T16:39:34.290737+00:00", "symbol": "BTC-USD"}, {"trade_id": 847628538, "side": "sell", "size": "0.03420574", "price": "117391.92000000", "time": "2025-07-11T16:38:47.721490Z", "fetched_at": "2025-07-11T16:39:34.290737+00:00", "symbol": "BTC-USD"}, {"trade_id": 847628537, "side": "sell", "size": "0.05199094", "price": "117391.92000000", "time": "2025-07-11T16:38:47.720244Z", "fetched_at": "2025-07-11T16:39:34.290737+00:00", "symbol": "BTC-USD"}, {"trade_id": 847628536, "side": "sell", "size": "0.05693008", "price": "117391.92000000", "time": "2025-07-11T16:38:47.719921Z", "fetched_at": "2025-07-11T16:39:34.290737+00:00", "symbol": "BTC-USD"}, {"trade_id": 847628535, "side": "sell", "size": "0.04912702", "price": "117391.92000000", "time": "2025-07-11T16:38:47.719724Z", "fetched_at": "2025-07-11T16:39:34.290737+00:00", "symbol": "BTC-USD"}, {"trade_id": 847628534, "side": "sell", "size": "0.00000442", "price": "117391.24000000", "time": "2025-07-11T16:38:47.719724Z", "fetched_at": "2025-07-11T16:39:34.290737+00:00", "symbol": "BTC-USD"}, {"trade_id": 847628533, "side": "sell", "size": "0.00000222", "price": "117391.24000000", "time": "2025-07-11T16:38:47.673071Z", "fetched_at": "2025-07-11T16:39:34.290737+00:00", "symbol": "BTC-USD"}, {"trade_id": 847628532, "side": "sell", "size": "0.00000221", "price": "117391.24000000", "time": "2025-07-11T16:38:47.673071Z", "fetched_at": "2025-07-11T16:39:34.290737+00:00", "symbol": "BTC-USD"}, {"trade_id": 847628531, "side": "sell", "size": "0.00001033", "price": "117391.24000000", "time": "2025-07-11T16:38:47.673071Z", "fetched_at": "2025-07-11T16:39:34.290737+00:00", "symbol": "BTC-USD"}, {"trade_id": 847628530, "side": "buy", "size": "0.00592206", "price": "117391.23000000", "time": "2025-07-11T16:38:47.311125Z", "fetched_at": "2025-07-11T16:39:34.290737+00:00", "symbol": "BTC-USD"}, {"trade_id": 847628529, "side": "buy", "size": "0.00274747", "price": "117390.00000000", "time": "2025-07-11T16:38:46.318265Z", "fetched_at": "2025-07-11T16:39:34.290737+00:00", "symbol": "BTC-USD"}, {"trade_id": 847628528, "side": "buy", "size": "0.00681346", "price": "117390.45000000", "time": "2025-07-11T16:38:46.318265Z", "fetched_at": "2025-07-11T16:39:34.290737+00:00", "symbol": "BTC-USD"}, {"trade_id": 847628527, "side": "buy", "size": "0.01807631", "price": "117391.21000000", "time": "2025-07-11T16:38:46.318265Z", "fetched_at": "2025-07-11T16:39:34.290737+00:00", "symbol": "BTC-USD"}, {"trade_id": 847628526, "side": "buy", "size": "0.02239130", "price": "117391.22000000", "time": "2025-07-11T16:38:46.318265Z", "fetched_at": "2025-07-11T16:39:34.290737+00:00", "symbol": "BTC-USD"}, {"trade_id": 847628525, "side": "buy", "size": "0.00851800", "price": "117391.23000000", "time": "2025-07-11T16:38:46.318265Z", "fetched_at": "2025-07-11T16:39:34.290737+00:00", "symbol": "BTC-USD"}, {"trade_id": 847628524, "side": "buy", "size": "0.04162330", "price": "117391.23000000", "time": "2025-07-11T16:38:46.318265Z", "fetched_at": "2025-07-11T16:39:34.290737+00:00", "symbol": "BTC-USD"}, {"trade_id": 847628523, "side": "sell", "size": "0.00016557", "price": "117391.24000000", "time": "2025-07-11T16:38:46.088473Z", "fetched_at": "2025-07-11T16:39:34.290737+00:00", "symbol": "BTC-USD"}, {"trade_id": 847628522, "side": "sell", "size": "0.00002424", "price": "117391.24000000", "time": "2025-07-11T16:38:45.670152Z", "fetched_at": "2025-07-11T16:39:34.290737+00:00", "symbol": "BTC-USD"}, {"trade_id": 847628521, "side": "sell", "size": "0.00008223", "price": "117391.24000000", "time": "2025-07-11T16:38:45.491843Z", "fetched_at": "2025-07-11T16:39:34.290737+00:00", "symbol": "BTC-USD"}, {"trade_id": 847628520, "side": "buy", "size": "0.00034886", "price": "117389.39000000", "time": "2025-07-11T16:38:44.768067Z", "fetched_at": "2025-07-11T16:39:34.290737+00:00", "symbol": "BTC-USD"}, {"trade_id": 847628519, "side": "buy", "size": "0.00006965", "price": "117391.23000000", "time": "2025-07-11T16:38:44.768067Z", "fetched_at": "2025-07-11T16:39:34.290737+00:00", "symbol": "BTC-USD"}, {"trade_id": 847628518, "side": "sell", "size": "0.00206982", "price": "117391.24000000", "time": "2025-07-11T16:38:44.645685Z", "fetched_at": "2025-07-11T16:39:34.290737+00:00", "symbol": "BTC-USD"}, {"trade_id": 847628517, "side": "buy", "size": "0.01807620", "price": "117391.89000000", "time": "2025-07-11T16:38:44.463011Z", "fetched_at": "2025-07-11T16:39:34.290737+00:00", "symbol": "BTC-USD"}, {"trade_id": 847628516, "side": "buy", "size": "0.00003039", "price": "117391.90000000", "time": "2025-07-11T16:38:44.463011Z", "fetched_at": "2025-07-11T16:39:34.290737+00:00", "symbol": "BTC-USD"}, {"trade_id": 847628515, "side": "buy", "size": "0.01341919", "price": "117391.90000000", "time": "2025-07-11T16:38:44.463011Z", "fetched_at": "2025-07-11T16:39:34.290737+00:00", "symbol": "BTC-USD"}, {"trade_id": 847628514, "side": "buy", "size": "0.00007270", "price": "117391.91000000", "time": "2025-07-11T16:38:44.463011Z", "fetched_at": "2025-07-11T16:39:34.290737+00:00", "symbol": "BTC-USD"}, {"trade_id": 847628513, "side": "sell", "size": "0.00080825", "price": "117400.00000000", "time": "2025-07-11T16:38:43.289971Z", "fetched_at": "2025-07-11T16:39:34.290737+00:00", "symbol": "BTC-USD"}, {"trade_id": 847628512, "side": "buy", "size": "0.00000922", "price": "117399.98000000", "time": "2025-07-11T16:38:43.165689Z", "fetched_at": "2025-07-11T16:39:34.290737+00:00", "symbol": "BTC-USD"}, {"trade_id": 847628511, "side": "sell", "size": "0.00310892", "price": "117390.28000000", "time": "2025-07-11T16:38:43.112704Z", "fetched_at": "2025-07-11T16:39:34.290737+00:00", "symbol": "BTC-USD"}, {"trade_id": 847628510, "side": "sell", "size": "0.09923985", "price": "117390.28000000", "time": "2025-07-11T16:38:43.107329Z", "fetched_at": "2025-07-11T16:39:34.290737+00:00", "symbol": "BTC-USD"}, {"trade_id": 847628509, "side": "sell", "size": "0.04720569", "price": "117390.28000000", "time": "2025-07-11T16:38:43.107280Z", "fetched_at": "2025-07-11T16:39:34.290737+00:00", "symbol": "BTC-USD"}, {"trade_id": 847628508, "side": "sell", "size": "0.04434866", "price": "117390.28000000", "time": "2025-07-11T16:38:43.107014Z", "fetched_at": "2025-07-11T16:39:34.290737+00:00", "symbol": "BTC-USD"}, {"trade_id": 847628507, "side": "sell", "size": "0.01539496", "price": "117390.28000000", "time": "2025-07-11T16:38:43.106979Z", "fetched_at": "2025-07-11T16:39:34.290737+00:00", "symbol": "BTC-USD"}, {"trade_id": 847628506, "side": "sell", "size": "0.00683155", "price": "117390.28000000", "time": "2025-07-11T16:38:43.106130Z", "fetched_at": "2025-07-11T16:39:34.290737+00:00", "symbol": "BTC-USD"}, {"trade_id": 847628505, "side": "sell", "size": "0.02460656", "price": "117390.28000000", "time": "2025-07-11T16:38:43.104470Z", "fetched_at": "2025-07-11T16:39:34.290737+00:00", "symbol": "BTC-USD"}, {"trade_id": 847628504, "side": "sell", "size": "0.00000742", "price": "117390.28000000", "time": "2025-07-11T16:38:43.099518Z", "fetched_at": "2025-07-11T16:39:34.290737+00:00", "symbol": "BTC-USD"}, {"trade_id": 847628503, "side": "sell", "size": "0.00845512", "price": "117390.28000000", "time": "2025-07-11T16:38:42.729241Z", "fetched_at": "2025-07-11T16:39:34.290737+00:00", "symbol": "BTC-USD"}, {"trade_id": 847628502, "side": "buy", "size": "0.00158406", "price": "117390.27000000", "time": "2025-07-11T16:38:42.692777Z", "fetched_at": "2025-07-11T16:39:34.290737+00:00", "symbol": "BTC-USD"}, {"trade_id": 847628501, "side": "sell", "size": "0.00001778", "price": "117390.28000000", "time": "2025-07-11T16:38:42.672120Z", "fetched_at": "2025-07-11T16:39:34.290737+00:00", "symbol": "BTC-USD"}, {"trade_id": 847628500, "side": "sell", "size": "0.03990200", "price": "117385.77000000", "time": "2025-07-11T16:38:41.975906Z", "fetched_at": "2025-07-11T16:39:34.290737+00:00", "symbol": "BTC-USD"}, {"trade_id": 847628499, "side": "sell", "size": "0.01009727", "price": "117385.77000000", "time": "2025-07-11T16:38:41.975906Z", "fetched_at": "2025-07-11T16:39:34.290737+00:00", "symbol": "BTC-USD"}, {"trade_id": 847628498, "side": "sell", "size": "0.00000664", "price": "117385.76000000", "time": "2025-07-11T16:38:41.975906Z", "fetched_at": "2025-07-11T16:39:34.290737+00:00", "symbol": "BTC-USD"}, {"trade_id": 847628497, "side": "sell", "size": "0.00092800", "price": "117385.76000000", "time": "2025-07-11T16:38:41.975906Z", "fetched_at": "2025-07-11T16:39:34.290737+00:00", "symbol": "BTC-USD"}, {"trade_id": 847628496, "side": "sell", "size": "0.00000212", "price": "117385.76000000", "time": "2025-07-11T16:38:41.975906Z", "fetched_at": "2025-07-11T16:39:34.290737+00:00", "symbol": "BTC-USD"}, {"trade_id": 847628495, "side": "sell", "size": "0.00008500", "price": "117385.76000000", "time": "2025-07-11T16:38:41.975906Z", "fetched_at": "2025-07-11T16:39:34.290737+00:00", "symbol": "BTC-USD"}, {"trade_id": 847628494, "side": "sell", "size": "0.00001034", "price": "117385.76000000", "time": "2025-07-11T16:38:41.975906Z", "fetched_at": "2025-07-11T16:39:34.290737+00:00", "symbol": "BTC-USD"}, {"trade_id": 847628493, "side": "sell", "size": "0.00008200", "price": "117385.76000000", "time": "2025-07-11T16:38:41.975906Z", "fetched_at": "2025-07-11T16:39:34.290737+00:00", "symbol": "BTC-USD"}, {"trade_id": 847628492, "side": "sell", "size": "0.04081700", "price": "117385.76000000", "time": "2025-07-11T16:38:41.975906Z", "fetched_at": "2025-07-11T16:39:34.290737+00:00", "symbol": "BTC-USD"}, {"trade_id": 847628491, "side": "sell", "size": "0.00000429", "price": "117385.76000000", "time": "2025-07-11T16:38:41.975906Z", "fetched_at": "2025-07-11T16:39:34.290737+00:00", "symbol": "BTC-USD"}, {"trade_id": 847628490, "side": "sell", "size": "0.00808340", "price": "117385.76000000", "time": "2025-07-11T16:38:41.871594Z", "fetched_at": "2025-07-11T16:39:34.290737+00:00", "symbol": "BTC-USD"}, {"trade_id": 847628489, "side": "sell", "size": "0.00092823", "price": "117385.76000000", "time": "2025-07-11T16:38:41.400474Z", "fetched_at": "2025-07-11T16:39:34.290737+00:00", "symbol": "BTC-USD"}, {"trade_id": 847628488, "side": "buy", "size": "0.00341659", "price": "117385.74000000", "time": "2025-07-11T16:38:41.308783Z", "fetched_at": "2025-07-11T16:39:34.290737+00:00", "symbol": "BTC-USD"}, {"trade_id": 847628487, "side": "buy", "size": "0.00006851", "price": "117385.75000000", "time": "2025-07-11T16:38:41.308783Z", "fetched_at": "2025-07-11T16:39:34.290737+00:00", "symbol": "BTC-USD"}, {"trade_id": 847628486, "side": "sell", "size": "0.00008436", "price": "117385.76000000", "time": "2025-07-11T16:38:40.810464Z", "fetched_at": "2025-07-11T16:39:34.290737+00:00", "symbol": "BTC-USD"}, {"trade_id": 847628485, "side": "sell", "size": "0.00008225", "price": "117385.76000000", "time": "2025-07-11T16:38:39.826261Z", "fetched_at": "2025-07-11T16:39:34.290737+00:00", "symbol": "BTC-USD"}, {"trade_id": 847628484, "side": "sell", "size": "0.00000075", "price": "117385.76000000", "time": "2025-07-11T16:38:39.509592Z", "fetched_at": "2025-07-11T16:39:34.290737+00:00", "symbol": "BTC-USD"}, {"trade_id": 847628483, "side": "sell", "size": "0.00054210", "price": "117385.76000000", "time": "2025-07-11T16:38:39.323287Z", "fetched_at": "2025-07-11T16:39:34.290737+00:00", "symbol": "BTC-USD"}, {"trade_id": 847628482, "side": "sell", "size": "0.00037262", "price": "117385.76000000", "time": "2025-07-11T16:38:39.316930Z", "fetched_at": "2025-07-11T16:39:34.290737+00:00", "symbol": "BTC-USD"}, {"trade_id": 847628481, "side": "buy", "size": "0.00425944", "price": "117386.37000000", "time": "2025-07-11T16:38:39.215696Z", "fetched_at": "2025-07-11T16:39:34.290737+00:00", "symbol": "BTC-USD"}, {"trade_id": 847628480, "side": "buy", "size": "0.01807704", "price": "117386.41000000", "time": "2025-07-11T16:38:39.215696Z", "fetched_at": "2025-07-11T16:39:34.290737+00:00", "symbol": "BTC-USD"}, {"trade_id": 847628479, "side": "buy", "size": "0.01750424", "price": "117386.42000000", "time": "2025-07-11T16:38:39.215696Z", "fetched_at": "2025-07-11T16:39:34.290737+00:00", "symbol": "BTC-USD"}, {"trade_id": 847628478, "side": "buy", "size": "0.00006201", "price": "117386.43000000", "time": "2025-07-11T16:38:39.215696Z", "fetched_at": "2025-07-11T16:39:34.290737+00:00", "symbol": "BTC-USD"}, {"trade_id": 847628477, "side": "sell", "size": "0.00008439", "price": "117390.28000000", "time": "2025-07-11T16:38:39.114424Z", "fetched_at": "2025-07-11T16:39:34.290737+00:00", "symbol": "BTC-USD"}, {"trade_id": 847628476, "side": "buy", "size": "0.00004309", "price": "117390.27000000", "time": "2025-07-11T16:38:38.975151Z", "fetched_at": "2025-07-11T16:39:34.290737+00:00", "symbol": "BTC-USD"}, {"trade_id": 847628475, "side": "sell", "size": "0.00003661", "price": "117390.28000000", "time": "2025-07-11T16:38:38.267628Z", "fetched_at": "2025-07-11T16:39:34.290737+00:00", "symbol": "BTC-USD"}, {"trade_id": 847628474, "side": "sell", "size": "0.00041404", "price": "117390.28000000", "time": "2025-07-11T16:38:38.116570Z", "fetched_at": "2025-07-11T16:39:34.290737+00:00", "symbol": "BTC-USD"}, {"trade_id": 847628473, "side": "buy", "size": "0.00641485", "price": "117386.78000000", "time": "2025-07-11T16:38:38.087066Z", "fetched_at": "2025-07-11T16:39:34.290737+00:00", "symbol": "BTC-USD"}, {"trade_id": 847628472, "side": "buy", "size": "0.01749000", "price": "117386.79000000", "time": "2025-07-11T16:38:38.087066Z", "fetched_at": "2025-07-11T16:39:34.290737+00:00", "symbol": "BTC-USD"}, {"trade_id": 847628471, "side": "buy", "size": "0.00007719", "price": "117390.27000000", "time": "2025-07-11T16:38:38.087066Z", "fetched_at": "2025-07-11T16:39:34.290737+00:00", "symbol": "BTC-USD"}, {"trade_id": 847628470, "side": "sell", "size": "0.00024845", "price": "117390.28000000", "time": "2025-07-11T16:38:37.964050Z", "fetched_at": "2025-07-11T16:39:34.290737+00:00", "symbol": "BTC-USD"}, {"trade_id": 847628469, "side": "buy", "size": "0.00195450", "price": "117386.78000000", "time": "2025-07-11T16:38:37.700026Z", "fetched_at": "2025-07-11T16:39:34.290737+00:00", "symbol": "BTC-USD"}, {"trade_id": 847628468, "side": "buy", "size": "0.00133439", "price": "117387.23000000", "time": "2025-07-11T16:38:37.700026Z", "fetched_at": "2025-07-11T16:39:34.290737+00:00", "symbol": "BTC-USD"}, {"trade_id": 847628467, "side": "buy", "size": "0.00263673", "price": "117387.24000000", "time": "2025-07-11T16:38:37.700026Z", "fetched_at": "2025-07-11T16:39:34.290737+00:00", "symbol": "BTC-USD"}, {"trade_id": 847628466, "side": "buy", "size": "0.00007438", "price": "117387.33000000", "time": "2025-07-11T16:38:37.700026Z", "fetched_at": "2025-07-11T16:39:34.290737+00:00", "symbol": "BTC-USD"}, {"trade_id": 847628465, "side": "buy", "size": "0.00292504", "price": "117387.23000000", "time": "2025-07-11T16:38:37.653507Z", "fetched_at": "2025-07-11T16:39:34.290737+00:00", "symbol": "BTC-USD"}, {"trade_id": 847628464, "side": "buy", "size": "0.00130435", "price": "117390.27000000", "time": "2025-07-11T16:38:37.653507Z", "fetched_at": "2025-07-11T16:39:34.290737+00:00", "symbol": "BTC-USD"}, {"trade_id": 847628463, "side": "buy", "size": "0.00007437", "price": "117390.27000000", "time": "2025-07-11T16:38:37.653507Z", "fetched_at": "2025-07-11T16:39:34.290737+00:00", "symbol": "BTC-USD"}, {"trade_id": 847628462, "side": "sell", "size": "0.00000844", "price": "117390.28000000", "time": "2025-07-11T16:38:37.406758Z", "fetched_at": "2025-07-11T16:39:34.290737+00:00", "symbol": "BTC-USD"}, {"trade_id": 847628461, "side": "sell", "size": "0.00033119", "price": "117390.28000000", "time": "2025-07-11T16:38:37.369781Z", "fetched_at": "2025-07-11T16:39:34.290737+00:00", "symbol": "BTC-USD"}, {"trade_id": 847628460, "side": "sell", "size": "0.00079665", "price": "117392.61000000", "time": "2025-07-11T16:38:36.820360Z", "fetched_at": "2025-07-11T16:39:34.290737+00:00", "symbol": "BTC-USD"}, {"trade_id": 847628459, "side": "sell", "size": "0.01289170", "price": "117395.56000000", "time": "2025-07-11T16:38:36.798591Z", "fetched_at": "2025-07-11T16:39:34.290737+00:00", "symbol": "BTC-USD"}, {"trade_id": 847628458, "side": "sell", "size": "0.00003840", "price": "117395.55000000", "time": "2025-07-11T16:38:36.798591Z", "fetched_at": "2025-07-11T16:39:34.290737+00:00", "symbol": "BTC-USD"}, {"trade_id": 847628457, "side": "sell", "size": "0.00001000", "price": "117392.00000000", "time": "2025-07-11T16:38:36.798591Z", "fetched_at": "2025-07-11T16:39:34.290737+00:00", "symbol": "BTC-USD"}, {"trade_id": 847628456, "side": "sell", "size": "0.00000665", "price": "117390.05000000", "time": "2025-07-11T16:38:36.798591Z", "fetched_at": "2025-07-11T16:39:34.290737+00:00", "symbol": "BTC-USD"}, {"trade_id": 847628455, "side": "sell", "size": "0.00000212", "price": "117390.05000000", "time": "2025-07-11T16:38:36.798591Z", "fetched_at": "2025-07-11T16:39:34.290737+00:00", "symbol": "BTC-USD"}, {"trade_id": 847628454, "side": "sell", "size": "0.00488306", "price": "117390.05000000", "time": "2025-07-11T16:38:36.798591Z", "fetched_at": "2025-07-11T16:39:34.290737+00:00", "symbol": "BTC-USD"}, {"trade_id": 847628453, "side": "sell", "size": "0.00701000", "price": "117390.03000000", "time": "2025-07-11T16:38:36.798591Z", "fetched_at": "2025-07-11T16:39:34.290737+00:00", "symbol": "BTC-USD"}, {"trade_id": 847628452, "side": "sell", "size": "0.00011754", "price": "117390.05000000", "time": "2025-07-11T16:38:36.493446Z", "fetched_at": "2025-07-11T16:39:34.290737+00:00", "symbol": "BTC-USD"}, {"trade_id": 847628451, "side": "sell", "size": "0.00003811", "price": "117390.04000000", "time": "2025-07-11T16:38:36.493446Z", "fetched_at": "2025-07-11T16:39:34.290737+00:00", "symbol": "BTC-USD"}, {"trade_id": 847628450, "side": "sell", "size": "0.00001000", "price": "117383.20000000", "time": "2025-07-11T16:38:36.493446Z", "fetched_at": "2025-07-11T16:39:34.290737+00:00", "symbol": "BTC-USD"}, {"trade_id": 847628449, "side": "sell", "size": "0.00001033", "price": "117378.55000000", "time": "2025-07-11T16:38:36.468067Z", "fetched_at": "2025-07-11T16:39:34.290737+00:00", "symbol": "BTC-USD"}, {"trade_id": 847628448, "side": "sell", "size": "0.17141151", "price": "117378.55000000", "time": "2025-07-11T16:38:36.468067Z", "fetched_at": "2025-07-11T16:39:34.290737+00:00", "symbol": "BTC-USD"}, {"trade_id": 847628447, "side": "sell", "size": "0.07858849", "price": "117378.55000000", "time": "2025-07-11T16:38:36.117014Z", "fetched_at": "2025-07-11T16:39:34.290737+00:00", "symbol": "BTC-USD"}, {"trade_id": 847628446, "side": "sell", "size": "0.00422952", "price": "117378.55000000", "time": "2025-07-11T16:38:36.117014Z", "fetched_at": "2025-07-11T16:39:34.290737+00:00", "symbol": "BTC-USD"}, {"trade_id": 847628445, "side": "sell", "size": "0.00077014", "price": "117378.55000000", "time": "2025-07-11T16:38:35.884846Z", "fetched_at": "2025-07-11T16:39:34.290737+00:00", "symbol": "BTC-USD"}, {"trade_id": 847628444, "side": "buy", "size": "0.05000000", "price": "117378.54000000", "time": "2025-07-11T16:38:35.679511Z", "fetched_at": "2025-07-11T16:39:34.290737+00:00", "symbol": "BTC-USD"}, {"trade_id": 847628443, "side": "buy", "size": "0.01279018", "price": "117378.54000000", "time": "2025-07-11T16:38:35.679465Z", "fetched_at": "2025-07-11T16:39:34.290737+00:00", "symbol": "BTC-USD"}, {"trade_id": 847628442, "side": "buy", "size": "0.00021494", "price": "117378.54000000", "time": "2025-07-11T16:38:35.679465Z", "fetched_at": "2025-07-11T16:39:34.290737+00:00", "symbol": "BTC-USD"}, {"trade_id": 847628441, "side": "buy", "size": "0.00517028", "price": "117378.54000000", "time": "2025-07-11T16:38:35.679465Z", "fetched_at": "2025-07-11T16:39:34.290737+00:00", "symbol": "BTC-USD"}, {"trade_id": 847628440, "side": "buy", "size": "0.00425948", "price": "117378.54000000", "time": "2025-07-11T16:38:35.679465Z", "fetched_at": "2025-07-11T16:39:34.290737+00:00", "symbol": "BTC-USD"}, {"trade_id": 847628439, "side": "buy", "size": "0.02756512", "price": "117378.54000000", "time": "2025-07-11T16:38:35.679465Z", "fetched_at": "2025-07-11T16:39:34.290737+00:00", "symbol": "BTC-USD"}, {"trade_id": 847628438, "side": "buy", "size": "0.00003584", "price": "117378.54000000", "time": "2025-07-11T16:38:35.478209Z", "fetched_at": "2025-07-11T16:39:34.290737+00:00", "symbol": "BTC-USD"}, {"trade_id": 847628437, "side": "buy", "size": "0.00672550", "price": "117378.54000000", "time": "2025-07-11T16:38:35.474197Z", "fetched_at": "2025-07-11T16:39:34.290737+00:00", "symbol": "BTC-USD"}, {"trade_id": 847628436, "side": "buy", "size": "0.04327450", "price": "117378.54000000", "time": "2025-07-11T16:38:35.474197Z", "fetched_at": "2025-07-11T16:39:34.290737+00:00", "symbol": "BTC-USD"}, {"trade_id": 847628435, "side": "buy", "size": "0.01875891", "price": "117378.54000000", "time": "2025-07-11T16:38:35.474135Z", "fetched_at": "2025-07-11T16:39:34.290737+00:00", "symbol": "BTC-USD"}, {"trade_id": 847628434, "side": "buy", "size": "0.03124109", "price": "117378.54000000", "time": "2025-07-11T16:38:35.474135Z", "fetched_at": "2025-07-11T16:39:34.290737+00:00", "symbol": "BTC-USD"}, {"trade_id": 847628433, "side": "buy", "size": "0.00000543", "price": "117378.54000000", "time": "2025-07-11T16:38:35.156805Z", "fetched_at": "2025-07-11T16:39:34.290737+00:00", "symbol": "BTC-USD"}, {"trade_id": 847628432, "side": "sell", "size": "0.00001000", "price": "117374.40000000", "time": "2025-07-11T16:38:34.764989Z", "fetched_at": "2025-07-11T16:39:34.290737+00:00", "symbol": "BTC-USD"}, {"trade_id": 847628431, "side": "sell", "size": "0.00035074", "price": "117371.80000000", "time": "2025-07-11T16:38:34.764989Z", "fetched_at": "2025-07-11T16:39:34.290737+00:00", "symbol": "BTC-USD"}, {"trade_id": 847628430, "side": "sell", "size": "0.00041409", "price": "117371.80000000", "time": "2025-07-11T16:38:34.270397Z", "fetched_at": "2025-07-11T16:39:34.290737+00:00", "symbol": "BTC-USD"}, {"trade_id": 847628429, "side": "sell", "size": "0.00832989", "price": "117371.80000000", "time": "2025-07-11T16:38:34.193941Z", "fetched_at": "2025-07-11T16:39:34.290737+00:00", "symbol": "BTC-USD"}, {"trade_id": 847628428, "side": "sell", "size": "0.00001858", "price": "117365.60000000", "time": "2025-07-11T16:38:34.193941Z", "fetched_at": "2025-07-11T16:39:34.290737+00:00", "symbol": "BTC-USD"}, {"trade_id": 847628427, "side": "sell", "size": "0.00001000", "price": "117365.60000000", "time": "2025-07-11T16:38:34.193941Z", "fetched_at": "2025-07-11T16:39:34.290737+00:00", "symbol": "BTC-USD"}, {"trade_id": 847628426, "side": "sell", "size": "0.02499748", "price": "117357.61000000", "time": "2025-07-11T16:38:34.039621Z", "fetched_at": "2025-07-11T16:39:34.290737+00:00", "symbol": "BTC-USD"}, {"trade_id": 847628425, "side": "sell", "size": "0.01262670", "price": "117357.03000000", "time": "2025-07-11T16:38:34.039621Z", "fetched_at": "2025-07-11T16:39:34.290737+00:00", "symbol": "BTC-USD"}, {"trade_id": 847628424, "side": "sell", "size": "0.00003049", "price": "117357.02000000", "time": "2025-07-11T16:38:34.039621Z", "fetched_at": "2025-07-11T16:39:34.290737+00:00", "symbol": "BTC-USD"}, {"trade_id": 847628423, "side": "sell", "size": "0.00001000", "price": "117356.80000000", "time": "2025-07-11T16:38:34.039621Z", "fetched_at": "2025-07-11T16:39:34.290737+00:00", "symbol": "BTC-USD"}, {"trade_id": 847628422, "side": "sell", "size": "0.25000000", "price": "117355.71000000", "time": "2025-07-11T16:38:34.028951Z", "fetched_at": "2025-07-11T16:39:34.290737+00:00", "symbol": "BTC-USD"}, {"trade_id": 847628421, "side": "sell", "size": "0.02417511", "price": "117355.71000000", "time": "2025-07-11T16:38:34.028951Z", "fetched_at": "2025-07-11T16:39:34.290737+00:00", "symbol": "BTC-USD"}, {"trade_id": 847628420, "side": "sell", "size": "0.00041405", "price": "117355.71000000", "time": "2025-07-11T16:38:33.950328Z", "fetched_at": "2025-07-11T16:39:34.290737+00:00", "symbol": "BTC-USD"}, {"trade_id": 847628419, "side": "sell", "size": "0.00015682", "price": "117355.71000000", "time": "2025-07-11T16:38:33.647840Z", "fetched_at": "2025-07-11T16:39:34.290737+00:00", "symbol": "BTC-USD"}, {"trade_id": 847628418, "side": "sell", "size": "0.00001089", "price": "117354.88000000", "time": "2025-07-11T16:38:33.647840Z", "fetched_at": "2025-07-11T16:39:34.290737+00:00", "symbol": "BTC-USD"}, {"trade_id": 847628417, "side": "sell", "size": "0.00019123", "price": "117355.71000000", "time": "2025-07-11T16:38:33.397923Z", "fetched_at": "2025-07-11T16:39:34.290737+00:00", "symbol": "BTC-USD"}, {"trade_id": 847628416, "side": "sell", "size": "0.00001089", "price": "117355.70000000", "time": "2025-07-11T16:38:33.397923Z", "fetched_at": "2025-07-11T16:39:34.290737+00:00", "symbol": "BTC-USD"}, {"trade_id": 847628415, "side": "buy", "size": "0.01275187", "price": "117349.78000000", "time": "2025-07-11T16:38:33.287842Z", "fetched_at": "2025-07-11T16:39:34.290737+00:00", "symbol": "BTC-USD"}, {"trade_id": 847628414, "side": "sell", "size": "0.00187281", "price": "117354.45000000", "time": "2025-07-11T16:38:32.860446Z", "fetched_at": "2025-07-11T16:39:34.290737+00:00", "symbol": "BTC-USD"}, {"trade_id": 847628413, "side": "buy", "size": "0.01124045", "price": "117349.58000000", "time": "2025-07-11T16:38:32.400895Z", "fetched_at": "2025-07-11T16:39:34.290737+00:00", "symbol": "BTC-USD"}, {"trade_id": 847628412, "side": "buy", "size": "0.01493911", "price": "117349.59000000", "time": "2025-07-11T16:38:32.400895Z", "fetched_at": "2025-07-11T16:39:34.290737+00:00", "symbol": "BTC-USD"}, {"trade_id": 847628411, "side": "buy", "size": "0.00064063", "price": "117349.59000000", "time": "2025-07-11T16:38:32.400895Z", "fetched_at": "2025-07-11T16:39:34.290737+00:00", "symbol": "BTC-USD"}