[{"trade_id": 847657202, "side": "sell", "size": "0.00040402", "price": "117407.28000000", "time": "2025-07-11T17:39:31.805144Z", "fetched_at": "2025-07-11T17:39:34.188793+00:00", "symbol": "BTC-USD"}, {"trade_id": 847657201, "side": "sell", "size": "0.00242439", "price": "117407.28000000", "time": "2025-07-11T17:39:31.702834Z", "fetched_at": "2025-07-11T17:39:34.188793+00:00", "symbol": "BTC-USD"}, {"trade_id": 847657200, "side": "sell", "size": "0.02357000", "price": "117399.70000000", "time": "2025-07-11T17:39:31.555222Z", "fetched_at": "2025-07-11T17:39:34.188793+00:00", "symbol": "BTC-USD"}, {"trade_id": 847657199, "side": "buy", "size": "0.28839856", "price": "117409.12000000", "time": "2025-07-11T17:39:31.500458Z", "fetched_at": "2025-07-11T17:39:34.188793+00:00", "symbol": "BTC-USD"}, {"trade_id": 847657198, "side": "sell", "size": "0.02434117", "price": "117406.94000000", "time": "2025-07-11T17:39:31.495653Z", "fetched_at": "2025-07-11T17:39:34.188793+00:00", "symbol": "BTC-USD"}, {"trade_id": 847657197, "side": "sell", "size": "0.01807500", "price": "117399.72000000", "time": "2025-07-11T17:39:31.495653Z", "fetched_at": "2025-07-11T17:39:34.188793+00:00", "symbol": "BTC-USD"}, {"trade_id": 847657196, "side": "sell", "size": "0.00851790", "price": "117399.70000000", "time": "2025-07-11T17:39:31.495653Z", "fetched_at": "2025-07-11T17:39:34.188793+00:00", "symbol": "BTC-USD"}, {"trade_id": 847657195, "side": "sell", "size": "0.02357000", "price": "117399.70000000", "time": "2025-07-11T17:39:31.495653Z", "fetched_at": "2025-07-11T17:39:34.188793+00:00", "symbol": "BTC-USD"}, {"trade_id": 847657194, "side": "buy", "size": "0.00113285", "price": "117402.06000000", "time": "2025-07-11T17:39:31.388943Z", "fetched_at": "2025-07-11T17:39:34.188793+00:00", "symbol": "BTC-USD"}, {"trade_id": 847657193, "side": "buy", "size": "0.00339857", "price": "117402.06000000", "time": "2025-07-11T17:39:31.388943Z", "fetched_at": "2025-07-11T17:39:34.188793+00:00", "symbol": "BTC-USD"}, {"trade_id": 847657192, "side": "buy", "size": "0.00000068", "price": "117402.06000000", "time": "2025-07-11T17:39:31.388943Z", "fetched_at": "2025-07-11T17:39:34.188793+00:00", "symbol": "BTC-USD"}, {"trade_id": 847657191, "side": "sell", "size": "0.00000008", "price": "117402.07000000", "time": "2025-07-11T17:39:31.334643Z", "fetched_at": "2025-07-11T17:39:34.188793+00:00", "symbol": "BTC-USD"}, {"trade_id": 847657190, "side": "sell", "size": "0.00043985", "price": "117402.07000000", "time": "2025-07-11T17:39:31.306915Z", "fetched_at": "2025-07-11T17:39:34.188793+00:00", "symbol": "BTC-USD"}, {"trade_id": 847657189, "side": "buy", "size": "0.53096537", "price": "117410.03000000", "time": "2025-07-11T17:39:31.288808Z", "fetched_at": "2025-07-11T17:39:34.188793+00:00", "symbol": "BTC-USD"}, {"trade_id": 847657188, "side": "sell", "size": "0.05000000", "price": "117409.02000000", "time": "2025-07-11T17:39:31.284158Z", "fetched_at": "2025-07-11T17:39:34.188793+00:00", "symbol": "BTC-USD"}, {"trade_id": 847657187, "side": "sell", "size": "0.01807463", "price": "117402.09000000", "time": "2025-07-11T17:39:31.284158Z", "fetched_at": "2025-07-11T17:39:34.188793+00:00", "symbol": "BTC-USD"}, {"trade_id": 847657186, "side": "sell", "size": "0.06972241", "price": "117410.04000000", "time": "2025-07-11T17:39:31.275526Z", "fetched_at": "2025-07-11T17:39:34.188793+00:00", "symbol": "BTC-USD"}, {"trade_id": 847657185, "side": "sell", "size": "0.00001000", "price": "117409.60000000", "time": "2025-07-11T17:39:31.275526Z", "fetched_at": "2025-07-11T17:39:34.188793+00:00", "symbol": "BTC-USD"}, {"trade_id": 847657184, "side": "sell", "size": "0.29455900", "price": "117409.04000000", "time": "2025-07-11T17:39:31.275526Z", "fetched_at": "2025-07-11T17:39:34.188793+00:00", "symbol": "BTC-USD"}, {"trade_id": 847657183, "side": "sell", "size": "0.20825798", "price": "117409.03000000", "time": "2025-07-11T17:39:31.275526Z", "fetched_at": "2025-07-11T17:39:34.188793+00:00", "symbol": "BTC-USD"}, {"trade_id": 847657182, "side": "sell", "size": "0.25393612", "price": "117409.03000000", "time": "2025-07-11T17:39:31.275526Z", "fetched_at": "2025-07-11T17:39:34.188793+00:00", "symbol": "BTC-USD"}, {"trade_id": 847657181, "side": "sell", "size": "0.02311729", "price": "117405.85000000", "time": "2025-07-11T17:39:31.275526Z", "fetched_at": "2025-07-11T17:39:34.188793+00:00", "symbol": "BTC-USD"}, {"trade_id": 847657180, "side": "sell", "size": "0.03489269", "price": "117405.36000000", "time": "2025-07-11T17:39:31.275526Z", "fetched_at": "2025-07-11T17:39:34.188793+00:00", "symbol": "BTC-USD"}, {"trade_id": 847657179, "side": "sell", "size": "0.05000000", "price": "117405.35000000", "time": "2025-07-11T17:39:31.275526Z", "fetched_at": "2025-07-11T17:39:34.188793+00:00", "symbol": "BTC-USD"}, {"trade_id": 847657178, "side": "sell", "size": "0.00499980", "price": "117405.04000000", "time": "2025-07-11T17:39:31.275526Z", "fetched_at": "2025-07-11T17:39:34.188793+00:00", "symbol": "BTC-USD"}, {"trade_id": 847657177, "side": "sell", "size": "0.08563863", "price": "117404.82000000", "time": "2025-07-11T17:39:31.275526Z", "fetched_at": "2025-07-11T17:39:34.188793+00:00", "symbol": "BTC-USD"}, {"trade_id": 847657176, "side": "sell", "size": "0.01000000", "price": "117404.81000000", "time": "2025-07-11T17:39:31.275526Z", "fetched_at": "2025-07-11T17:39:34.188793+00:00", "symbol": "BTC-USD"}, {"trade_id": 847657175, "side": "sell", "size": "0.01807463", "price": "117402.09000000", "time": "2025-07-11T17:39:31.275526Z", "fetched_at": "2025-07-11T17:39:34.188793+00:00", "symbol": "BTC-USD"}, {"trade_id": 847657174, "side": "sell", "size": "0.00001034", "price": "117402.07000000", "time": "2025-07-11T17:39:31.275526Z", "fetched_at": "2025-07-11T17:39:34.188793+00:00", "symbol": "BTC-USD"}, {"trade_id": 847657173, "side": "sell", "size": "0.00013503", "price": "117402.07000000", "time": "2025-07-11T17:39:31.275526Z", "fetched_at": "2025-07-11T17:39:34.188793+00:00", "symbol": "BTC-USD"}, {"trade_id": 847657172, "side": "sell", "size": "0.00851773", "price": "117402.07000000", "time": "2025-07-11T17:39:31.275526Z", "fetched_at": "2025-07-11T17:39:34.188793+00:00", "symbol": "BTC-USD"}, {"trade_id": 847657171, "side": "sell", "size": "0.03812778", "price": "117402.07000000", "time": "2025-07-11T17:39:31.275526Z", "fetched_at": "2025-07-11T17:39:34.188793+00:00", "symbol": "BTC-USD"}, {"trade_id": 847657170, "side": "buy", "size": "0.01165974", "price": "117402.06000000", "time": "2025-07-11T17:39:31.179964Z", "fetched_at": "2025-07-11T17:39:34.188793+00:00", "symbol": "BTC-USD"}, {"trade_id": 847657169, "side": "buy", "size": "0.08776898", "price": "117402.06000000", "time": "2025-07-11T17:39:31.166312Z", "fetched_at": "2025-07-11T17:39:34.188793+00:00", "symbol": "BTC-USD"}, {"trade_id": 847657168, "side": "buy", "size": "0.00021877", "price": "117402.06000000", "time": "2025-07-11T17:39:30.809337Z", "fetched_at": "2025-07-11T17:39:34.188793+00:00", "symbol": "BTC-USD"}, {"trade_id": 847657167, "side": "buy", "size": "0.00720393", "price": "117402.06000000", "time": "2025-07-11T17:39:30.629809Z", "fetched_at": "2025-07-11T17:39:34.188793+00:00", "symbol": "BTC-USD"}, {"trade_id": 847657166, "side": "buy", "size": "0.00025815", "price": "117402.06000000", "time": "2025-07-11T17:39:30.624264Z", "fetched_at": "2025-07-11T17:39:34.188793+00:00", "symbol": "BTC-USD"}, {"trade_id": 847657165, "side": "buy", "size": "0.03389849", "price": "117402.06000000", "time": "2025-07-11T17:39:30.621233Z", "fetched_at": "2025-07-11T17:39:34.188793+00:00", "symbol": "BTC-USD"}, {"trade_id": 847657164, "side": "buy", "size": "0.00258154", "price": "117402.06000000", "time": "2025-07-11T17:39:30.617994Z", "fetched_at": "2025-07-11T17:39:34.188793+00:00", "symbol": "BTC-USD"}, {"trade_id": 847657163, "side": "buy", "size": "0.00904565", "price": "117402.06000000", "time": "2025-07-11T17:39:30.581658Z", "fetched_at": "2025-07-11T17:39:34.188793+00:00", "symbol": "BTC-USD"}, {"trade_id": 847657162, "side": "buy", "size": "0.02753882", "price": "117402.06000000", "time": "2025-07-11T17:39:30.571574Z", "fetched_at": "2025-07-11T17:39:34.188793+00:00", "symbol": "BTC-USD"}, {"trade_id": 847657161, "side": "buy", "size": "0.20659960", "price": "117402.06000000", "time": "2025-07-11T17:39:30.531161Z", "fetched_at": "2025-07-11T17:39:34.188793+00:00", "symbol": "BTC-USD"}, {"trade_id": 847657160, "side": "sell", "size": "0.00020203", "price": "117402.07000000", "time": "2025-07-11T17:39:30.186825Z", "fetched_at": "2025-07-11T17:39:34.188793+00:00", "symbol": "BTC-USD"}, {"trade_id": 847657159, "side": "buy", "size": "0.01376819", "price": "117402.06000000", "time": "2025-07-11T17:39:30.026941Z", "fetched_at": "2025-07-11T17:39:34.188793+00:00", "symbol": "BTC-USD"}, {"trade_id": 847657158, "side": "buy", "size": "0.00042588", "price": "117402.06000000", "time": "2025-07-11T17:39:29.804401Z", "fetched_at": "2025-07-11T17:39:34.188793+00:00", "symbol": "BTC-USD"}, {"trade_id": 847657157, "side": "buy", "size": "0.00300000", "price": "117402.06000000", "time": "2025-07-11T17:39:29.012038Z", "fetched_at": "2025-07-11T17:39:34.188793+00:00", "symbol": "BTC-USD"}, {"trade_id": 847657156, "side": "sell", "size": "0.00026183", "price": "117402.00000000", "time": "2025-07-11T17:39:28.969300Z", "fetched_at": "2025-07-11T17:39:34.188793+00:00", "symbol": "BTC-USD"}, {"trade_id": 847657155, "side": "sell", "size": "0.00001000", "price": "117400.80000000", "time": "2025-07-11T17:39:28.969300Z", "fetched_at": "2025-07-11T17:39:34.188793+00:00", "symbol": "BTC-USD"}, {"trade_id": 847657154, "side": "sell", "size": "0.00001114", "price": "117399.70000000", "time": "2025-07-11T17:39:28.969300Z", "fetched_at": "2025-07-11T17:39:34.188793+00:00", "symbol": "BTC-USD"}, {"trade_id": 847657153, "side": "buy", "size": "0.00001993", "price": "117399.69000000", "time": "2025-07-11T17:39:28.925127Z", "fetched_at": "2025-07-11T17:39:34.188793+00:00", "symbol": "BTC-USD"}, {"trade_id": 847657152, "side": "sell", "size": "0.00000768", "price": "117393.34000000", "time": "2025-07-11T17:39:28.538989Z", "fetched_at": "2025-07-11T17:39:34.188793+00:00", "symbol": "BTC-USD"}, {"trade_id": 847657151, "side": "sell", "size": "0.00107652", "price": "117393.34000000", "time": "2025-07-11T17:39:28.454706Z", "fetched_at": "2025-07-11T17:39:34.188793+00:00", "symbol": "BTC-USD"}, {"trade_id": 847657150, "side": "buy", "size": "0.00048934", "price": "117393.33000000", "time": "2025-07-11T17:39:28.117740Z", "fetched_at": "2025-07-11T17:39:34.188793+00:00", "symbol": "BTC-USD"}, {"trade_id": 847657149, "side": "sell", "size": "0.00048514", "price": "117393.34000000", "time": "2025-07-11T17:39:27.914610Z", "fetched_at": "2025-07-11T17:39:34.188793+00:00", "symbol": "BTC-USD"}, {"trade_id": 847657148, "side": "sell", "size": "0.00016869", "price": "117393.34000000", "time": "2025-07-11T17:39:27.870540Z", "fetched_at": "2025-07-11T17:39:34.188793+00:00", "symbol": "BTC-USD"}, {"trade_id": 847657147, "side": "sell", "size": "0.00084347", "price": "117393.34000000", "time": "2025-07-11T17:39:27.482043Z", "fetched_at": "2025-07-11T17:39:34.188793+00:00", "symbol": "BTC-USD"}, {"trade_id": 847657146, "side": "sell", "size": "0.00000664", "price": "117392.00000000", "time": "2025-07-11T17:39:27.331082Z", "fetched_at": "2025-07-11T17:39:34.188793+00:00", "symbol": "BTC-USD"}, {"trade_id": 847657145, "side": "sell", "size": "0.00000212", "price": "117392.00000000", "time": "2025-07-11T17:39:27.331082Z", "fetched_at": "2025-07-11T17:39:34.188793+00:00", "symbol": "BTC-USD"}, {"trade_id": 847657144, "side": "sell", "size": "0.00001000", "price": "117392.00000000", "time": "2025-07-11T17:39:27.331082Z", "fetched_at": "2025-07-11T17:39:34.188793+00:00", "symbol": "BTC-USD"}, {"trade_id": 847657143, "side": "buy", "size": "0.00672349", "price": "117391.99000000", "time": "2025-07-11T17:39:26.764811Z", "fetched_at": "2025-07-11T17:39:34.188793+00:00", "symbol": "BTC-USD"}, {"trade_id": 847657142, "side": "sell", "size": "0.00000467", "price": "117390.35000000", "time": "2025-07-11T17:39:26.667915Z", "fetched_at": "2025-07-11T17:39:34.188793+00:00", "symbol": "BTC-USD"}, {"trade_id": 847657141, "side": "sell", "size": "0.00851901", "price": "117384.46000000", "time": "2025-07-11T17:39:26.594696Z", "fetched_at": "2025-07-11T17:39:34.188793+00:00", "symbol": "BTC-USD"}, {"trade_id": 847657140, "side": "sell", "size": "0.01807754", "price": "117383.22000000", "time": "2025-07-11T17:39:26.591340Z", "fetched_at": "2025-07-11T17:39:34.188793+00:00", "symbol": "BTC-USD"}, {"trade_id": 847657139, "side": "sell", "size": "0.00000173", "price": "117383.20000000", "time": "2025-07-11T17:39:26.591340Z", "fetched_at": "2025-07-11T17:39:34.188793+00:00", "symbol": "BTC-USD"}, {"trade_id": 847657138, "side": "sell", "size": "0.00000827", "price": "117383.20000000", "time": "2025-07-11T17:39:26.566885Z", "fetched_at": "2025-07-11T17:39:34.188793+00:00", "symbol": "BTC-USD"}, {"trade_id": 847657137, "side": "sell", "size": "0.00851924", "price": "117381.33000000", "time": "2025-07-11T17:39:26.541918Z", "fetched_at": "2025-07-11T17:39:34.188793+00:00", "symbol": "BTC-USD"}, {"trade_id": 847657136, "side": "sell", "size": "0.00040000", "price": "117381.33000000", "time": "2025-07-11T17:39:26.541918Z", "fetched_at": "2025-07-11T17:39:34.188793+00:00", "symbol": "BTC-USD"}, {"trade_id": 847657135, "side": "sell", "size": "0.00001033", "price": "117378.40000000", "time": "2025-07-11T17:39:26.448018Z", "fetched_at": "2025-07-11T17:39:34.188793+00:00", "symbol": "BTC-USD"}, {"trade_id": 847657134, "side": "sell", "size": "0.00851945", "price": "117378.40000000", "time": "2025-07-11T17:39:26.448018Z", "fetched_at": "2025-07-11T17:39:34.188793+00:00", "symbol": "BTC-USD"}, {"trade_id": 847657133, "side": "sell", "size": "0.00851949", "price": "117377.85000000", "time": "2025-07-11T17:39:25.861724Z", "fetched_at": "2025-07-11T17:39:34.188793+00:00", "symbol": "BTC-USD"}, {"trade_id": 847657132, "side": "sell", "size": "0.02357000", "price": "117377.84000000", "time": "2025-07-11T17:39:25.861724Z", "fetched_at": "2025-07-11T17:39:34.188793+00:00", "symbol": "BTC-USD"}, {"trade_id": 847657131, "side": "sell", "size": "0.00851988", "price": "117372.50000000", "time": "2025-07-11T17:39:25.562386Z", "fetched_at": "2025-07-11T17:39:34.188793+00:00", "symbol": "BTC-USD"}, {"trade_id": 847657130, "side": "sell", "size": "0.01807926", "price": "117372.00000000", "time": "2025-07-11T17:39:25.562386Z", "fetched_at": "2025-07-11T17:39:34.188793+00:00", "symbol": "BTC-USD"}, {"trade_id": 847657129, "side": "sell", "size": "0.00017899", "price": "117372.00000000", "time": "2025-07-11T17:39:25.562386Z", "fetched_at": "2025-07-11T17:39:34.188793+00:00", "symbol": "BTC-USD"}, {"trade_id": 847657128, "side": "sell", "size": "0.00168694", "price": "117372.00000000", "time": "2025-07-11T17:39:25.133621Z", "fetched_at": "2025-07-11T17:39:34.188793+00:00", "symbol": "BTC-USD"}, {"trade_id": 847657127, "side": "sell", "size": "0.00199938", "price": "117372.00000000", "time": "2025-07-11T17:39:25.069207Z", "fetched_at": "2025-07-11T17:39:34.188793+00:00", "symbol": "BTC-USD"}, {"trade_id": 847657126, "side": "sell", "size": "0.00008283", "price": "117372.00000000", "time": "2025-07-11T17:39:24.933887Z", "fetched_at": "2025-07-11T17:39:34.188793+00:00", "symbol": "BTC-USD"}, {"trade_id": 847657125, "side": "buy", "size": "0.00145689", "price": "117371.99000000", "time": "2025-07-11T17:39:24.396266Z", "fetched_at": "2025-07-11T17:39:34.188793+00:00", "symbol": "BTC-USD"}, {"trade_id": 847657124, "side": "sell", "size": "0.00059326", "price": "117372.00000000", "time": "2025-07-11T17:39:23.854712Z", "fetched_at": "2025-07-11T17:39:34.188793+00:00", "symbol": "BTC-USD"}, {"trade_id": 847657123, "side": "sell", "size": "0.00802685", "price": "117372.00000000", "time": "2025-07-11T17:39:22.235567Z", "fetched_at": "2025-07-11T17:39:34.188793+00:00", "symbol": "BTC-USD"}, {"trade_id": 847657122, "side": "sell", "size": "0.00000832", "price": "117371.98000000", "time": "2025-07-11T17:39:22.235567Z", "fetched_at": "2025-07-11T17:39:34.188793+00:00", "symbol": "BTC-USD"}, {"trade_id": 847657121, "side": "sell", "size": "0.00851992", "price": "117371.98000000", "time": "2025-07-11T17:39:22.235567Z", "fetched_at": "2025-07-11T17:39:34.188793+00:00", "symbol": "BTC-USD"}, {"trade_id": 847657120, "side": "sell", "size": "0.00000272", "price": "117371.98000000", "time": "2025-07-11T17:39:22.235567Z", "fetched_at": "2025-07-11T17:39:34.188793+00:00", "symbol": "BTC-USD"}, {"trade_id": 847657119, "side": "sell", "size": "0.00001034", "price": "117371.98000000", "time": "2025-07-11T17:39:22.235567Z", "fetched_at": "2025-07-11T17:39:34.188793+00:00", "symbol": "BTC-USD"}, {"trade_id": 847657118, "side": "sell", "size": "0.00828306", "price": "117371.98000000", "time": "2025-07-11T17:39:21.368261Z", "fetched_at": "2025-07-11T17:39:34.188793+00:00", "symbol": "BTC-USD"}, {"trade_id": 847657117, "side": "sell", "size": "0.00008224", "price": "117371.98000000", "time": "2025-07-11T17:39:21.040306Z", "fetched_at": "2025-07-11T17:39:34.188793+00:00", "symbol": "BTC-USD"}, {"trade_id": 847657116, "side": "sell", "size": "0.00168195", "price": "117371.98000000", "time": "2025-07-11T17:39:21.002919Z", "fetched_at": "2025-07-11T17:39:34.188793+00:00", "symbol": "BTC-USD"}, {"trade_id": 847657115, "side": "buy", "size": "0.05685709", "price": "117377.22000000", "time": "2025-07-11T17:39:20.177687Z", "fetched_at": "2025-07-11T17:39:34.188793+00:00", "symbol": "BTC-USD"}, {"trade_id": 847657114, "side": "buy", "size": "0.01147319", "price": "117377.22000000", "time": "2025-07-11T17:39:20.158224Z", "fetched_at": "2025-07-11T17:39:34.188793+00:00", "symbol": "BTC-USD"}, {"trade_id": 847657113, "side": "buy", "size": "0.10543700", "price": "117377.22000000", "time": "2025-07-11T17:39:20.065199Z", "fetched_at": "2025-07-11T17:39:34.188793+00:00", "symbol": "BTC-USD"}, {"trade_id": 847657112, "side": "sell", "size": "0.00001024", "price": "117373.05000000", "time": "2025-07-11T17:39:20.060443Z", "fetched_at": "2025-07-11T17:39:34.188793+00:00", "symbol": "BTC-USD"}, {"trade_id": 847657111, "side": "sell", "size": "0.02104000", "price": "117373.05000000", "time": "2025-07-11T17:39:20.060443Z", "fetched_at": "2025-07-11T17:39:34.188793+00:00", "symbol": "BTC-USD"}, {"trade_id": 847657110, "side": "sell", "size": "0.01807926", "price": "117372.00000000", "time": "2025-07-11T17:39:20.052516Z", "fetched_at": "2025-07-11T17:39:34.188793+00:00", "symbol": "BTC-USD"}, {"trade_id": 847657109, "side": "sell", "size": "0.00851992", "price": "117371.98000000", "time": "2025-07-11T17:39:20.052516Z", "fetched_at": "2025-07-11T17:39:34.188793+00:00", "symbol": "BTC-USD"}, {"trade_id": 847657108, "side": "sell", "size": "0.00001024", "price": "117371.98000000", "time": "2025-07-11T17:39:20.052516Z", "fetched_at": "2025-07-11T17:39:34.188793+00:00", "symbol": "BTC-USD"}, {"trade_id": 847657107, "side": "sell", "size": "0.02104000", "price": "117371.98000000", "time": "2025-07-11T17:39:20.052516Z", "fetched_at": "2025-07-11T17:39:34.188793+00:00", "symbol": "BTC-USD"}, {"trade_id": 847657106, "side": "buy", "size": "0.00300000", "price": "117371.98000000", "time": "2025-07-11T17:39:20.016949Z", "fetched_at": "2025-07-11T17:39:34.188793+00:00", "symbol": "BTC-USD"}, {"trade_id": 847657105, "side": "buy", "size": "0.00199881", "price": "117371.98000000", "time": "2025-07-11T17:39:19.961840Z", "fetched_at": "2025-07-11T17:39:34.188793+00:00", "symbol": "BTC-USD"}, {"trade_id": 847657104, "side": "buy", "size": "0.00000119", "price": "117372.77000000", "time": "2025-07-11T17:39:19.961840Z", "fetched_at": "2025-07-11T17:39:34.188793+00:00", "symbol": "BTC-USD"}, {"trade_id": 847657103, "side": "buy", "size": "0.00103853", "price": "117376.99000000", "time": "2025-07-11T17:39:19.881149Z", "fetched_at": "2025-07-11T17:39:34.188793+00:00", "symbol": "BTC-USD"}, {"trade_id": 847657102, "side": "buy", "size": "0.01354183", "price": "117376.99000000", "time": "2025-07-11T17:39:19.881149Z", "fetched_at": "2025-07-11T17:39:34.188793+00:00", "symbol": "BTC-USD"}, {"trade_id": 847657101, "side": "buy", "size": "0.00164768", "price": "117376.99000000", "time": "2025-07-11T17:39:19.881149Z", "fetched_at": "2025-07-11T17:39:34.188793+00:00", "symbol": "BTC-USD"}, {"trade_id": 847657100, "side": "buy", "size": "0.00494219", "price": "117376.99000000", "time": "2025-07-11T17:39:19.881149Z", "fetched_at": "2025-07-11T17:39:34.188793+00:00", "symbol": "BTC-USD"}, {"trade_id": 847657099, "side": "buy", "size": "0.06007014", "price": "117376.99000000", "time": "2025-07-11T17:39:19.881149Z", "fetched_at": "2025-07-11T17:39:34.188793+00:00", "symbol": "BTC-USD"}, {"trade_id": 847657098, "side": "buy", "size": "0.04163294", "price": "117376.99000000", "time": "2025-07-11T17:39:19.881149Z", "fetched_at": "2025-07-11T17:39:34.188793+00:00", "symbol": "BTC-USD"}, {"trade_id": 847657097, "side": "buy", "size": "0.03374883", "price": "117376.99000000", "time": "2025-07-11T17:39:19.881149Z", "fetched_at": "2025-07-11T17:39:34.188793+00:00", "symbol": "BTC-USD"}, {"trade_id": 847657096, "side": "buy", "size": "0.04693838", "price": "117376.99000000", "time": "2025-07-11T17:39:19.880883Z", "fetched_at": "2025-07-11T17:39:34.188793+00:00", "symbol": "BTC-USD"}, {"trade_id": 847657095, "side": "buy", "size": "0.09515257", "price": "117376.99000000", "time": "2025-07-11T17:39:19.879704Z", "fetched_at": "2025-07-11T17:39:34.188793+00:00", "symbol": "BTC-USD"}, {"trade_id": 847657094, "side": "buy", "size": "0.00341022", "price": "117376.99000000", "time": "2025-07-11T17:39:19.878981Z", "fetched_at": "2025-07-11T17:39:34.188793+00:00", "symbol": "BTC-USD"}, {"trade_id": 847657093, "side": "buy", "size": "0.00049774", "price": "117376.99000000", "time": "2025-07-11T17:39:19.878981Z", "fetched_at": "2025-07-11T17:39:34.188793+00:00", "symbol": "BTC-USD"}, {"trade_id": 847657092, "side": "buy", "size": "0.04386714", "price": "117376.99000000", "time": "2025-07-11T17:39:19.874459Z", "fetched_at": "2025-07-11T17:39:34.188793+00:00", "symbol": "BTC-USD"}, {"trade_id": 847657091, "side": "buy", "size": "0.01381402", "price": "117376.99000000", "time": "2025-07-11T17:39:19.870458Z", "fetched_at": "2025-07-11T17:39:34.188793+00:00", "symbol": "BTC-USD"}, {"trade_id": 847657090, "side": "buy", "size": "0.03050188", "price": "117376.99000000", "time": "2025-07-11T17:39:19.856119Z", "fetched_at": "2025-07-11T17:39:34.188793+00:00", "symbol": "BTC-USD"}, {"trade_id": 847657089, "side": "buy", "size": "0.04615466", "price": "117376.99000000", "time": "2025-07-11T17:39:19.852458Z", "fetched_at": "2025-07-11T17:39:34.188793+00:00", "symbol": "BTC-USD"}, {"trade_id": 847657088, "side": "buy", "size": "0.05288953", "price": "117376.99000000", "time": "2025-07-11T17:39:19.849098Z", "fetched_at": "2025-07-11T17:39:34.188793+00:00", "symbol": "BTC-USD"}, {"trade_id": 847657087, "side": "buy", "size": "0.01377160", "price": "117376.99000000", "time": "2025-07-11T17:39:19.844566Z", "fetched_at": "2025-07-11T17:39:34.188793+00:00", "symbol": "BTC-USD"}, {"trade_id": 847657086, "side": "buy", "size": "0.00799018", "price": "117376.99000000", "time": "2025-07-11T17:39:19.828620Z", "fetched_at": "2025-07-11T17:39:34.188793+00:00", "symbol": "BTC-USD"}, {"trade_id": 847657085, "side": "buy", "size": "0.01556513", "price": "117376.99000000", "time": "2025-07-11T17:39:19.819281Z", "fetched_at": "2025-07-11T17:39:34.188793+00:00", "symbol": "BTC-USD"}, {"trade_id": 847657084, "side": "sell", "size": "0.00486754", "price": "117377.02000000", "time": "2025-07-11T17:39:19.815319Z", "fetched_at": "2025-07-11T17:39:34.188793+00:00", "symbol": "BTC-USD"}, {"trade_id": 847657083, "side": "sell", "size": "0.00001052", "price": "117377.00000000", "time": "2025-07-11T17:39:19.815319Z", "fetched_at": "2025-07-11T17:39:34.188793+00:00", "symbol": "BTC-USD"}, {"trade_id": 847657082, "side": "sell", "size": "0.00073402", "price": "117377.00000000", "time": "2025-07-11T17:39:19.815319Z", "fetched_at": "2025-07-11T17:39:34.188793+00:00", "symbol": "BTC-USD"}, {"trade_id": 847657081, "side": "buy", "size": "0.02537421", "price": "117376.99000000", "time": "2025-07-11T17:39:19.801104Z", "fetched_at": "2025-07-11T17:39:34.188793+00:00", "symbol": "BTC-USD"}, {"trade_id": 847657080, "side": "buy", "size": "0.04326757", "price": "117376.99000000", "time": "2025-07-11T17:39:19.638042Z", "fetched_at": "2025-07-11T17:39:34.188793+00:00", "symbol": "BTC-USD"}, {"trade_id": 847657079, "side": "buy", "size": "0.00938729", "price": "117376.99000000", "time": "2025-07-11T17:39:19.587080Z", "fetched_at": "2025-07-11T17:39:34.188793+00:00", "symbol": "BTC-USD"}, {"trade_id": 847657078, "side": "buy", "size": "0.01585153", "price": "117376.99000000", "time": "2025-07-11T17:39:19.576441Z", "fetched_at": "2025-07-11T17:39:34.188793+00:00", "symbol": "BTC-USD"}, {"trade_id": 847657077, "side": "buy", "size": "0.00922675", "price": "117376.99000000", "time": "2025-07-11T17:39:19.569783Z", "fetched_at": "2025-07-11T17:39:34.188793+00:00", "symbol": "BTC-USD"}, {"trade_id": 847657076, "side": "buy", "size": "0.05903502", "price": "117376.99000000", "time": "2025-07-11T17:39:19.559721Z", "fetched_at": "2025-07-11T17:39:34.188793+00:00", "symbol": "BTC-USD"}, {"trade_id": 847657075, "side": "buy", "size": "0.01266329", "price": "117376.99000000", "time": "2025-07-11T17:39:19.555389Z", "fetched_at": "2025-07-11T17:39:34.188793+00:00", "symbol": "BTC-USD"}, {"trade_id": 847657074, "side": "buy", "size": "0.01318426", "price": "117376.99000000", "time": "2025-07-11T17:39:19.552004Z", "fetched_at": "2025-07-11T17:39:34.188793+00:00", "symbol": "BTC-USD"}, {"trade_id": 847657073, "side": "buy", "size": "0.04999519", "price": "117376.99000000", "time": "2025-07-11T17:39:19.536812Z", "fetched_at": "2025-07-11T17:39:34.188793+00:00", "symbol": "BTC-USD"}, {"trade_id": 847657072, "side": "buy", "size": "0.10208327", "price": "117376.99000000", "time": "2025-07-11T17:39:19.532246Z", "fetched_at": "2025-07-11T17:39:34.188793+00:00", "symbol": "BTC-USD"}, {"trade_id": 847657071, "side": "sell", "size": "0.00008283", "price": "117377.00000000", "time": "2025-07-11T17:39:19.340628Z", "fetched_at": "2025-07-11T17:39:34.188793+00:00", "symbol": "BTC-USD"}, {"trade_id": 847657070, "side": "buy", "size": "0.00910128", "price": "117376.99000000", "time": "2025-07-11T17:39:19.238983Z", "fetched_at": "2025-07-11T17:39:34.188793+00:00", "symbol": "BTC-USD"}, {"trade_id": 847657069, "side": "buy", "size": "0.03635866", "price": "117376.99000000", "time": "2025-07-11T17:39:19.227478Z", "fetched_at": "2025-07-11T17:39:34.188793+00:00", "symbol": "BTC-USD"}, {"trade_id": 847657068, "side": "buy", "size": "0.01586081", "price": "117376.99000000", "time": "2025-07-11T17:39:19.185103Z", "fetched_at": "2025-07-11T17:39:34.188793+00:00", "symbol": "BTC-USD"}, {"trade_id": 847657067, "side": "buy", "size": "0.08053778", "price": "117376.99000000", "time": "2025-07-11T17:39:19.181821Z", "fetched_at": "2025-07-11T17:39:34.188793+00:00", "symbol": "BTC-USD"}, {"trade_id": 847657066, "side": "buy", "size": "0.02605920", "price": "117376.99000000", "time": "2025-07-11T17:39:19.171933Z", "fetched_at": "2025-07-11T17:39:34.188793+00:00", "symbol": "BTC-USD"}, {"trade_id": 847657065, "side": "buy", "size": "0.08756780", "price": "117376.99000000", "time": "2025-07-11T17:39:19.162164Z", "fetched_at": "2025-07-11T17:39:34.188793+00:00", "symbol": "BTC-USD"}, {"trade_id": 847657064, "side": "buy", "size": "0.00014061", "price": "117376.99000000", "time": "2025-07-11T17:39:18.850251Z", "fetched_at": "2025-07-11T17:39:34.188793+00:00", "symbol": "BTC-USD"}, {"trade_id": 847657063, "side": "buy", "size": "0.00042000", "price": "117376.99000000", "time": "2025-07-11T17:39:17.171390Z", "fetched_at": "2025-07-11T17:39:34.188793+00:00", "symbol": "BTC-USD"}, {"trade_id": 847657062, "side": "sell", "size": "0.00418312", "price": "117377.00000000", "time": "2025-07-11T17:39:17.158773Z", "fetched_at": "2025-07-11T17:39:34.188793+00:00", "symbol": "BTC-USD"}, {"trade_id": 847657061, "side": "sell", "size": "0.00007180", "price": "117376.95000000", "time": "2025-07-11T17:39:17.158773Z", "fetched_at": "2025-07-11T17:39:34.188793+00:00", "symbol": "BTC-USD"}, {"trade_id": 847657060, "side": "sell", "size": "0.00001052", "price": "117376.95000000", "time": "2025-07-11T17:39:17.158773Z", "fetched_at": "2025-07-11T17:39:34.188793+00:00", "symbol": "BTC-USD"}, {"trade_id": 847657059, "side": "sell", "size": "0.00507717", "price": "117376.95000000", "time": "2025-07-11T17:39:17.158773Z", "fetched_at": "2025-07-11T17:39:34.188793+00:00", "symbol": "BTC-USD"}, {"trade_id": 847657058, "side": "sell", "size": "0.00508125", "price": "117376.95000000", "time": "2025-07-11T17:39:17.158773Z", "fetched_at": "2025-07-11T17:39:34.188793+00:00", "symbol": "BTC-USD"}, {"trade_id": 847657057, "side": "buy", "size": "0.00009260", "price": "117375.73000000", "time": "2025-07-11T17:39:17.102942Z", "fetched_at": "2025-07-11T17:39:34.188793+00:00", "symbol": "BTC-USD"}, {"trade_id": 847657056, "side": "sell", "size": "0.01807914", "price": "117372.80000000", "time": "2025-07-11T17:39:17.071990Z", "fetched_at": "2025-07-11T17:39:34.188793+00:00", "symbol": "BTC-USD"}, {"trade_id": 847657055, "side": "sell", "size": "0.00001053", "price": "117372.78000000", "time": "2025-07-11T17:39:17.071990Z", "fetched_at": "2025-07-11T17:39:34.188793+00:00", "symbol": "BTC-USD"}, {"trade_id": 847657054, "side": "sell", "size": "0.00001033", "price": "117372.78000000", "time": "2025-07-11T17:39:17.071990Z", "fetched_at": "2025-07-11T17:39:34.188793+00:00", "symbol": "BTC-USD"}, {"trade_id": 847657053, "side": "sell", "size": "0.00013022", "price": "117372.78000000", "time": "2025-07-11T17:39:17.071990Z", "fetched_at": "2025-07-11T17:39:34.188793+00:00", "symbol": "BTC-USD"}, {"trade_id": 847657052, "side": "sell", "size": "0.00790559", "price": "117372.78000000", "time": "2025-07-11T17:39:17.071990Z", "fetched_at": "2025-07-11T17:39:34.188793+00:00", "symbol": "BTC-USD"}, {"trade_id": 847657051, "side": "sell", "size": "0.03407612", "price": "117372.78000000", "time": "2025-07-11T17:39:17.069562Z", "fetched_at": "2025-07-11T17:39:34.188793+00:00", "symbol": "BTC-USD"}, {"trade_id": 847657050, "side": "sell", "size": "0.00801829", "price": "117372.78000000", "time": "2025-07-11T17:39:16.800889Z", "fetched_at": "2025-07-11T17:39:34.188793+00:00", "symbol": "BTC-USD"}, {"trade_id": 847657049, "side": "sell", "size": "0.00421916", "price": "117372.78000000", "time": "2025-07-11T17:39:16.391138Z", "fetched_at": "2025-07-11T17:39:34.188793+00:00", "symbol": "BTC-USD"}, {"trade_id": 847657048, "side": "buy", "size": "0.17883360", "price": "117372.77000000", "time": "2025-07-11T17:39:16.015789Z", "fetched_at": "2025-07-11T17:39:34.188793+00:00", "symbol": "BTC-USD"}, {"trade_id": 847657047, "side": "sell", "size": "0.00000161", "price": "117367.03000000", "time": "2025-07-11T17:39:15.734640Z", "fetched_at": "2025-07-11T17:39:34.188793+00:00", "symbol": "BTC-USD"}, {"trade_id": 847657046, "side": "sell", "size": "0.00000496", "price": "117367.03000000", "time": "2025-07-11T17:39:15.734640Z", "fetched_at": "2025-07-11T17:39:34.188793+00:00", "symbol": "BTC-USD"}, {"trade_id": 847657045, "side": "sell", "size": "0.01792482", "price": "117367.01000000", "time": "2025-07-11T17:39:15.734640Z", "fetched_at": "2025-07-11T17:39:34.188793+00:00", "symbol": "BTC-USD"}, {"trade_id": 847657044, "side": "sell", "size": "0.00001043", "price": "117367.00000000", "time": "2025-07-11T17:39:15.734640Z", "fetched_at": "2025-07-11T17:39:34.188793+00:00", "symbol": "BTC-USD"}, {"trade_id": 847657043, "side": "sell", "size": "0.00015521", "price": "117367.01000000", "time": "2025-07-11T17:39:15.730212Z", "fetched_at": "2025-07-11T17:39:34.188793+00:00", "symbol": "BTC-USD"}, {"trade_id": 847657042, "side": "sell", "size": "0.00001043", "price": "117367.00000000", "time": "2025-07-11T17:39:15.730212Z", "fetched_at": "2025-07-11T17:39:34.188793+00:00", "symbol": "BTC-USD"}, {"trade_id": 847657041, "side": "sell", "size": "0.00000664", "price": "117368.04000000", "time": "2025-07-11T17:39:15.646901Z", "fetched_at": "2025-07-11T17:39:34.188793+00:00", "symbol": "BTC-USD"}, {"trade_id": 847657040, "side": "sell", "size": "0.00000213", "price": "117368.04000000", "time": "2025-07-11T17:39:15.646901Z", "fetched_at": "2025-07-11T17:39:34.188793+00:00", "symbol": "BTC-USD"}, {"trade_id": 847657039, "side": "sell", "size": "0.00001083", "price": "117368.04000000", "time": "2025-07-11T17:39:15.646901Z", "fetched_at": "2025-07-11T17:39:34.188793+00:00", "symbol": "BTC-USD"}, {"trade_id": 847657038, "side": "sell", "size": "0.00004445", "price": "117375.53000000", "time": "2025-07-11T17:39:15.506853Z", "fetched_at": "2025-07-11T17:39:34.188793+00:00", "symbol": "BTC-USD"}, {"trade_id": 847657037, "side": "sell", "size": "0.00001000", "price": "117374.40000000", "time": "2025-07-11T17:39:15.506853Z", "fetched_at": "2025-07-11T17:39:34.188793+00:00", "symbol": "BTC-USD"}, {"trade_id": 847657036, "side": "sell", "size": "0.00001121", "price": "117368.04000000", "time": "2025-07-11T17:39:15.506853Z", "fetched_at": "2025-07-11T17:39:34.188793+00:00", "symbol": "BTC-USD"}, {"trade_id": 847657035, "side": "sell", "size": "0.00001033", "price": "117368.04000000", "time": "2025-07-11T17:39:15.506853Z", "fetched_at": "2025-07-11T17:39:34.188793+00:00", "symbol": "BTC-USD"}, {"trade_id": 847657034, "side": "sell", "size": "0.00009868", "price": "117368.04000000", "time": "2025-07-11T17:39:15.506853Z", "fetched_at": "2025-07-11T17:39:34.188793+00:00", "symbol": "BTC-USD"}, {"trade_id": 847657033, "side": "sell", "size": "0.00001328", "price": "117368.04000000", "time": "2025-07-11T17:39:15.506853Z", "fetched_at": "2025-07-11T17:39:34.188793+00:00", "symbol": "BTC-USD"}, {"trade_id": 847657032, "side": "sell", "size": "0.00000426", "price": "117368.04000000", "time": "2025-07-11T17:39:15.506853Z", "fetched_at": "2025-07-11T17:39:34.188793+00:00", "symbol": "BTC-USD"}, {"trade_id": 847657031, "side": "sell", "size": "0.00654856", "price": "117368.04000000", "time": "2025-07-11T17:39:14.747627Z", "fetched_at": "2025-07-11T17:39:34.188793+00:00", "symbol": "BTC-USD"}, {"trade_id": 847657030, "side": "buy", "size": "0.01684000", "price": "117368.03000000", "time": "2025-07-11T17:39:14.674059Z", "fetched_at": "2025-07-11T17:39:34.188793+00:00", "symbol": "BTC-USD"}, {"trade_id": 847657029, "side": "buy", "size": "0.03316000", "price": "117368.03000000", "time": "2025-07-11T17:39:14.674059Z", "fetched_at": "2025-07-11T17:39:34.188793+00:00", "symbol": "BTC-USD"}, {"trade_id": 847657028, "side": "sell", "size": "0.02777846", "price": "117364.76000000", "time": "2025-07-11T17:39:14.642325Z", "fetched_at": "2025-07-11T17:39:34.188793+00:00", "symbol": "BTC-USD"}, {"trade_id": 847657027, "side": "sell", "size": "0.00008682", "price": "117362.66000000", "time": "2025-07-11T17:39:14.640926Z", "fetched_at": "2025-07-11T17:39:34.188793+00:00", "symbol": "BTC-USD"}, {"trade_id": 847657026, "side": "sell", "size": "0.00653741", "price": "117362.66000000", "time": "2025-07-11T17:39:14.640926Z", "fetched_at": "2025-07-11T17:39:34.188793+00:00", "symbol": "BTC-USD"}, {"trade_id": 847657025, "side": "sell", "size": "0.29346259", "price": "117362.66000000", "time": "2025-07-11T17:39:14.640191Z", "fetched_at": "2025-07-11T17:39:34.188793+00:00", "symbol": "BTC-USD"}, {"trade_id": 847657024, "side": "buy", "size": "0.00011124", "price": "117362.65000000", "time": "2025-07-11T17:39:14.498045Z", "fetched_at": "2025-07-11T17:39:34.188793+00:00", "symbol": "BTC-USD"}, {"trade_id": 847657023, "side": "buy", "size": "0.00177458", "price": "117362.65000000", "time": "2025-07-11T17:39:14.355495Z", "fetched_at": "2025-07-11T17:39:34.188793+00:00", "symbol": "BTC-USD"}, {"trade_id": 847657022, "side": "buy", "size": "0.00082479", "price": "117362.65000000", "time": "2025-07-11T17:39:14.355495Z", "fetched_at": "2025-07-11T17:39:34.188793+00:00", "symbol": "BTC-USD"}, {"trade_id": 847657021, "side": "sell", "size": "0.00000498", "price": "117362.66000000", "time": "2025-07-11T17:39:13.790578Z", "fetched_at": "2025-07-11T17:39:34.188793+00:00", "symbol": "BTC-USD"}, {"trade_id": 847657020, "side": "sell", "size": "0.00126592", "price": "117362.66000000", "time": "2025-07-11T17:39:13.229116Z", "fetched_at": "2025-07-11T17:39:34.188793+00:00", "symbol": "BTC-USD"}, {"trade_id": 847657019, "side": "sell", "size": "0.00032327", "price": "117362.66000000", "time": "2025-07-11T17:39:12.639533Z", "fetched_at": "2025-07-11T17:39:34.188793+00:00", "symbol": "BTC-USD"}, {"trade_id": 847657018, "side": "sell", "size": "0.00008439", "price": "117362.66000000", "time": "2025-07-11T17:39:11.879813Z", "fetched_at": "2025-07-11T17:39:34.188793+00:00", "symbol": "BTC-USD"}, {"trade_id": 847657017, "side": "sell", "size": "0.00004008", "price": "117362.66000000", "time": "2025-07-11T17:39:11.638855Z", "fetched_at": "2025-07-11T17:39:34.188793+00:00", "symbol": "BTC-USD"}, {"trade_id": 847657016, "side": "buy", "size": "0.00007803", "price": "117367.92000000", "time": "2025-07-11T17:39:11.474934Z", "fetched_at": "2025-07-11T17:39:34.188793+00:00", "symbol": "BTC-USD"}, {"trade_id": 847657015, "side": "buy", "size": "0.01152096", "price": "117367.92000000", "time": "2025-07-11T17:39:11.474934Z", "fetched_at": "2025-07-11T17:39:34.188793+00:00", "symbol": "BTC-USD"}, {"trade_id": 847657014, "side": "buy", "size": "0.00398876", "price": "117367.92000000", "time": "2025-07-11T17:39:11.470922Z", "fetched_at": "2025-07-11T17:39:34.188793+00:00", "symbol": "BTC-USD"}, {"trade_id": 847657013, "side": "sell", "size": "0.00164760", "price": "117367.93000000", "time": "2025-07-11T17:39:11.467325Z", "fetched_at": "2025-07-11T17:39:34.188793+00:00", "symbol": "BTC-USD"}, {"trade_id": 847657012, "side": "buy", "size": "0.00323506", "price": "117367.92000000", "time": "2025-07-11T17:39:11.467080Z", "fetched_at": "2025-07-11T17:39:34.188793+00:00", "symbol": "BTC-USD"}, {"trade_id": 847657011, "side": "buy", "size": "0.00335037", "price": "117367.92000000", "time": "2025-07-11T17:39:11.462448Z", "fetched_at": "2025-07-11T17:39:34.188793+00:00", "symbol": "BTC-USD"}, {"trade_id": 847657010, "side": "buy", "size": "0.02083197", "price": "117367.92000000", "time": "2025-07-11T17:39:11.458583Z", "fetched_at": "2025-07-11T17:39:34.188793+00:00", "symbol": "BTC-USD"}, {"trade_id": 847657009, "side": "buy", "size": "0.01357086", "price": "117367.92000000", "time": "2025-07-11T17:39:11.453914Z", "fetched_at": "2025-07-11T17:39:34.188793+00:00", "symbol": "BTC-USD"}, {"trade_id": 847657008, "side": "buy", "size": "0.00165479", "price": "117367.92000000", "time": "2025-07-11T17:39:11.451021Z", "fetched_at": "2025-07-11T17:39:34.188793+00:00", "symbol": "BTC-USD"}, {"trade_id": 847657007, "side": "buy", "size": "0.00960722", "price": "117367.92000000", "time": "2025-07-11T17:39:11.447177Z", "fetched_at": "2025-07-11T17:39:34.188793+00:00", "symbol": "BTC-USD"}, {"trade_id": 847657006, "side": "buy", "size": "0.00272284", "price": "117367.92000000", "time": "2025-07-11T17:39:11.444650Z", "fetched_at": "2025-07-11T17:39:34.188793+00:00", "symbol": "BTC-USD"}, {"trade_id": 847657005, "side": "buy", "size": "0.02599031", "price": "117367.92000000", "time": "2025-07-11T17:39:11.441325Z", "fetched_at": "2025-07-11T17:39:34.188793+00:00", "symbol": "BTC-USD"}, {"trade_id": 847657004, "side": "buy", "size": "0.00032781", "price": "117367.92000000", "time": "2025-07-11T17:39:11.218665Z", "fetched_at": "2025-07-11T17:39:34.188793+00:00", "symbol": "BTC-USD"}, {"trade_id": 847657003, "side": "buy", "size": "0.00000221", "price": "117368.03000000", "time": "2025-07-11T17:39:11.218665Z", "fetched_at": "2025-07-11T17:39:34.188793+00:00", "symbol": "BTC-USD"}, {"trade_id": 847657002, "side": "buy", "size": "0.00007803", "price": "117368.03000000", "time": "2025-07-11T17:39:11.218665Z", "fetched_at": "2025-07-11T17:39:34.188793+00:00", "symbol": "BTC-USD"}, {"trade_id": 847657001, "side": "buy", "size": "0.08835140", "price": "117368.03000000", "time": "2025-07-11T17:39:11.103827Z", "fetched_at": "2025-07-11T17:39:34.188793+00:00", "symbol": "BTC-USD"}, {"trade_id": 847657000, "side": "sell", "size": "0.30196008", "price": "117368.03000000", "time": "2025-07-11T17:39:11.099473Z", "fetched_at": "2025-07-11T17:39:34.188793+00:00", "symbol": "BTC-USD"}, {"trade_id": 847656999, "side": "sell", "size": "0.00001439", "price": "117367.92000000", "time": "2025-07-11T17:39:11.099473Z", "fetched_at": "2025-07-11T17:39:34.188793+00:00", "symbol": "BTC-USD"}, {"trade_id": 847656998, "side": "sell", "size": "0.00001439", "price": "117367.92000000", "time": "2025-07-11T17:39:11.099473Z", "fetched_at": "2025-07-11T17:39:34.188793+00:00", "symbol": "BTC-USD"}, {"trade_id": 847656997, "side": "sell", "size": "0.00852081", "price": "117359.71000000", "time": "2025-07-11T17:39:11.099473Z", "fetched_at": "2025-07-11T17:39:34.188793+00:00", "symbol": "BTC-USD"}, {"trade_id": 847656996, "side": "sell", "size": "0.01808116", "price": "117359.71000000", "time": "2025-07-11T17:39:11.099473Z", "fetched_at": "2025-07-11T17:39:34.188793+00:00", "symbol": "BTC-USD"}, {"trade_id": 847656995, "side": "buy", "size": "0.00007803", "price": "117368.03000000", "time": "2025-07-11T17:39:11.057852Z", "fetched_at": "2025-07-11T17:39:34.188793+00:00", "symbol": "BTC-USD"}, {"trade_id": 847656994, "side": "buy", "size": "0.07224565", "price": "117367.92000000", "time": "2025-07-11T17:39:11.055302Z", "fetched_at": "2025-07-11T17:39:34.188793+00:00", "symbol": "BTC-USD"}, {"trade_id": 847656993, "side": "buy", "size": "0.00594945", "price": "117368.03000000", "time": "2025-07-11T17:39:11.055302Z", "fetched_at": "2025-07-11T17:39:34.188793+00:00", "symbol": "BTC-USD"}, {"trade_id": 847656992, "side": "buy", "size": "0.30702055", "price": "117368.03000000", "time": "2025-07-11T17:39:11.049932Z", "fetched_at": "2025-07-11T17:39:34.188793+00:00", "symbol": "BTC-USD"}, {"trade_id": 847656991, "side": "buy", "size": "0.02708574", "price": "117368.03000000", "time": "2025-07-11T17:39:11.049932Z", "fetched_at": "2025-07-11T17:39:34.188793+00:00", "symbol": "BTC-USD"}, {"trade_id": 847656990, "side": "buy", "size": "0.00000783", "price": "117368.03000000", "time": "2025-07-11T17:39:11.049932Z", "fetched_at": "2025-07-11T17:39:34.188793+00:00", "symbol": "BTC-USD"}, {"trade_id": 847656989, "side": "buy", "size": "0.20577000", "price": "117368.03000000", "time": "2025-07-11T17:39:11.049932Z", "fetched_at": "2025-07-11T17:39:34.188793+00:00", "symbol": "BTC-USD"}, {"trade_id": 847656988, "side": "buy", "size": "0.00007850", "price": "117368.03000000", "time": "2025-07-11T17:39:11.049932Z", "fetched_at": "2025-07-11T17:39:34.188793+00:00", "symbol": "BTC-USD"}, {"trade_id": 847656987, "side": "buy", "size": "0.15503738", "price": "117368.03000000", "time": "2025-07-11T17:39:11.049932Z", "fetched_at": "2025-07-11T17:39:34.188793+00:00", "symbol": "BTC-USD"}, {"trade_id": 847656986, "side": "buy", "size": "0.01910302", "price": "117368.03000000", "time": "2025-07-11T17:39:11.045629Z", "fetched_at": "2025-07-11T17:39:34.188793+00:00", "symbol": "BTC-USD"}, {"trade_id": 847656985, "side": "buy", "size": "0.02308161", "price": "117368.03000000", "time": "2025-07-11T17:39:11.037951Z", "fetched_at": "2025-07-11T17:39:34.188793+00:00", "symbol": "BTC-USD"}, {"trade_id": 847656984, "side": "buy", "size": "0.01792955", "price": "117368.03000000", "time": "2025-07-11T17:39:11.034802Z", "fetched_at": "2025-07-11T17:39:34.188793+00:00", "symbol": "BTC-USD"}, {"trade_id": 847656983, "side": "buy", "size": "0.03571681", "price": "117368.03000000", "time": "2025-07-11T17:39:11.024159Z", "fetched_at": "2025-07-11T17:39:34.188793+00:00", "symbol": "BTC-USD"}, {"trade_id": 847656982, "side": "buy", "size": "0.01922093", "price": "117368.03000000", "time": "2025-07-11T17:39:11.019614Z", "fetched_at": "2025-07-11T17:39:34.188793+00:00", "symbol": "BTC-USD"}, {"trade_id": 847656981, "side": "buy", "size": "0.00861155", "price": "117368.03000000", "time": "2025-07-11T17:39:10.999163Z", "fetched_at": "2025-07-11T17:39:34.188793+00:00", "symbol": "BTC-USD"}, {"trade_id": 847656980, "side": "buy", "size": "0.03003837", "price": "117368.03000000", "time": "2025-07-11T17:39:10.989246Z", "fetched_at": "2025-07-11T17:39:34.188793+00:00", "symbol": "BTC-USD"}, {"trade_id": 847656979, "side": "buy", "size": "0.01349443", "price": "117368.03000000", "time": "2025-07-11T17:39:10.953616Z", "fetched_at": "2025-07-11T17:39:34.188793+00:00", "symbol": "BTC-USD"}, {"trade_id": 847656978, "side": "buy", "size": "0.01236882", "price": "117368.03000000", "time": "2025-07-11T17:39:10.938057Z", "fetched_at": "2025-07-11T17:39:34.188793+00:00", "symbol": "BTC-USD"}, {"trade_id": 847656977, "side": "buy", "size": "0.00082689", "price": "117368.03000000", "time": "2025-07-11T17:39:10.933797Z", "fetched_at": "2025-07-11T17:39:34.188793+00:00", "symbol": "BTC-USD"}, {"trade_id": 847656976, "side": "buy", "size": "0.00852336", "price": "117368.03000000", "time": "2025-07-11T17:39:10.933461Z", "fetched_at": "2025-07-11T17:39:34.188793+00:00", "symbol": "BTC-USD"}, {"trade_id": 847656975, "side": "buy", "size": "0.01640497", "price": "117368.03000000", "time": "2025-07-11T17:39:10.906725Z", "fetched_at": "2025-07-11T17:39:34.188793+00:00", "symbol": "BTC-USD"}, {"trade_id": 847656974, "side": "buy", "size": "0.01559861", "price": "117368.03000000", "time": "2025-07-11T17:39:10.899558Z", "fetched_at": "2025-07-11T17:39:34.188793+00:00", "symbol": "BTC-USD"}, {"trade_id": 847656973, "side": "buy", "size": "0.03607936", "price": "117368.03000000", "time": "2025-07-11T17:39:10.894871Z", "fetched_at": "2025-07-11T17:39:34.188793+00:00", "symbol": "BTC-USD"}, {"trade_id": 847656972, "side": "buy", "size": "0.02153989", "price": "117368.03000000", "time": "2025-07-11T17:39:10.891106Z", "fetched_at": "2025-07-11T17:39:34.188793+00:00", "symbol": "BTC-USD"}, {"trade_id": 847656971, "side": "buy", "size": "0.04768174", "price": "117368.03000000", "time": "2025-07-11T17:39:10.886641Z", "fetched_at": "2025-07-11T17:39:34.188793+00:00", "symbol": "BTC-USD"}, {"trade_id": 847656970, "side": "buy", "size": "0.01054205", "price": "117368.03000000", "time": "2025-07-11T17:39:10.817572Z", "fetched_at": "2025-07-11T17:39:34.188793+00:00", "symbol": "BTC-USD"}, {"trade_id": 847656969, "side": "buy", "size": "0.00953980", "price": "117368.03000000", "time": "2025-07-11T17:39:10.809322Z", "fetched_at": "2025-07-11T17:39:34.188793+00:00", "symbol": "BTC-USD"}, {"trade_id": 847656968, "side": "buy", "size": "0.01685710", "price": "117368.03000000", "time": "2025-07-11T17:39:10.767720Z", "fetched_at": "2025-07-11T17:39:34.188793+00:00", "symbol": "BTC-USD"}, {"trade_id": 847656967, "side": "buy", "size": "0.04927064", "price": "117368.03000000", "time": "2025-07-11T17:39:10.748059Z", "fetched_at": "2025-07-11T17:39:34.188793+00:00", "symbol": "BTC-USD"}, {"trade_id": 847656966, "side": "buy", "size": "0.00946683", "price": "117368.03000000", "time": "2025-07-11T17:39:10.724570Z", "fetched_at": "2025-07-11T17:39:34.188793+00:00", "symbol": "BTC-USD"}, {"trade_id": 847656965, "side": "buy", "size": "0.02080842", "price": "117368.03000000", "time": "2025-07-11T17:39:10.713119Z", "fetched_at": "2025-07-11T17:39:34.188793+00:00", "symbol": "BTC-USD"}, {"trade_id": 847656964, "side": "buy", "size": "0.04890257", "price": "117368.03000000", "time": "2025-07-11T17:39:10.709291Z", "fetched_at": "2025-07-11T17:39:34.188793+00:00", "symbol": "BTC-USD"}, {"trade_id": 847656963, "side": "buy", "size": "0.01047886", "price": "117368.03000000", "time": "2025-07-11T17:39:10.705576Z", "fetched_at": "2025-07-11T17:39:34.188793+00:00", "symbol": "BTC-USD"}, {"trade_id": 847656962, "side": "buy", "size": "0.01225561", "price": "117368.03000000", "time": "2025-07-11T17:39:10.696728Z", "fetched_at": "2025-07-11T17:39:34.188793+00:00", "symbol": "BTC-USD"}, {"trade_id": 847656961, "side": "buy", "size": "0.10162686", "price": "117368.03000000", "time": "2025-07-11T17:39:10.682576Z", "fetched_at": "2025-07-11T17:39:34.188793+00:00", "symbol": "BTC-USD"}, {"trade_id": 847656960, "side": "buy", "size": "0.02321481", "price": "117368.03000000", "time": "2025-07-11T17:39:10.490617Z", "fetched_at": "2025-07-11T17:39:34.188793+00:00", "symbol": "BTC-USD"}, {"trade_id": 847656959, "side": "buy", "size": "0.00959192", "price": "117368.03000000", "time": "2025-07-11T17:39:10.387906Z", "fetched_at": "2025-07-11T17:39:34.188793+00:00", "symbol": "BTC-USD"}, {"trade_id": 847656958, "side": "buy", "size": "0.00906533", "price": "117368.03000000", "time": "2025-07-11T17:39:10.376307Z", "fetched_at": "2025-07-11T17:39:34.188793+00:00", "symbol": "BTC-USD"}, {"trade_id": 847656957, "side": "buy", "size": "0.01184381", "price": "117368.03000000", "time": "2025-07-11T17:39:10.365375Z", "fetched_at": "2025-07-11T17:39:34.188793+00:00", "symbol": "BTC-USD"}, {"trade_id": 847656956, "side": "buy", "size": "0.01745665", "price": "117368.03000000", "time": "2025-07-11T17:39:10.352176Z", "fetched_at": "2025-07-11T17:39:34.188793+00:00", "symbol": "BTC-USD"}, {"trade_id": 847656955, "side": "buy", "size": "0.01137944", "price": "117368.03000000", "time": "2025-07-11T17:39:10.293714Z", "fetched_at": "2025-07-11T17:39:34.188793+00:00", "symbol": "BTC-USD"}, {"trade_id": 847656954, "side": "buy", "size": "0.07086732", "price": "117368.03000000", "time": "2025-07-11T17:39:10.280267Z", "fetched_at": "2025-07-11T17:39:34.188793+00:00", "symbol": "BTC-USD"}, {"trade_id": 847656953, "side": "buy", "size": "0.02452190", "price": "117368.03000000", "time": "2025-07-11T17:39:10.241474Z", "fetched_at": "2025-07-11T17:39:34.188793+00:00", "symbol": "BTC-USD"}, {"trade_id": 847656952, "side": "buy", "size": "0.01147093", "price": "117368.03000000", "time": "2025-07-11T17:39:10.239017Z", "fetched_at": "2025-07-11T17:39:34.188793+00:00", "symbol": "BTC-USD"}, {"trade_id": 847656951, "side": "buy", "size": "0.01410767", "price": "117368.03000000", "time": "2025-07-11T17:39:10.223012Z", "fetched_at": "2025-07-11T17:39:34.188793+00:00", "symbol": "BTC-USD"}, {"trade_id": 847656950, "side": "buy", "size": "0.00538419", "price": "117368.03000000", "time": "2025-07-11T17:39:10.218414Z", "fetched_at": "2025-07-11T17:39:34.188793+00:00", "symbol": "BTC-USD"}, {"trade_id": 847656949, "side": "buy", "size": "0.00008521", "price": "117368.03000000", "time": "2025-07-11T17:39:10.218414Z", "fetched_at": "2025-07-11T17:39:34.188793+00:00", "symbol": "BTC-USD"}, {"trade_id": 847656948, "side": "buy", "size": "0.02008521", "price": "117368.03000000", "time": "2025-07-11T17:39:10.218414Z", "fetched_at": "2025-07-11T17:39:34.188793+00:00", "symbol": "BTC-USD"}, {"trade_id": 847656947, "side": "buy", "size": "0.97991479", "price": "117368.03000000", "time": "2025-07-11T17:39:10.040633Z", "fetched_at": "2025-07-11T17:39:34.188793+00:00", "symbol": "BTC-USD"}, {"trade_id": 847656946, "side": "buy", "size": "0.00008521", "price": "117368.03000000", "time": "2025-07-11T17:39:10.040633Z", "fetched_at": "2025-07-11T17:39:34.188793+00:00", "symbol": "BTC-USD"}, {"trade_id": 847656945, "side": "sell", "size": "0.08418631", "price": "117365.04000000", "time": "2025-07-11T17:39:09.607977Z", "fetched_at": "2025-07-11T17:39:34.188793+00:00", "symbol": "BTC-USD"}, {"trade_id": 847656944, "side": "buy", "size": "0.04215291", "price": "117374.39000000", "time": "2025-07-11T17:39:09.505339Z", "fetched_at": "2025-07-11T17:39:34.188793+00:00", "symbol": "BTC-USD"}, {"trade_id": 847656943, "side": "buy", "size": "0.12912625", "price": "117374.39000000", "time": "2025-07-11T17:39:09.505339Z", "fetched_at": "2025-07-11T17:39:34.188793+00:00", "symbol": "BTC-USD"}, {"trade_id": 847656942, "side": "buy", "size": "0.17993428", "price": "117374.39000000", "time": "2025-07-11T17:39:09.497599Z", "fetched_at": "2025-07-11T17:39:34.188793+00:00", "symbol": "BTC-USD"}, {"trade_id": 847656941, "side": "buy", "size": "0.61618706", "price": "117374.39000000", "time": "2025-07-11T17:39:09.490287Z", "fetched_at": "2025-07-11T17:39:34.188793+00:00", "symbol": "BTC-USD"}, {"trade_id": 847656940, "side": "sell", "size": "0.03185241", "price": "117374.39000000", "time": "2025-07-11T17:39:09.485380Z", "fetched_at": "2025-07-11T17:39:34.188793+00:00", "symbol": "BTC-USD"}, {"trade_id": 847656939, "side": "sell", "size": "0.04290000", "price": "117364.05000000", "time": "2025-07-11T17:39:09.485380Z", "fetched_at": "2025-07-11T17:39:34.188793+00:00", "symbol": "BTC-USD"}, {"trade_id": 847656938, "side": "sell", "size": "0.03492092", "price": "117365.03000000", "time": "2025-07-11T17:39:09.480704Z", "fetched_at": "2025-07-11T17:39:34.188793+00:00", "symbol": "BTC-USD"}, {"trade_id": 847656937, "side": "sell", "size": "0.07150000", "price": "117364.06000000", "time": "2025-07-11T17:39:09.480704Z", "fetched_at": "2025-07-11T17:39:34.188793+00:00", "symbol": "BTC-USD"}, {"trade_id": 847656936, "side": "sell", "size": "0.00001118", "price": "117364.05000000", "time": "2025-07-11T17:39:09.480704Z", "fetched_at": "2025-07-11T17:39:34.188793+00:00", "symbol": "BTC-USD"}, {"trade_id": 847656935, "side": "sell", "size": "0.00001919", "price": "117364.05000000", "time": "2025-07-11T17:39:09.480704Z", "fetched_at": "2025-07-11T17:39:34.188793+00:00", "symbol": "BTC-USD"}, {"trade_id": 847656934, "side": "sell", "size": "0.02245478", "price": "117357.89000000", "time": "2025-07-11T17:39:09.480704Z", "fetched_at": "2025-07-11T17:39:34.188793+00:00", "symbol": "BTC-USD"}, {"trade_id": 847656933, "side": "sell", "size": "0.01879000", "price": "117356.53000000", "time": "2025-07-11T17:39:09.480704Z", "fetched_at": "2025-07-11T17:39:34.188793+00:00", "symbol": "BTC-USD"}, {"trade_id": 847656932, "side": "sell", "size": "0.02557875", "price": "117363.42000000", "time": "2025-07-11T17:39:09.367935Z", "fetched_at": "2025-07-11T17:39:34.188793+00:00", "symbol": "BTC-USD"}, {"trade_id": 847656931, "side": "sell", "size": "0.00001132", "price": "117363.41000000", "time": "2025-07-11T17:39:09.367935Z", "fetched_at": "2025-07-11T17:39:34.188793+00:00", "symbol": "BTC-USD"}, {"trade_id": 847656930, "side": "sell", "size": "0.00003838", "price": "117363.40000000", "time": "2025-07-11T17:39:09.367935Z", "fetched_at": "2025-07-11T17:39:34.188793+00:00", "symbol": "BTC-USD"}, {"trade_id": 847656929, "side": "sell", "size": "0.07150000", "price": "117361.69000000", "time": "2025-07-11T17:39:09.367935Z", "fetched_at": "2025-07-11T17:39:34.188793+00:00", "symbol": "BTC-USD"}, {"trade_id": 847656928, "side": "sell", "size": "0.05352000", "price": "117361.69000000", "time": "2025-07-11T17:39:09.367935Z", "fetched_at": "2025-07-11T17:39:34.188793+00:00", "symbol": "BTC-USD"}, {"trade_id": 847656927, "side": "sell", "size": "0.01879000", "price": "117361.69000000", "time": "2025-07-11T17:39:09.367935Z", "fetched_at": "2025-07-11T17:39:34.188793+00:00", "symbol": "BTC-USD"}, {"trade_id": 847656926, "side": "sell", "size": "0.00001919", "price": "117361.68000000", "time": "2025-07-11T17:39:09.367935Z", "fetched_at": "2025-07-11T17:39:34.188793+00:00", "symbol": "BTC-USD"}, {"trade_id": 847656925, "side": "sell", "size": "0.00001919", "price": "117361.68000000", "time": "2025-07-11T17:39:09.367935Z", "fetched_at": "2025-07-11T17:39:34.188793+00:00", "symbol": "BTC-USD"}, {"trade_id": 847656924, "side": "sell", "size": "0.02434551", "price": "117348.69000000", "time": "2025-07-11T17:39:09.241246Z", "fetched_at": "2025-07-11T17:39:34.188793+00:00", "symbol": "BTC-USD"}, {"trade_id": 847656923, "side": "sell", "size": "0.09073562", "price": "117362.38000000", "time": "2025-07-11T17:39:09.125457Z", "fetched_at": "2025-07-11T17:39:34.188793+00:00", "symbol": "BTC-USD"}, {"trade_id": 847656922, "side": "sell", "size": "0.07150000", "price": "117362.37000000", "time": "2025-07-11T17:39:09.125457Z", "fetched_at": "2025-07-11T17:39:34.188793+00:00", "symbol": "BTC-USD"}, {"trade_id": 847656921, "side": "sell", "size": "0.00005116", "price": "117362.37000000", "time": "2025-07-11T17:39:09.125457Z", "fetched_at": "2025-07-11T17:39:34.188793+00:00", "symbol": "BTC-USD"}, {"trade_id": 847656920, "side": "sell", "size": "0.35049500", "price": "117362.37000000", "time": "2025-07-11T17:39:09.125457Z", "fetched_at": "2025-07-11T17:39:34.188793+00:00", "symbol": "BTC-USD"}, {"trade_id": 847656919, "side": "sell", "size": "0.07150000", "price": "117362.25000000", "time": "2025-07-11T17:39:09.125457Z", "fetched_at": "2025-07-11T17:39:34.188793+00:00", "symbol": "BTC-USD"}, {"trade_id": 847656918, "side": "sell", "size": "0.03154389", "price": "117362.25000000", "time": "2025-07-11T17:39:09.125457Z", "fetched_at": "2025-07-11T17:39:34.188793+00:00", "symbol": "BTC-USD"}, {"trade_id": 847656917, "side": "sell", "size": "0.05352000", "price": "117352.28000000", "time": "2025-07-11T17:39:09.125457Z", "fetched_at": "2025-07-11T17:39:34.188793+00:00", "symbol": "BTC-USD"}, {"trade_id": 847656916, "side": "buy", "size": "0.00008902", "price": "117341.92000000", "time": "2025-07-11T17:39:09.123836Z", "fetched_at": "2025-07-11T17:39:34.188793+00:00", "symbol": "BTC-USD"}, {"trade_id": 847656915, "side": "sell", "size": "0.02837940", "price": "117355.22000000", "time": "2025-07-11T17:39:09.062592Z", "fetched_at": "2025-07-11T17:39:34.188793+00:00", "symbol": "BTC-USD"}, {"trade_id": 847656914, "side": "sell", "size": "0.03409202", "price": "117364.99000000", "time": "2025-07-11T17:39:09.011415Z", "fetched_at": "2025-07-11T17:39:34.188793+00:00", "symbol": "BTC-USD"}, {"trade_id": 847656913, "side": "sell", "size": "0.03594590", "price": "117364.82000000", "time": "2025-07-11T17:39:09.011415Z", "fetched_at": "2025-07-11T17:39:34.188793+00:00", "symbol": "BTC-USD"}, {"trade_id": 847656912, "side": "sell", "size": "0.03503729", "price": "117364.82000000", "time": "2025-07-11T17:39:09.011415Z", "fetched_at": "2025-07-11T17:39:34.188793+00:00", "symbol": "BTC-USD"}, {"trade_id": 847656911, "side": "sell", "size": "0.07150000", "price": "117363.43000000", "time": "2025-07-11T17:39:09.011415Z", "fetched_at": "2025-07-11T17:39:34.188793+00:00", "symbol": "BTC-USD"}, {"trade_id": 847656910, "side": "sell", "size": "0.08102388", "price": "117345.95000000", "time": "2025-07-11T17:39:09.011415Z", "fetched_at": "2025-07-11T17:39:34.188793+00:00", "symbol": "BTC-USD"}, {"trade_id": 847656909, "side": "sell", "size": "0.03409201", "price": "117363.84000000", "time": "2025-07-11T17:39:09.000732Z", "fetched_at": "2025-07-11T17:39:34.188793+00:00", "symbol": "BTC-USD"}, {"trade_id": 847656908, "side": "sell", "size": "0.04467051", "price": "117363.84000000", "time": "2025-07-11T17:39:09.000732Z", "fetched_at": "2025-07-11T17:39:34.188793+00:00", "symbol": "BTC-USD"}, {"trade_id": 847656907, "side": "sell", "size": "0.04467051", "price": "117363.83000000", "time": "2025-07-11T17:39:09.000732Z", "fetched_at": "2025-07-11T17:39:34.188793+00:00", "symbol": "BTC-USD"}, {"trade_id": 847656906, "side": "sell", "size": "0.09365177", "price": "117352.21000000", "time": "2025-07-11T17:39:09.000732Z", "fetched_at": "2025-07-11T17:39:34.188793+00:00", "symbol": "BTC-USD"}, {"trade_id": 847656905, "side": "sell", "size": "0.03085682", "price": "117351.70000000", "time": "2025-07-11T17:39:09.000732Z", "fetched_at": "2025-07-11T17:39:34.188793+00:00", "symbol": "BTC-USD"}, {"trade_id": 847656904, "side": "sell", "size": "0.07150000", "price": "117351.69000000", "time": "2025-07-11T17:39:09.000732Z", "fetched_at": "2025-07-11T17:39:34.188793+00:00", "symbol": "BTC-USD"}, {"trade_id": 847656903, "side": "sell", "size": "0.01000000", "price": "117351.69000000", "time": "2025-07-11T17:39:09.000732Z", "fetched_at": "2025-07-11T17:39:34.188793+00:00", "symbol": "BTC-USD"}, {"trade_id": 847656902, "side": "sell", "size": "0.06359851", "price": "117347.81000000", "time": "2025-07-11T17:39:09.000732Z", "fetched_at": "2025-07-11T17:39:34.188793+00:00", "symbol": "BTC-USD"}, {"trade_id": 847656901, "side": "sell", "size": "0.02558089", "price": "117346.00000000", "time": "2025-07-11T17:39:09.000732Z", "fetched_at": "2025-07-11T17:39:34.188793+00:00", "symbol": "BTC-USD"}, {"trade_id": 847656900, "side": "sell", "size": "0.02314403", "price": "117336.35000000", "time": "2025-07-11T17:39:08.999077Z", "fetched_at": "2025-07-11T17:39:34.188793+00:00", "symbol": "BTC-USD"}, {"trade_id": 847656899, "side": "sell", "size": "0.00001134", "price": "117334.97000000", "time": "2025-07-11T17:39:08.999077Z", "fetched_at": "2025-07-11T17:39:34.188793+00:00", "symbol": "BTC-USD"}, {"trade_id": 847656898, "side": "buy", "size": "0.01173000", "price": "117334.96000000", "time": "2025-07-11T17:39:08.903361Z", "fetched_at": "2025-07-11T17:39:34.188793+00:00", "symbol": "BTC-USD"}, {"trade_id": 847656897, "side": "sell", "size": "0.00000928", "price": "117334.97000000", "time": "2025-07-11T17:39:08.902167Z", "fetched_at": "2025-07-11T17:39:34.188793+00:00", "symbol": "BTC-USD"}, {"trade_id": 847656896, "side": "sell", "size": "0.04173561", "price": "117356.24000000", "time": "2025-07-11T17:39:08.877367Z", "fetched_at": "2025-07-11T17:39:34.188793+00:00", "symbol": "BTC-USD"}, {"trade_id": 847656895, "side": "sell", "size": "0.00018057", "price": "117353.37000000", "time": "2025-07-11T17:39:08.877367Z", "fetched_at": "2025-07-11T17:39:34.188793+00:00", "symbol": "BTC-USD"}, {"trade_id": 847656894, "side": "sell", "size": "0.07150000", "price": "117353.37000000", "time": "2025-07-11T17:39:08.877367Z", "fetched_at": "2025-07-11T17:39:34.188793+00:00", "symbol": "BTC-USD"}, {"trade_id": 847656893, "side": "sell", "size": "0.01000000", "price": "117353.37000000", "time": "2025-07-11T17:39:08.877367Z", "fetched_at": "2025-07-11T17:39:34.188793+00:00", "symbol": "BTC-USD"}, {"trade_id": 847656892, "side": "sell", "size": "0.00042613", "price": "117353.31000000", "time": "2025-07-11T17:39:08.877367Z", "fetched_at": "2025-07-11T17:39:34.188793+00:00", "symbol": "BTC-USD"}, {"trade_id": 847656891, "side": "sell", "size": "0.08521668", "price": "117347.91000000", "time": "2025-07-11T17:39:08.877367Z", "fetched_at": "2025-07-11T17:39:34.188793+00:00", "symbol": "BTC-USD"}, {"trade_id": 847656890, "side": "sell", "size": "0.08521806", "price": "117346.01000000", "time": "2025-07-11T17:39:08.877367Z", "fetched_at": "2025-07-11T17:39:34.188793+00:00", "symbol": "BTC-USD"}, {"trade_id": 847656889, "side": "buy", "size": "0.05301220", "price": "117333.42000000", "time": "2025-07-11T17:39:08.873603Z", "fetched_at": "2025-07-11T17:39:34.188793+00:00", "symbol": "BTC-USD"}, {"trade_id": 847656888, "side": "sell", "size": "0.00850924", "price": "117334.97000000", "time": "2025-07-11T17:39:08.872309Z", "fetched_at": "2025-07-11T17:39:34.188793+00:00", "symbol": "BTC-USD"}, {"trade_id": 847656887, "side": "sell", "size": "0.00001336", "price": "117333.43000000", "time": "2025-07-11T17:39:08.872309Z", "fetched_at": "2025-07-11T17:39:34.188793+00:00", "symbol": "BTC-USD"}, {"trade_id": 847656886, "side": "sell", "size": "0.05490242", "price": "117353.38000000", "time": "2025-07-11T17:39:08.816588Z", "fetched_at": "2025-07-11T17:39:34.188793+00:00", "symbol": "BTC-USD"}, {"trade_id": 847656885, "side": "sell", "size": "0.04509758", "price": "117339.20000000", "time": "2025-07-11T17:39:08.816588Z", "fetched_at": "2025-07-11T17:39:34.188793+00:00", "symbol": "BTC-USD"}, {"trade_id": 847656884, "side": "buy", "size": "0.00042000", "price": "117333.42000000", "time": "2025-07-11T17:39:08.816158Z", "fetched_at": "2025-07-11T17:39:34.188793+00:00", "symbol": "BTC-USD"}, {"trade_id": 847656883, "side": "sell", "size": "0.01108584", "price": "117339.19000000", "time": "2025-07-11T17:39:08.799069Z", "fetched_at": "2025-07-11T17:39:34.188793+00:00", "symbol": "BTC-USD"}, {"trade_id": 847656882, "side": "sell", "size": "0.00852230", "price": "117339.17000000", "time": "2025-07-11T17:39:08.799069Z", "fetched_at": "2025-07-11T17:39:34.188793+00:00", "symbol": "BTC-USD"}, {"trade_id": 847656881, "side": "sell", "size": "0.13700671", "price": "117371.99000000", "time": "2025-07-11T17:39:08.772212Z", "fetched_at": "2025-07-11T17:39:34.188793+00:00", "symbol": "BTC-USD"}, {"trade_id": 847656880, "side": "sell", "size": "0.09342000", "price": "117371.71000000", "time": "2025-07-11T17:39:08.772212Z", "fetched_at": "2025-07-11T17:39:34.188793+00:00", "symbol": "BTC-USD"}, {"trade_id": 847656879, "side": "sell", "size": "0.00001279", "price": "117370.37000000", "time": "2025-07-11T17:39:08.772212Z", "fetched_at": "2025-07-11T17:39:34.188793+00:00", "symbol": "BTC-USD"}, {"trade_id": 847656878, "side": "sell", "size": "0.08520326", "price": "117366.40000000", "time": "2025-07-11T17:39:08.772212Z", "fetched_at": "2025-07-11T17:39:34.188793+00:00", "symbol": "BTC-USD"}, {"trade_id": 847656877, "side": "sell", "size": "0.00001000", "price": "117365.60000000", "time": "2025-07-11T17:39:08.772212Z", "fetched_at": "2025-07-11T17:39:34.188793+00:00", "symbol": "BTC-USD"}, {"trade_id": 847656876, "side": "sell", "size": "0.05502491", "price": "117365.01000000", "time": "2025-07-11T17:39:08.772212Z", "fetched_at": "2025-07-11T17:39:34.188793+00:00", "symbol": "BTC-USD"}, {"trade_id": 847656875, "side": "sell", "size": "0.05884034", "price": "117360.32000000", "time": "2025-07-11T17:39:08.772212Z", "fetched_at": "2025-07-11T17:39:34.188793+00:00", "symbol": "BTC-USD"}, {"trade_id": 847656874, "side": "sell", "size": "0.03484191", "price": "117341.80000000", "time": "2025-07-11T17:39:08.772212Z", "fetched_at": "2025-07-11T17:39:34.188793+00:00", "symbol": "BTC-USD"}, {"trade_id": 847656873, "side": "sell", "size": "0.03632882", "price": "117341.43000000", "time": "2025-07-11T17:39:08.772212Z", "fetched_at": "2025-07-11T17:39:34.188793+00:00", "symbol": "BTC-USD"}, {"trade_id": 847656872, "side": "sell", "size": "0.01265966", "price": "117360.32000000", "time": "2025-07-11T17:39:08.768253Z", "fetched_at": "2025-07-11T17:39:34.188793+00:00", "symbol": "BTC-USD"}, {"trade_id": 847656871, "side": "sell", "size": "0.00499918", "price": "117358.65000000", "time": "2025-07-11T17:39:08.768253Z", "fetched_at": "2025-07-11T17:39:34.188793+00:00", "symbol": "BTC-USD"}, {"trade_id": 847656870, "side": "sell", "size": "0.00499873", "price": "117358.65000000", "time": "2025-07-11T17:39:08.768253Z", "fetched_at": "2025-07-11T17:39:34.188793+00:00", "symbol": "BTC-USD"}, {"trade_id": 847656869, "side": "sell", "size": "0.00001000", "price": "117356.80000000", "time": "2025-07-11T17:39:08.768253Z", "fetched_at": "2025-07-11T17:39:34.188793+00:00", "symbol": "BTC-USD"}, {"trade_id": 847656868, "side": "sell", "size": "0.04282954", "price": "117355.36000000", "time": "2025-07-11T17:39:08.768253Z", "fetched_at": "2025-07-11T17:39:34.188793+00:00", "symbol": "BTC-USD"}, {"trade_id": 847656867, "side": "sell", "size": "0.00852127", "price": "117353.32000000", "time": "2025-07-11T17:39:08.768253Z", "fetched_at": "2025-07-11T17:39:34.188793+00:00", "symbol": "BTC-USD"}, {"trade_id": 847656866, "side": "sell", "size": "0.00042622", "price": "117353.31000000", "time": "2025-07-11T17:39:08.768253Z", "fetched_at": "2025-07-11T17:39:34.188793+00:00", "symbol": "BTC-USD"}, {"trade_id": 847656865, "side": "sell", "size": "0.00499499", "price": "117349.71000000", "time": "2025-07-11T17:39:08.768253Z", "fetched_at": "2025-07-11T17:39:34.188793+00:00", "symbol": "BTC-USD"}, {"trade_id": 847656864, "side": "sell", "size": "0.00046500", "price": "117348.49000000", "time": "2025-07-11T17:39:08.768253Z", "fetched_at": "2025-07-11T17:39:34.188793+00:00", "symbol": "BTC-USD"}, {"trade_id": 847656863, "side": "sell", "size": "0.00001000", "price": "117348.00000000", "time": "2025-07-11T17:39:08.768253Z", "fetched_at": "2025-07-11T17:39:34.188793+00:00", "symbol": "BTC-USD"}, {"trade_id": 847656862, "side": "sell", "size": "0.08521668", "price": "117347.91000000", "time": "2025-07-11T17:39:08.768253Z", "fetched_at": "2025-07-11T17:39:34.188793+00:00", "symbol": "BTC-USD"}, {"trade_id": 847656861, "side": "sell", "size": "0.01672106", "price": "117346.50000000", "time": "2025-07-11T17:39:08.768253Z", "fetched_at": "2025-07-11T17:39:34.188793+00:00", "symbol": "BTC-USD"}, {"trade_id": 847656860, "side": "sell", "size": "0.08521806", "price": "117346.01000000", "time": "2025-07-11T17:39:08.768253Z", "fetched_at": "2025-07-11T17:39:34.188793+00:00", "symbol": "BTC-USD"}, {"trade_id": 847656859, "side": "sell", "size": "0.07117753", "price": "117341.64000000", "time": "2025-07-11T17:39:08.768253Z", "fetched_at": "2025-07-11T17:39:34.188793+00:00", "symbol": "BTC-USD"}, {"trade_id": 847656858, "side": "sell", "size": "0.01246803", "price": "117341.64000000", "time": "2025-07-11T17:39:08.766863Z", "fetched_at": "2025-07-11T17:39:34.188793+00:00", "symbol": "BTC-USD"}, {"trade_id": 847656857, "side": "sell", "size": "0.00817803", "price": "117341.47000000", "time": "2025-07-11T17:39:08.766863Z", "fetched_at": "2025-07-11T17:39:34.188793+00:00", "symbol": "BTC-USD"}, {"trade_id": 847656856, "side": "sell", "size": "0.00001000", "price": "117339.20000000", "time": "2025-07-11T17:39:08.766863Z", "fetched_at": "2025-07-11T17:39:34.188793+00:00", "symbol": "BTC-USD"}, {"trade_id": 847656855, "side": "sell", "size": "0.03436397", "price": "117336.58000000", "time": "2025-07-11T17:39:08.763363Z", "fetched_at": "2025-07-11T17:39:34.188793+00:00", "symbol": "BTC-USD"}, {"trade_id": 847656854, "side": "sell", "size": "0.00034000", "price": "117332.38000000", "time": "2025-07-11T17:39:08.763363Z", "fetched_at": "2025-07-11T17:39:34.188793+00:00", "symbol": "BTC-USD"}, {"trade_id": 847656853, "side": "sell", "size": "0.05000000", "price": "117330.75000000", "time": "2025-07-11T17:39:08.763363Z", "fetched_at": "2025-07-11T17:39:34.188793+00:00", "symbol": "BTC-USD"}, {"trade_id": 847656852, "side": "sell", "size": "0.00001000", "price": "117330.40000000", "time": "2025-07-11T17:39:08.763363Z", "fetched_at": "2025-07-11T17:39:34.188793+00:00", "symbol": "BTC-USD"}, {"trade_id": 847656851, "side": "sell", "size": "0.04226287", "price": "117328.92000000", "time": "2025-07-11T17:39:08.763363Z", "fetched_at": "2025-07-11T17:39:34.188793+00:00", "symbol": "BTC-USD"}, {"trade_id": 847656850, "side": "sell", "size": "0.08544547", "price": "117327.60000000", "time": "2025-07-11T17:39:08.763363Z", "fetched_at": "2025-07-11T17:39:34.188793+00:00", "symbol": "BTC-USD"}, {"trade_id": 847656849, "side": "sell", "size": "0.01808838", "price": "117325.33000000", "time": "2025-07-11T17:39:08.763363Z", "fetched_at": "2025-07-11T17:39:34.188793+00:00", "symbol": "BTC-USD"}, {"trade_id": 847656848, "side": "sell", "size": "0.02391493", "price": "117324.76000000", "time": "2025-07-11T17:39:08.763363Z", "fetched_at": "2025-07-11T17:39:34.188793+00:00", "symbol": "BTC-USD"}, {"trade_id": 847656847, "side": "sell", "size": "0.01108593", "price": "117318.98000000", "time": "2025-07-11T17:39:08.763363Z", "fetched_at": "2025-07-11T17:39:34.188793+00:00", "symbol": "BTC-USD"}, {"trade_id": 847656846, "side": "sell", "size": "0.04509758", "price": "117317.62000000", "time": "2025-07-11T17:39:08.763363Z", "fetched_at": "2025-07-11T17:39:34.188793+00:00", "symbol": "BTC-USD"}, {"trade_id": 847656845, "side": "sell", "size": "0.00000213", "price": "117317.42000000", "time": "2025-07-11T17:39:08.763363Z", "fetched_at": "2025-07-11T17:39:34.188793+00:00", "symbol": "BTC-USD"}, {"trade_id": 847656844, "side": "sell", "size": "0.00009467", "price": "117317.42000000", "time": "2025-07-11T17:39:08.763363Z", "fetched_at": "2025-07-11T17:39:34.188793+00:00", "symbol": "BTC-USD"}, {"trade_id": 847656843, "side": "sell", "size": "0.00000664", "price": "117317.42000000", "time": "2025-07-11T17:39:08.763363Z", "fetched_at": "2025-07-11T17:39:34.188793+00:00", "symbol": "BTC-USD"}, {"trade_id": 847656842, "side": "sell", "size": "0.08528066", "price": "117314.98000000", "time": "2025-07-11T17:39:08.761133Z", "fetched_at": "2025-07-11T17:39:34.188793+00:00", "symbol": "BTC-USD"}, {"trade_id": 847656841, "side": "sell", "size": "0.01467010", "price": "117315.00000000", "time": "2025-07-11T17:39:08.761051Z", "fetched_at": "2025-07-11T17:39:34.188793+00:00", "symbol": "BTC-USD"}, {"trade_id": 847656840, "side": "sell", "size": "0.14153610", "price": "117315.00000000", "time": "2025-07-11T17:39:08.760994Z", "fetched_at": "2025-07-11T17:39:34.188793+00:00", "symbol": "BTC-USD"}, {"trade_id": 847656839, "side": "sell", "size": "0.45938331", "price": "117315.00000000", "time": "2025-07-11T17:39:08.760920Z", "fetched_at": "2025-07-11T17:39:34.188793+00:00", "symbol": "BTC-USD"}, {"trade_id": 847656838, "side": "sell", "size": "0.02110757", "price": "117315.00000000", "time": "2025-07-11T17:39:08.760842Z", "fetched_at": "2025-07-11T17:39:34.188793+00:00", "symbol": "BTC-USD"}, {"trade_id": 847656837, "side": "sell", "size": "0.01279936", "price": "117313.15000000", "time": "2025-07-11T17:39:08.760842Z", "fetched_at": "2025-07-11T17:39:34.188793+00:00", "symbol": "BTC-USD"}, {"trade_id": 847656836, "side": "sell", "size": "0.01420064", "price": "117313.15000000", "time": "2025-07-11T17:39:08.760772Z", "fetched_at": "2025-07-11T17:39:34.188793+00:00", "symbol": "BTC-USD"}, {"trade_id": 847656835, "side": "sell", "size": "0.03190655", "price": "117315.00000000", "time": "2025-07-11T17:39:08.760663Z", "fetched_at": "2025-07-11T17:39:34.188793+00:00", "symbol": "BTC-USD"}, {"trade_id": 847656834, "side": "sell", "size": "0.03754095", "price": "117315.00000000", "time": "2025-07-11T17:39:08.760601Z", "fetched_at": "2025-07-11T17:39:34.188793+00:00", "symbol": "BTC-USD"}, {"trade_id": 847656833, "side": "sell", "size": "0.06530388", "price": "117315.00000000", "time": "2025-07-11T17:39:08.760456Z", "fetched_at": "2025-07-11T17:39:34.188793+00:00", "symbol": "BTC-USD"}, {"trade_id": 847656832, "side": "sell", "size": "0.83846550", "price": "117315.00000000", "time": "2025-07-11T17:39:08.760395Z", "fetched_at": "2025-07-11T17:39:34.188793+00:00", "symbol": "BTC-USD"}, {"trade_id": 847656831, "side": "sell", "size": "0.16145358", "price": "117315.00000000", "time": "2025-07-11T17:39:08.760007Z", "fetched_at": "2025-07-11T17:39:34.188793+00:00", "symbol": "BTC-USD"}, {"trade_id": 847656830, "side": "sell", "size": "0.22863246", "price": "117315.00000000", "time": "2025-07-11T17:39:08.758734Z", "fetched_at": "2025-07-11T17:39:34.188793+00:00", "symbol": "BTC-USD"}, {"trade_id": 847656829, "side": "sell", "size": "0.40000000", "price": "117315.00000000", "time": "2025-07-11T17:39:08.758734Z", "fetched_at": "2025-07-11T17:39:34.188793+00:00", "symbol": "BTC-USD"}, {"trade_id": 847656828, "side": "sell", "size": "0.08347734", "price": "117313.56000000", "time": "2025-07-11T17:39:08.755792Z", "fetched_at": "2025-07-11T17:39:34.188793+00:00", "symbol": "BTC-USD"}, {"trade_id": 847656827, "side": "sell", "size": "0.08528093", "price": "117313.54000000", "time": "2025-07-11T17:39:08.755792Z", "fetched_at": "2025-07-11T17:39:34.188793+00:00", "symbol": "BTC-USD"}, {"trade_id": 847656826, "side": "sell", "size": "0.01000000", "price": "117313.18000000", "time": "2025-07-11T17:39:08.755792Z", "fetched_at": "2025-07-11T17:39:34.188793+00:00", "symbol": "BTC-USD"}, {"trade_id": 847656825, "side": "sell", "size": "0.01073955", "price": "117313.17000000", "time": "2025-07-11T17:39:08.755792Z", "fetched_at": "2025-07-11T17:39:34.188793+00:00", "symbol": "BTC-USD"}, {"trade_id": 847656824, "side": "sell", "size": "0.00852465", "price": "117306.77000000", "time": "2025-07-11T17:39:08.755486Z", "fetched_at": "2025-07-11T17:39:34.188793+00:00", "symbol": "BTC-USD"}, {"trade_id": 847656823, "side": "sell", "size": "0.00001034", "price": "117306.31000000", "time": "2025-07-11T17:39:08.755486Z", "fetched_at": "2025-07-11T17:39:34.188793+00:00", "symbol": "BTC-USD"}, {"trade_id": 847656822, "side": "sell", "size": "0.00002631", "price": "117306.31000000", "time": "2025-07-11T17:39:08.755486Z", "fetched_at": "2025-07-11T17:39:34.188793+00:00", "symbol": "BTC-USD"}, {"trade_id": 847656821, "side": "sell", "size": "0.01209476", "price": "117306.31000000", "time": "2025-07-11T17:39:08.755486Z", "fetched_at": "2025-07-11T17:39:34.188793+00:00", "symbol": "BTC-USD"}, {"trade_id": 847656820, "side": "buy", "size": "0.02807073", "price": "117306.30000000", "time": "2025-07-11T17:39:08.574711Z", "fetched_at": "2025-07-11T17:39:34.188793+00:00", "symbol": "BTC-USD"}, {"trade_id": 847656819, "side": "sell", "size": "0.00024901", "price": "117306.31000000", "time": "2025-07-11T17:39:08.537618Z", "fetched_at": "2025-07-11T17:39:34.188793+00:00", "symbol": "BTC-USD"}, {"trade_id": 847656818, "side": "sell", "size": "0.00002241", "price": "117306.31000000", "time": "2025-07-11T17:39:08.135552Z", "fetched_at": "2025-07-11T17:39:34.188793+00:00", "symbol": "BTC-USD"}, {"trade_id": 847656817, "side": "sell", "size": "0.00008226", "price": "117306.31000000", "time": "2025-07-11T17:39:08.066Z", "fetched_at": "2025-07-11T17:39:34.188793+00:00", "symbol": "BTC-USD"}, {"trade_id": 847656816, "side": "buy", "size": "0.00151200", "price": "117306.30000000", "time": "2025-07-11T17:39:07.654153Z", "fetched_at": "2025-07-11T17:39:34.188793+00:00", "symbol": "BTC-USD"}, {"trade_id": 847656815, "side": "buy", "size": "0.00009343", "price": "117306.30000000", "time": "2025-07-11T17:39:07.654153Z", "fetched_at": "2025-07-11T17:39:34.188793+00:00", "symbol": "BTC-USD"}, {"trade_id": 847656814, "side": "sell", "size": "0.00130759", "price": "117306.31000000", "time": "2025-07-11T17:39:05.687450Z", "fetched_at": "2025-07-11T17:39:34.188793+00:00", "symbol": "BTC-USD"}, {"trade_id": 847656813, "side": "sell", "size": "0.00168721", "price": "117306.31000000", "time": "2025-07-11T17:39:05.183415Z", "fetched_at": "2025-07-11T17:39:34.188793+00:00", "symbol": "BTC-USD"}, {"trade_id": 847656812, "side": "sell", "size": "0.00243058", "price": "117306.31000000", "time": "2025-07-11T17:39:05.063445Z", "fetched_at": "2025-07-11T17:39:34.188793+00:00", "symbol": "BTC-USD"}, {"trade_id": 847656811, "side": "sell", "size": "0.00021557", "price": "117306.31000000", "time": "2025-07-11T17:39:04.502826Z", "fetched_at": "2025-07-11T17:39:34.188793+00:00", "symbol": "BTC-USD"}, {"trade_id": 847656810, "side": "buy", "size": "0.00119035", "price": "117306.28000000", "time": "2025-07-11T17:39:04.100711Z", "fetched_at": "2025-07-11T17:39:34.188793+00:00", "symbol": "BTC-USD"}, {"trade_id": 847656809, "side": "buy", "size": "0.00001000", "price": "117312.80000000", "time": "2025-07-11T17:39:04.100711Z", "fetched_at": "2025-07-11T17:39:34.188793+00:00", "symbol": "BTC-USD"}, {"trade_id": 847656808, "side": "buy", "size": "0.00008106", "price": "117312.81000000", "time": "2025-07-11T17:39:04.100711Z", "fetched_at": "2025-07-11T17:39:34.188793+00:00", "symbol": "BTC-USD"}, {"trade_id": 847656807, "side": "sell", "size": "0.00397452", "price": "117315.25000000", "time": "2025-07-11T17:39:03.733445Z", "fetched_at": "2025-07-11T17:39:34.188793+00:00", "symbol": "BTC-USD"}, {"trade_id": 847656806, "side": "buy", "size": "0.00008137", "price": "117317.40000000", "time": "2025-07-11T17:39:03.727650Z", "fetched_at": "2025-07-11T17:39:34.188793+00:00", "symbol": "BTC-USD"}, {"trade_id": 847656805, "side": "buy", "size": "0.02213335", "price": "117321.59000000", "time": "2025-07-11T17:39:03.678888Z", "fetched_at": "2025-07-11T17:39:34.188793+00:00", "symbol": "BTC-USD"}, {"trade_id": 847656804, "side": "buy", "size": "0.00001000", "price": "117321.60000000", "time": "2025-07-11T17:39:03.678888Z", "fetched_at": "2025-07-11T17:39:34.188793+00:00", "symbol": "BTC-USD"}, {"trade_id": 847656803, "side": "buy", "size": "0.00329520", "price": "117321.85000000", "time": "2025-07-11T17:39:03.670649Z", "fetched_at": "2025-07-11T17:39:34.188793+00:00", "symbol": "BTC-USD"}, {"trade_id": 847656802, "side": "buy", "size": "0.08250111", "price": "117321.85000000", "time": "2025-07-11T17:39:03.670649Z", "fetched_at": "2025-07-11T17:39:34.188793+00:00", "symbol": "BTC-USD"}, {"trade_id": 847656801, "side": "buy", "size": "0.00119363", "price": "117321.85000000", "time": "2025-07-11T17:39:03.670649Z", "fetched_at": "2025-07-11T17:39:34.188793+00:00", "symbol": "BTC-USD"}, {"trade_id": 847656800, "side": "buy", "size": "0.00000536", "price": "117321.85000000", "time": "2025-07-11T17:39:03.670649Z", "fetched_at": "2025-07-11T17:39:34.188793+00:00", "symbol": "BTC-USD"}, {"trade_id": 847656799, "side": "buy", "size": "0.00000784", "price": "117321.85000000", "time": "2025-07-11T17:39:03.670649Z", "fetched_at": "2025-07-11T17:39:34.188793+00:00", "symbol": "BTC-USD"}, {"trade_id": 847656798, "side": "buy", "size": "0.00000017", "price": "117321.85000000", "time": "2025-07-11T17:39:03.670649Z", "fetched_at": "2025-07-11T17:39:34.188793+00:00", "symbol": "BTC-USD"}, {"trade_id": 847656797, "side": "buy", "size": "0.00000238", "price": "117321.85000000", "time": "2025-07-11T17:39:03.670649Z", "fetched_at": "2025-07-11T17:39:34.188793+00:00", "symbol": "BTC-USD"}, {"trade_id": 847656796, "side": "sell", "size": "0.00248425", "price": "117321.86000000", "time": "2025-07-11T17:39:03.339382Z", "fetched_at": "2025-07-11T17:39:34.188793+00:00", "symbol": "BTC-USD"}, {"trade_id": 847656795, "side": "sell", "size": "0.00500000", "price": "117321.86000000", "time": "2025-07-11T17:39:02.325966Z", "fetched_at": "2025-07-11T17:39:34.188793+00:00", "symbol": "BTC-USD"}, {"trade_id": 847656794, "side": "sell", "size": "0.00165617", "price": "117321.86000000", "time": "2025-07-11T17:39:02.291374Z", "fetched_at": "2025-07-11T17:39:34.188793+00:00", "symbol": "BTC-USD"}, {"trade_id": 847656793, "side": "buy", "size": "0.00004630", "price": "117321.85000000", "time": "2025-07-11T17:39:02.233884Z", "fetched_at": "2025-07-11T17:39:34.188793+00:00", "symbol": "BTC-USD"}, {"trade_id": 847656792, "side": "buy", "size": "0.00019713", "price": "117321.85000000", "time": "2025-07-11T17:39:02.069376Z", "fetched_at": "2025-07-11T17:39:34.188793+00:00", "symbol": "BTC-USD"}, {"trade_id": 847656791, "side": "sell", "size": "0.00871521", "price": "117321.86000000", "time": "2025-07-11T17:39:01.867302Z", "fetched_at": "2025-07-11T17:39:34.188793+00:00", "symbol": "BTC-USD"}, {"trade_id": 847656790, "side": "buy", "size": "0.01289854", "price": "117321.85000000", "time": "2025-07-11T17:39:01.849927Z", "fetched_at": "2025-07-11T17:39:34.188793+00:00", "symbol": "BTC-USD"}, {"trade_id": 847656789, "side": "buy", "size": "0.00000426", "price": "117321.85000000", "time": "2025-07-11T17:39:01.849927Z", "fetched_at": "2025-07-11T17:39:34.188793+00:00", "symbol": "BTC-USD"}, {"trade_id": 847656788, "side": "buy", "size": "0.00288616", "price": "117321.85000000", "time": "2025-07-11T17:39:01.849927Z", "fetched_at": "2025-07-11T17:39:34.188793+00:00", "symbol": "BTC-USD"}, {"trade_id": 847656787, "side": "buy", "size": "0.00142402", "price": "117321.85000000", "time": "2025-07-11T17:39:01.849927Z", "fetched_at": "2025-07-11T17:39:34.188793+00:00", "symbol": "BTC-USD"}, {"trade_id": 847656786, "side": "buy", "size": "0.00097877", "price": "117321.85000000", "time": "2025-07-11T17:39:01.817918Z", "fetched_at": "2025-07-11T17:39:34.188793+00:00", "symbol": "BTC-USD"}, {"trade_id": 847656785, "side": "buy", "size": "0.00001304", "price": "117321.85000000", "time": "2025-07-11T17:39:01.817918Z", "fetched_at": "2025-07-11T17:39:34.188793+00:00", "symbol": "BTC-USD"}, {"trade_id": 847656784, "side": "sell", "size": "0.00004142", "price": "117321.86000000", "time": "2025-07-11T17:39:01.553756Z", "fetched_at": "2025-07-11T17:39:34.188793+00:00", "symbol": "BTC-USD"}, {"trade_id": 847656783, "side": "sell", "size": "0.00020702", "price": "117321.86000000", "time": "2025-07-11T17:39:01.447085Z", "fetched_at": "2025-07-11T17:39:34.188793+00:00", "symbol": "BTC-USD"}, {"trade_id": 847656782, "side": "sell", "size": "0.12068164", "price": "117323.00000000", "time": "2025-07-11T17:39:01.283913Z", "fetched_at": "2025-07-11T17:39:34.188793+00:00", "symbol": "BTC-USD"}, {"trade_id": 847656781, "side": "sell", "size": "0.00001033", "price": "117321.86000000", "time": "2025-07-11T17:39:01.283913Z", "fetched_at": "2025-07-11T17:39:34.188793+00:00", "symbol": "BTC-USD"}, {"trade_id": 847656780, "side": "sell", "size": "0.01792729", "price": "117321.86000000", "time": "2025-07-11T17:39:01.283913Z", "fetched_at": "2025-07-11T17:39:34.188793+00:00", "symbol": "BTC-USD"}, {"trade_id": 847656779, "side": "sell", "size": "0.00015970", "price": "117321.86000000", "time": "2025-07-11T17:39:00.430953Z", "fetched_at": "2025-07-11T17:39:34.188793+00:00", "symbol": "BTC-USD"}, {"trade_id": 847656778, "side": "buy", "size": "0.00001000", "price": "117330.40000000", "time": "2025-07-11T17:39:00.323587Z", "fetched_at": "2025-07-11T17:39:34.188793+00:00", "symbol": "BTC-USD"}, {"trade_id": 847656777, "side": "buy", "size": "0.00205392", "price": "117336.88000000", "time": "2025-07-11T17:39:00.283602Z", "fetched_at": "2025-07-11T17:39:34.188793+00:00", "symbol": "BTC-USD"}, {"trade_id": 847656776, "side": "buy", "size": "0.00000102", "price": "117336.95000000", "time": "2025-07-11T17:39:00.283602Z", "fetched_at": "2025-07-11T17:39:34.188793+00:00", "symbol": "BTC-USD"}, {"trade_id": 847656775, "side": "buy", "size": "0.00724179", "price": "117336.95000000", "time": "2025-07-11T17:39:00.283602Z", "fetched_at": "2025-07-11T17:39:34.188793+00:00", "symbol": "BTC-USD"}, {"trade_id": 847656774, "side": "buy", "size": "0.00494601", "price": "117336.95000000", "time": "2025-07-11T17:39:00.283602Z", "fetched_at": "2025-07-11T17:39:34.188793+00:00", "symbol": "BTC-USD"}, {"trade_id": 847656773, "side": "buy", "size": "0.00073881", "price": "117336.95000000", "time": "2025-07-11T17:39:00.283602Z", "fetched_at": "2025-07-11T17:39:34.188793+00:00", "symbol": "BTC-USD"}, {"trade_id": 847656772, "side": "buy", "size": "0.00000161", "price": "117336.95000000", "time": "2025-07-11T17:39:00.283602Z", "fetched_at": "2025-07-11T17:39:34.188793+00:00", "symbol": "BTC-USD"}, {"trade_id": 847656771, "side": "buy", "size": "0.00482967", "price": "117336.97000000", "time": "2025-07-11T17:39:00.283602Z", "fetched_at": "2025-07-11T17:39:34.188793+00:00", "symbol": "BTC-USD"}, {"trade_id": 847656770, "side": "buy", "size": "0.00064429", "price": "117336.97000000", "time": "2025-07-11T17:39:00.283602Z", "fetched_at": "2025-07-11T17:39:34.188793+00:00", "symbol": "BTC-USD"}, {"trade_id": 847656769, "side": "buy", "size": "0.00037174", "price": "117336.97000000", "time": "2025-07-11T17:39:00.283602Z", "fetched_at": "2025-07-11T17:39:34.188793+00:00", "symbol": "BTC-USD"}, {"trade_id": 847656768, "side": "buy", "size": "0.01990833", "price": "117336.99000000", "time": "2025-07-11T17:39:00.272748Z", "fetched_at": "2025-07-11T17:39:34.188793+00:00", "symbol": "BTC-USD"}, {"trade_id": 847656767, "side": "buy", "size": "0.07052498", "price": "117336.99000000", "time": "2025-07-11T17:39:00.271638Z", "fetched_at": "2025-07-11T17:39:34.188793+00:00", "symbol": "BTC-USD"}, {"trade_id": 847656766, "side": "buy", "size": "0.09972436", "price": "117336.99000000", "time": "2025-07-11T17:39:00.269138Z", "fetched_at": "2025-07-11T17:39:34.188793+00:00", "symbol": "BTC-USD"}, {"trade_id": 847656765, "side": "buy", "size": "0.03273454", "price": "117336.99000000", "time": "2025-07-11T17:39:00.265738Z", "fetched_at": "2025-07-11T17:39:34.188793+00:00", "symbol": "BTC-USD"}, {"trade_id": 847656764, "side": "buy", "size": "0.01363253", "price": "117336.99000000", "time": "2025-07-11T17:39:00.265710Z", "fetched_at": "2025-07-11T17:39:34.188793+00:00", "symbol": "BTC-USD"}, {"trade_id": 847656763, "side": "buy", "size": "0.00990970", "price": "117336.99000000", "time": "2025-07-11T17:39:00.265531Z", "fetched_at": "2025-07-11T17:39:34.188793+00:00", "symbol": "BTC-USD"}, {"trade_id": 847656762, "side": "buy", "size": "0.00446625", "price": "117336.99000000", "time": "2025-07-11T17:39:00.265522Z", "fetched_at": "2025-07-11T17:39:34.188793+00:00", "symbol": "BTC-USD"}, {"trade_id": 847656761, "side": "buy", "size": "0.00920334", "price": "117336.99000000", "time": "2025-07-11T17:39:00.265254Z", "fetched_at": "2025-07-11T17:39:34.188793+00:00", "symbol": "BTC-USD"}, {"trade_id": 847656760, "side": "buy", "size": "0.05254067", "price": "117336.99000000", "time": "2025-07-11T17:39:00.265224Z", "fetched_at": "2025-07-11T17:39:34.188793+00:00", "symbol": "BTC-USD"}, {"trade_id": 847656759, "side": "buy", "size": "0.01219978", "price": "117336.99000000", "time": "2025-07-11T17:39:00.264799Z", "fetched_at": "2025-07-11T17:39:34.188793+00:00", "symbol": "BTC-USD"}, {"trade_id": 847656758, "side": "buy", "size": "0.00399074", "price": "117336.99000000", "time": "2025-07-11T17:39:00.264605Z", "fetched_at": "2025-07-11T17:39:34.188793+00:00", "symbol": "BTC-USD"}, {"trade_id": 847656757, "side": "buy", "size": "0.00979075", "price": "117336.99000000", "time": "2025-07-11T17:39:00.264518Z", "fetched_at": "2025-07-11T17:39:34.188793+00:00", "symbol": "BTC-USD"}, {"trade_id": 847656756, "side": "buy", "size": "0.00848373", "price": "117336.99000000", "time": "2025-07-11T17:39:00.264437Z", "fetched_at": "2025-07-11T17:39:34.188793+00:00", "symbol": "BTC-USD"}, {"trade_id": 847656755, "side": "buy", "size": "0.00716651", "price": "117336.99000000", "time": "2025-07-11T17:39:00.263889Z", "fetched_at": "2025-07-11T17:39:34.188793+00:00", "symbol": "BTC-USD"}, {"trade_id": 847656754, "side": "buy", "size": "0.07467940", "price": "117336.99000000", "time": "2025-07-11T17:39:00.261929Z", "fetched_at": "2025-07-11T17:39:34.188793+00:00", "symbol": "BTC-USD"}, {"trade_id": 847656753, "side": "buy", "size": "0.01624684", "price": "117336.99000000", "time": "2025-07-11T17:39:00.261352Z", "fetched_at": "2025-07-11T17:39:34.188793+00:00", "symbol": "BTC-USD"}, {"trade_id": 847656752, "side": "buy", "size": "0.10476071", "price": "117336.99000000", "time": "2025-07-11T17:39:00.261270Z", "fetched_at": "2025-07-11T17:39:34.188793+00:00", "symbol": "BTC-USD"}, {"trade_id": 847656751, "side": "buy", "size": "0.06252141", "price": "117336.99000000", "time": "2025-07-11T17:39:00.201494Z", "fetched_at": "2025-07-11T17:39:34.188793+00:00", "symbol": "BTC-USD"}, {"trade_id": 847656750, "side": "buy", "size": "0.01839815", "price": "117336.99000000", "time": "2025-07-11T17:39:00.196351Z", "fetched_at": "2025-07-11T17:39:34.188793+00:00", "symbol": "BTC-USD"}, {"trade_id": 847656749, "side": "buy", "size": "0.02748923", "price": "117336.99000000", "time": "2025-07-11T17:39:00.191837Z", "fetched_at": "2025-07-11T17:39:34.188793+00:00", "symbol": "BTC-USD"}, {"trade_id": 847656748, "side": "buy", "size": "0.01172827", "price": "117336.99000000", "time": "2025-07-11T17:39:00.189488Z", "fetched_at": "2025-07-11T17:39:34.188793+00:00", "symbol": "BTC-USD"}, {"trade_id": 847656747, "side": "buy", "size": "0.02031071", "price": "117336.99000000", "time": "2025-07-11T17:39:00.175426Z", "fetched_at": "2025-07-11T17:39:34.188793+00:00", "symbol": "BTC-USD"}, {"trade_id": 847656746, "side": "buy", "size": "0.02386203", "price": "117336.99000000", "time": "2025-07-11T17:39:00.171021Z", "fetched_at": "2025-07-11T17:39:34.188793+00:00", "symbol": "BTC-USD"}, {"trade_id": 847656745, "side": "buy", "size": "0.04338320", "price": "117336.99000000", "time": "2025-07-11T17:39:00.167019Z", "fetched_at": "2025-07-11T17:39:34.188793+00:00", "symbol": "BTC-USD"}, {"trade_id": 847656744, "side": "buy", "size": "0.01369868", "price": "117336.99000000", "time": "2025-07-11T17:39:00.163305Z", "fetched_at": "2025-07-11T17:39:34.188793+00:00", "symbol": "BTC-USD"}, {"trade_id": 847656743, "side": "buy", "size": "0.13323417", "price": "117336.99000000", "time": "2025-07-11T17:39:00.160338Z", "fetched_at": "2025-07-11T17:39:34.188793+00:00", "symbol": "BTC-USD"}, {"trade_id": 847656742, "side": "buy", "size": "0.01591100", "price": "117336.99000000", "time": "2025-07-11T17:39:00.156771Z", "fetched_at": "2025-07-11T17:39:34.188793+00:00", "symbol": "BTC-USD"}, {"trade_id": 847656741, "side": "buy", "size": "0.07292301", "price": "117336.99000000", "time": "2025-07-11T17:39:00.156771Z", "fetched_at": "2025-07-11T17:39:34.188793+00:00", "symbol": "BTC-USD"}, {"trade_id": 847656740, "side": "buy", "size": "0.00002206", "price": "117336.99000000", "time": "2025-07-11T17:39:00.156771Z", "fetched_at": "2025-07-11T17:39:34.188793+00:00", "symbol": "BTC-USD"}, {"trade_id": 847656739, "side": "buy", "size": "0.00994900", "price": "117336.99000000", "time": "2025-07-11T17:39:00.156771Z", "fetched_at": "2025-07-11T17:39:34.188793+00:00", "symbol": "BTC-USD"}, {"trade_id": 847656738, "side": "sell", "size": "0.00121500", "price": "117337.00000000", "time": "2025-07-11T17:38:59.651150Z", "fetched_at": "2025-07-11T17:39:34.188793+00:00", "symbol": "BTC-USD"}, {"trade_id": 847656737, "side": "sell", "size": "0.00012811", "price": "117337.00000000", "time": "2025-07-11T17:38:59.426092Z", "fetched_at": "2025-07-11T17:39:34.188793+00:00", "symbol": "BTC-USD"}, {"trade_id": 847656736, "side": "sell", "size": "0.00001404", "price": "117337.00000000", "time": "2025-07-11T17:38:59.426092Z", "fetched_at": "2025-07-11T17:39:34.188793+00:00", "symbol": "BTC-USD"}, {"trade_id": 847656735, "side": "sell", "size": "0.00600000", "price": "117337.00000000", "time": "2025-07-11T17:38:58.897320Z", "fetched_at": "2025-07-11T17:39:34.188793+00:00", "symbol": "BTC-USD"}, {"trade_id": 847656734, "side": "sell", "size": "0.01656649", "price": "117337.00000000", "time": "2025-07-11T17:38:58.532089Z", "fetched_at": "2025-07-11T17:39:34.188793+00:00", "symbol": "BTC-USD"}, {"trade_id": 847656733, "side": "sell", "size": "0.00054545", "price": "117337.00000000", "time": "2025-07-11T17:38:58.344702Z", "fetched_at": "2025-07-11T17:39:34.188793+00:00", "symbol": "BTC-USD"}, {"trade_id": 847656732, "side": "buy", "size": "0.00032059", "price": "117336.99000000", "time": "2025-07-11T17:38:58.148466Z", "fetched_at": "2025-07-11T17:39:34.188793+00:00", "symbol": "BTC-USD"}, {"trade_id": 847656731, "side": "buy", "size": "0.06724800", "price": "117351.56000000", "time": "2025-07-11T17:38:57.660835Z", "fetched_at": "2025-07-11T17:39:34.188793+00:00", "symbol": "BTC-USD"}, {"trade_id": 847656730, "side": "buy", "size": "0.05369341", "price": "117351.56000000", "time": "2025-07-11T17:38:57.657133Z", "fetched_at": "2025-07-11T17:39:34.188793+00:00", "symbol": "BTC-USD"}, {"trade_id": 847656729, "side": "buy", "size": "0.00889296", "price": "117353.21000000", "time": "2025-07-11T17:38:57.650428Z", "fetched_at": "2025-07-11T17:39:34.188793+00:00", "symbol": "BTC-USD"}, {"trade_id": 847656728, "side": "buy", "size": "0.04245497", "price": "117353.21000000", "time": "2025-07-11T17:38:57.642553Z", "fetched_at": "2025-07-11T17:39:34.188793+00:00", "symbol": "BTC-USD"}, {"trade_id": 847656727, "side": "buy", "size": "0.00737533", "price": "117353.32000000", "time": "2025-07-11T17:38:57.642553Z", "fetched_at": "2025-07-11T17:39:34.188793+00:00", "symbol": "BTC-USD"}, {"trade_id": 847656726, "side": "buy", "size": "0.00558322", "price": "117353.32000000", "time": "2025-07-11T17:38:57.642553Z", "fetched_at": "2025-07-11T17:39:34.188793+00:00", "symbol": "BTC-USD"}, {"trade_id": 847656725, "side": "buy", "size": "0.00073870", "price": "117353.32000000", "time": "2025-07-11T17:38:57.642553Z", "fetched_at": "2025-07-11T17:39:34.188793+00:00", "symbol": "BTC-USD"}, {"trade_id": 847656724, "side": "buy", "size": "0.00310114", "price": "117353.32000000", "time": "2025-07-11T17:38:57.642553Z", "fetched_at": "2025-07-11T17:39:34.188793+00:00", "symbol": "BTC-USD"}, {"trade_id": 847656723, "side": "buy", "size": "0.01165090", "price": "117353.32000000", "time": "2025-07-11T17:38:57.642472Z", "fetched_at": "2025-07-11T17:39:34.188793+00:00", "symbol": "BTC-USD"}, {"trade_id": 847656722, "side": "buy", "size": "0.00002582", "price": "117353.32000000", "time": "2025-07-11T17:38:57.024892Z", "fetched_at": "2025-07-11T17:39:34.188793+00:00", "symbol": "BTC-USD"}, {"trade_id": 847656721, "side": "sell", "size": "0.06139955", "price": "117353.33000000", "time": "2025-07-11T17:38:56.558379Z", "fetched_at": "2025-07-11T17:39:34.188793+00:00", "symbol": "BTC-USD"}, {"trade_id": 847656720, "side": "sell", "size": "0.00001034", "price": "117353.33000000", "time": "2025-07-11T17:38:56.558379Z", "fetched_at": "2025-07-11T17:39:34.188793+00:00", "symbol": "BTC-USD"}, {"trade_id": 847656719, "side": "sell", "size": "0.00001573", "price": "117353.33000000", "time": "2025-07-11T17:38:56.558379Z", "fetched_at": "2025-07-11T17:39:34.188793+00:00", "symbol": "BTC-USD"}, {"trade_id": 847656718, "side": "sell", "size": "0.00001474", "price": "117353.33000000", "time": "2025-07-11T17:38:56.558379Z", "fetched_at": "2025-07-11T17:39:34.188793+00:00", "symbol": "BTC-USD"}, {"trade_id": 847656717, "side": "sell", "size": "0.02542129", "price": "117353.33000000", "time": "2025-07-11T17:38:56.558379Z", "fetched_at": "2025-07-11T17:39:34.188793+00:00", "symbol": "BTC-USD"}, {"trade_id": 847656716, "side": "sell", "size": "0.00067186", "price": "117353.33000000", "time": "2025-07-11T17:38:56.422831Z", "fetched_at": "2025-07-11T17:39:34.188793+00:00", "symbol": "BTC-USD"}, {"trade_id": 847656715, "side": "sell", "size": "0.00264385", "price": "117353.33000000", "time": "2025-07-11T17:38:55.785642Z", "fetched_at": "2025-07-11T17:39:34.188793+00:00", "symbol": "BTC-USD"}, {"trade_id": 847656714, "side": "buy", "size": "0.00006886", "price": "117353.32000000", "time": "2025-07-11T17:38:55.666024Z", "fetched_at": "2025-07-11T17:39:34.188793+00:00", "symbol": "BTC-USD"}, {"trade_id": 847656713, "side": "buy", "size": "0.00025823", "price": "117353.32000000", "time": "2025-07-11T17:38:55.463612Z", "fetched_at": "2025-07-11T17:39:34.188793+00:00", "symbol": "BTC-USD"}, {"trade_id": 847656712, "side": "sell", "size": "0.00025725", "price": "117353.33000000", "time": "2025-07-11T17:38:55.443197Z", "fetched_at": "2025-07-11T17:39:34.188793+00:00", "symbol": "BTC-USD"}, {"trade_id": 847656711, "side": "buy", "size": "0.00129067", "price": "117353.32000000", "time": "2025-07-11T17:38:55.094950Z", "fetched_at": "2025-07-11T17:39:34.188793+00:00", "symbol": "BTC-USD"}, {"trade_id": 847656710, "side": "buy", "size": "0.00172176", "price": "117353.32000000", "time": "2025-07-11T17:38:55.080348Z", "fetched_at": "2025-07-11T17:39:34.188793+00:00", "symbol": "BTC-USD"}, {"trade_id": 847656709, "side": "sell", "size": "0.00000575", "price": "117353.33000000", "time": "2025-07-11T17:38:54.848476Z", "fetched_at": "2025-07-11T17:39:34.188793+00:00", "symbol": "BTC-USD"}, {"trade_id": 847656708, "side": "buy", "size": "0.00561923", "price": "117353.32000000", "time": "2025-07-11T17:38:54.687133Z", "fetched_at": "2025-07-11T17:39:34.188793+00:00", "symbol": "BTC-USD"}, {"trade_id": 847656707, "side": "buy", "size": "0.00165022", "price": "117353.34000000", "time": "2025-07-11T17:38:54.687133Z", "fetched_at": "2025-07-11T17:39:34.188793+00:00", "symbol": "BTC-USD"}, {"trade_id": 847656706, "side": "buy", "size": "0.00494225", "price": "117353.34000000", "time": "2025-07-11T17:38:54.687133Z", "fetched_at": "2025-07-11T17:39:34.188793+00:00", "symbol": "BTC-USD"}, {"trade_id": 847656705, "side": "sell", "size": "0.00088890", "price": "117353.35000000", "time": "2025-07-11T17:38:54.033499Z", "fetched_at": "2025-07-11T17:39:34.188793+00:00", "symbol": "BTC-USD"}