[{"trade_id": 665960884, "side": "sell", "size": "0.00002690", "price": "2938.34000000", "time": "2025-07-12T13:04:16.800626Z", "fetched_at": "2025-07-12T13:04:24.000918+00:00", "symbol": "ETH-USD"}, {"trade_id": 665960883, "side": "sell", "size": "0.00031003", "price": "2938.34000000", "time": "2025-07-12T13:04:16.800626Z", "fetched_at": "2025-07-12T13:04:24.000918+00:00", "symbol": "ETH-USD"}, {"trade_id": 665960882, "side": "sell", "size": "0.00130000", "price": "2938.26000000", "time": "2025-07-12T13:04:14.946227Z", "fetched_at": "2025-07-12T13:04:24.000918+00:00", "symbol": "ETH-USD"}, {"trade_id": 665960881, "side": "sell", "size": "0.00025270", "price": "2938.35000000", "time": "2025-07-12T13:04:14.522194Z", "fetched_at": "2025-07-12T13:04:24.000918+00:00", "symbol": "ETH-USD"}, {"trade_id": 665960880, "side": "buy", "size": "0.00380000", "price": "2938.56000000", "time": "2025-07-12T13:04:14.326924Z", "fetched_at": "2025-07-12T13:04:24.000918+00:00", "symbol": "ETH-USD"}, {"trade_id": 665960879, "side": "buy", "size": "0.01010000", "price": "2938.56000000", "time": "2025-07-12T13:04:14.326924Z", "fetched_at": "2025-07-12T13:04:24.000918+00:00", "symbol": "ETH-USD"}, {"trade_id": 665960878, "side": "buy", "size": "0.34797311", "price": "2938.74000000", "time": "2025-07-12T13:04:13.171500Z", "fetched_at": "2025-07-12T13:04:24.000918+00:00", "symbol": "ETH-USD"}, {"trade_id": 665960877, "side": "buy", "size": "0.00610000", "price": "2938.75000000", "time": "2025-07-12T13:04:13.171500Z", "fetched_at": "2025-07-12T13:04:24.000918+00:00", "symbol": "ETH-USD"}, {"trade_id": 665960876, "side": "buy", "size": "0.07334410", "price": "2938.75000000", "time": "2025-07-12T13:04:13.171500Z", "fetched_at": "2025-07-12T13:04:24.000918+00:00", "symbol": "ETH-USD"}, {"trade_id": 665960875, "side": "buy", "size": "0.04800000", "price": "2938.75000000", "time": "2025-07-12T13:04:13.171500Z", "fetched_at": "2025-07-12T13:04:24.000918+00:00", "symbol": "ETH-USD"}, {"trade_id": 665960874, "side": "sell", "size": "0.00100000", "price": "2938.54000000", "time": "2025-07-12T13:04:10.140328Z", "fetched_at": "2025-07-12T13:04:24.000918+00:00", "symbol": "ETH-USD"}, {"trade_id": 665960873, "side": "sell", "size": "0.07529607", "price": "2938.34000000", "time": "2025-07-12T13:04:10.012537Z", "fetched_at": "2025-07-12T13:04:24.000918+00:00", "symbol": "ETH-USD"}, {"trade_id": 665960872, "side": "sell", "size": "0.00031002", "price": "2938.32000000", "time": "2025-07-12T13:04:10.012537Z", "fetched_at": "2025-07-12T13:04:24.000918+00:00", "symbol": "ETH-USD"}, {"trade_id": 665960871, "side": "sell", "size": "0.00010334", "price": "2938.32000000", "time": "2025-07-12T13:04:10.012537Z", "fetched_at": "2025-07-12T13:04:24.000918+00:00", "symbol": "ETH-USD"}, {"trade_id": 665960870, "side": "sell", "size": "0.00024004", "price": "2938.32000000", "time": "2025-07-12T13:04:10.012537Z", "fetched_at": "2025-07-12T13:04:24.000918+00:00", "symbol": "ETH-USD"}, {"trade_id": 665960869, "side": "sell", "size": "0.00005589", "price": "2938.32000000", "time": "2025-07-12T13:04:10.012537Z", "fetched_at": "2025-07-12T13:04:24.000918+00:00", "symbol": "ETH-USD"}, {"trade_id": 665960868, "side": "sell", "size": "0.00300000", "price": "2937.95000000", "time": "2025-07-12T13:04:09.578903Z", "fetched_at": "2025-07-12T13:04:24.000918+00:00", "symbol": "ETH-USD"}, {"trade_id": 665960867, "side": "sell", "size": "0.00321234", "price": "2938.28000000", "time": "2025-07-12T13:04:08.254331Z", "fetched_at": "2025-07-12T13:04:24.000918+00:00", "symbol": "ETH-USD"}, {"trade_id": 665960866, "side": "sell", "size": "0.00340335", "price": "2937.95000000", "time": "2025-07-12T13:04:08.254331Z", "fetched_at": "2025-07-12T13:04:24.000918+00:00", "symbol": "ETH-USD"}, {"trade_id": 665960865, "side": "buy", "size": "0.03708331", "price": "2937.77000000", "time": "2025-07-12T13:04:07.483897Z", "fetched_at": "2025-07-12T13:04:24.000918+00:00", "symbol": "ETH-USD"}, {"trade_id": 665960864, "side": "buy", "size": "0.05823606", "price": "2937.87000000", "time": "2025-07-12T13:04:07.483897Z", "fetched_at": "2025-07-12T13:04:24.000918+00:00", "symbol": "ETH-USD"}, {"trade_id": 665960863, "side": "buy", "size": "0.04851160", "price": "2938.06000000", "time": "2025-07-12T13:04:07.483897Z", "fetched_at": "2025-07-12T13:04:24.000918+00:00", "symbol": "ETH-USD"}, {"trade_id": 665960862, "side": "buy", "size": "0.19999999", "price": "2938.06000000", "time": "2025-07-12T13:04:07.483897Z", "fetched_at": "2025-07-12T13:04:24.000918+00:00", "symbol": "ETH-USD"}, {"trade_id": 665960861, "side": "sell", "size": "0.04403096", "price": "2938.25000000", "time": "2025-07-12T13:04:07.442937Z", "fetched_at": "2025-07-12T13:04:24.000918+00:00", "symbol": "ETH-USD"}, {"trade_id": 665960860, "side": "sell", "size": "0.17017568", "price": "2938.14000000", "time": "2025-07-12T13:04:07.442937Z", "fetched_at": "2025-07-12T13:04:24.000918+00:00", "symbol": "ETH-USD"}, {"trade_id": 665960859, "side": "sell", "size": "0.00340336", "price": "2938.07000000", "time": "2025-07-12T13:04:07.442937Z", "fetched_at": "2025-07-12T13:04:24.000918+00:00", "symbol": "ETH-USD"}, {"trade_id": 665960858, "side": "buy", "size": "0.03092868", "price": "2938.16000000", "time": "2025-07-12T13:04:07.327897Z", "fetched_at": "2025-07-12T13:04:24.000918+00:00", "symbol": "ETH-USD"}, {"trade_id": 665960857, "side": "buy", "size": "0.20421831", "price": "2938.18000000", "time": "2025-07-12T13:04:07.327897Z", "fetched_at": "2025-07-12T13:04:24.000918+00:00", "symbol": "ETH-USD"}, {"trade_id": 665960856, "side": "buy", "size": "0.30000000", "price": "2938.20000000", "time": "2025-07-12T13:04:07.327897Z", "fetched_at": "2025-07-12T13:04:24.000918+00:00", "symbol": "ETH-USD"}, {"trade_id": 665960855, "side": "buy", "size": "0.30000000", "price": "2938.30000000", "time": "2025-07-12T13:04:07.327897Z", "fetched_at": "2025-07-12T13:04:24.000918+00:00", "symbol": "ETH-USD"}, {"trade_id": 665960854, "side": "buy", "size": "0.04910645", "price": "2938.31000000", "time": "2025-07-12T13:04:07.327897Z", "fetched_at": "2025-07-12T13:04:24.000918+00:00", "symbol": "ETH-USD"}, {"trade_id": 665960853, "side": "buy", "size": "0.53178374", "price": "2938.31000000", "time": "2025-07-12T13:04:07.327897Z", "fetched_at": "2025-07-12T13:04:24.000918+00:00", "symbol": "ETH-USD"}, {"trade_id": 665960852, "side": "buy", "size": "0.26566660", "price": "2938.31000000", "time": "2025-07-12T13:04:07.317743Z", "fetched_at": "2025-07-12T13:04:24.000918+00:00", "symbol": "ETH-USD"}, {"trade_id": 665960851, "side": "buy", "size": "0.20409589", "price": "2938.31000000", "time": "2025-07-12T13:04:07.302087Z", "fetched_at": "2025-07-12T13:04:24.000918+00:00", "symbol": "ETH-USD"}, {"trade_id": 665960850, "side": "buy", "size": "0.18858341", "price": "2938.31000000", "time": "2025-07-12T13:04:07.290207Z", "fetched_at": "2025-07-12T13:04:24.000918+00:00", "symbol": "ETH-USD"}, {"trade_id": 665960849, "side": "buy", "size": "1.43035053", "price": "2938.31000000", "time": "2025-07-12T13:04:07.279022Z", "fetched_at": "2025-07-12T13:04:24.000918+00:00", "symbol": "ETH-USD"}, {"trade_id": 665960848, "side": "buy", "size": "0.99071000", "price": "2938.31000000", "time": "2025-07-12T13:04:07.279022Z", "fetched_at": "2025-07-12T13:04:24.000918+00:00", "symbol": "ETH-USD"}, {"trade_id": 665960847, "side": "buy", "size": "0.00001361", "price": "2938.31000000", "time": "2025-07-12T13:04:07.279022Z", "fetched_at": "2025-07-12T13:04:24.000918+00:00", "symbol": "ETH-USD"}, {"trade_id": 665960846, "side": "buy", "size": "0.01317441", "price": "2938.31000000", "time": "2025-07-12T13:04:07.279022Z", "fetched_at": "2025-07-12T13:04:24.000918+00:00", "symbol": "ETH-USD"}, {"trade_id": 665960845, "side": "sell", "size": "0.00188242", "price": "2938.32000000", "time": "2025-07-12T13:04:06.848568Z", "fetched_at": "2025-07-12T13:04:24.000918+00:00", "symbol": "ETH-USD"}, {"trade_id": 665960844, "side": "sell", "size": "0.00031001", "price": "2938.32000000", "time": "2025-07-12T13:04:06.848568Z", "fetched_at": "2025-07-12T13:04:24.000918+00:00", "symbol": "ETH-USD"}, {"trade_id": 665960843, "side": "sell", "size": "0.00017778", "price": "2938.32000000", "time": "2025-07-12T13:04:06.848568Z", "fetched_at": "2025-07-12T13:04:24.000918+00:00", "symbol": "ETH-USD"}, {"trade_id": 665960842, "side": "sell", "size": "0.00100000", "price": "2938.32000000", "time": "2025-07-12T13:04:06.848568Z", "fetched_at": "2025-07-12T13:04:24.000918+00:00", "symbol": "ETH-USD"}, {"trade_id": 665960841, "side": "buy", "size": "0.03593204", "price": "2938.31000000", "time": "2025-07-12T13:04:05.862848Z", "fetched_at": "2025-07-12T13:04:24.000918+00:00", "symbol": "ETH-USD"}, {"trade_id": 665960840, "side": "buy", "size": "0.07452583", "price": "2938.31000000", "time": "2025-07-12T13:04:05.862848Z", "fetched_at": "2025-07-12T13:04:24.000918+00:00", "symbol": "ETH-USD"}, {"trade_id": 665960839, "side": "buy", "size": "0.01955886", "price": "2938.31000000", "time": "2025-07-12T13:04:05.862848Z", "fetched_at": "2025-07-12T13:04:24.000918+00:00", "symbol": "ETH-USD"}, {"trade_id": 665960838, "side": "sell", "size": "0.00340429", "price": "2938.31000000", "time": "2025-07-12T13:04:03.221213Z", "fetched_at": "2025-07-12T13:04:24.000918+00:00", "symbol": "ETH-USD"}, {"trade_id": 665960837, "side": "sell", "size": "0.00340429", "price": "2938.10000000", "time": "2025-07-12T13:04:02.799937Z", "fetched_at": "2025-07-12T13:04:24.000918+00:00", "symbol": "ETH-USD"}, {"trade_id": 665960836, "side": "sell", "size": "0.00100000", "price": "2938.10000000", "time": "2025-07-12T13:04:02.799937Z", "fetched_at": "2025-07-12T13:04:24.000918+00:00", "symbol": "ETH-USD"}, {"trade_id": 665960835, "side": "sell", "size": "0.00100000", "price": "2937.88000000", "time": "2025-07-12T13:04:02.760409Z", "fetched_at": "2025-07-12T13:04:24.000918+00:00", "symbol": "ETH-USD"}, {"trade_id": 665960834, "side": "sell", "size": "0.00041046", "price": "2937.50000000", "time": "2025-07-12T13:04:02.270343Z", "fetched_at": "2025-07-12T13:04:24.000918+00:00", "symbol": "ETH-USD"}, {"trade_id": 665960833, "side": "sell", "size": "0.00005588", "price": "2937.50000000", "time": "2025-07-12T13:04:02.270343Z", "fetched_at": "2025-07-12T13:04:24.000918+00:00", "symbol": "ETH-USD"}, {"trade_id": 665960832, "side": "sell", "size": "0.00037085", "price": "2937.50000000", "time": "2025-07-12T13:04:02.270343Z", "fetched_at": "2025-07-12T13:04:24.000918+00:00", "symbol": "ETH-USD"}, {"trade_id": 665960831, "side": "buy", "size": "0.00076675", "price": "2937.49000000", "time": "2025-07-12T13:04:02.186610Z", "fetched_at": "2025-07-12T13:04:24.000918+00:00", "symbol": "ETH-USD"}, {"trade_id": 665960830, "side": "buy", "size": "0.01456004", "price": "2937.49000000", "time": "2025-07-12T13:04:02.186610Z", "fetched_at": "2025-07-12T13:04:24.000918+00:00", "symbol": "ETH-USD"}, {"trade_id": 665960829, "side": "sell", "size": "0.00276249", "price": "2937.84000000", "time": "2025-07-12T13:03:59.442685Z", "fetched_at": "2025-07-12T13:04:24.000918+00:00", "symbol": "ETH-USD"}, {"trade_id": 665960828, "side": "sell", "size": "0.00100000", "price": "2937.66000000", "time": "2025-07-12T13:03:59.442685Z", "fetched_at": "2025-07-12T13:04:24.000918+00:00", "symbol": "ETH-USD"}, {"trade_id": 665960827, "side": "sell", "size": "0.00020000", "price": "2937.50000000", "time": "2025-07-12T13:03:59.442685Z", "fetched_at": "2025-07-12T13:04:24.000918+00:00", "symbol": "ETH-USD"}, {"trade_id": 665960826, "side": "sell", "size": "0.00100000", "price": "2937.44000000", "time": "2025-07-12T13:03:59.442685Z", "fetched_at": "2025-07-12T13:04:24.000918+00:00", "symbol": "ETH-USD"}, {"trade_id": 665960825, "side": "sell", "size": "0.00163946", "price": "2937.42000000", "time": "2025-07-12T13:03:59.097449Z", "fetched_at": "2025-07-12T13:04:24.000918+00:00", "symbol": "ETH-USD"}, {"trade_id": 665960824, "side": "sell", "size": "0.00005590", "price": "2937.42000000", "time": "2025-07-12T13:03:59.097449Z", "fetched_at": "2025-07-12T13:04:24.000918+00:00", "symbol": "ETH-USD"}, {"trade_id": 665960823, "side": "sell", "size": "0.08230000", "price": "2937.42000000", "time": "2025-07-12T13:03:57.148838Z", "fetched_at": "2025-07-12T13:04:24.000918+00:00", "symbol": "ETH-USD"}, {"trade_id": 665960822, "side": "sell", "size": "0.01389514", "price": "2937.42000000", "time": "2025-07-12T13:03:56.002400Z", "fetched_at": "2025-07-12T13:04:24.000918+00:00", "symbol": "ETH-USD"}, {"trade_id": 665960821, "side": "sell", "size": "0.00340486", "price": "2937.42000000", "time": "2025-07-12T13:03:56.002400Z", "fetched_at": "2025-07-12T13:04:24.000918+00:00", "symbol": "ETH-USD"}, {"trade_id": 665960820, "side": "sell", "size": "0.00340000", "price": "2937.22000000", "time": "2025-07-12T13:03:53.753337Z", "fetched_at": "2025-07-12T13:04:24.000918+00:00", "symbol": "ETH-USD"}, {"trade_id": 665960819, "side": "sell", "size": "0.00100000", "price": "2937.22000000", "time": "2025-07-12T13:03:53.753337Z", "fetched_at": "2025-07-12T13:04:24.000918+00:00", "symbol": "ETH-USD"}, {"trade_id": 665960818, "side": "sell", "size": "0.00015312", "price": "2937.00000000", "time": "2025-07-12T13:03:53.707108Z", "fetched_at": "2025-07-12T13:04:24.000918+00:00", "symbol": "ETH-USD"}, {"trade_id": 665960817, "side": "sell", "size": "0.00009611", "price": "2937.00000000", "time": "2025-07-12T13:03:53.681431Z", "fetched_at": "2025-07-12T13:04:24.000918+00:00", "symbol": "ETH-USD"}, {"trade_id": 665960816, "side": "sell", "size": "0.00340536", "price": "2937.00000000", "time": "2025-07-12T13:03:53.681431Z", "fetched_at": "2025-07-12T13:04:24.000918+00:00", "symbol": "ETH-USD"}, {"trade_id": 665960815, "side": "sell", "size": "0.00006960", "price": "2937.00000000", "time": "2025-07-12T13:03:53.681431Z", "fetched_at": "2025-07-12T13:04:24.000918+00:00", "symbol": "ETH-USD"}, {"trade_id": 665960814, "side": "sell", "size": "0.00002893", "price": "2937.00000000", "time": "2025-07-12T13:03:53.681431Z", "fetched_at": "2025-07-12T13:04:24.000918+00:00", "symbol": "ETH-USD"}, {"trade_id": 665960813, "side": "sell", "size": "0.00328388", "price": "2937.00000000", "time": "2025-07-12T13:03:53.634895Z", "fetched_at": "2025-07-12T13:04:24.000918+00:00", "symbol": "ETH-USD"}, {"trade_id": 665960812, "side": "sell", "size": "0.00045132", "price": "2937.00000000", "time": "2025-07-12T13:03:53.634895Z", "fetched_at": "2025-07-12T13:04:24.000918+00:00", "symbol": "ETH-USD"}, {"trade_id": 665960811, "side": "sell", "size": "0.00045812", "price": "2937.00000000", "time": "2025-07-12T13:03:53.634895Z", "fetched_at": "2025-07-12T13:04:24.000918+00:00", "symbol": "ETH-USD"}, {"trade_id": 665960810, "side": "sell", "size": "0.00020668", "price": "2937.00000000", "time": "2025-07-12T13:03:53.634895Z", "fetched_at": "2025-07-12T13:04:24.000918+00:00", "symbol": "ETH-USD"}, {"trade_id": 665960809, "side": "sell", "size": "0.00100000", "price": "2937.00000000", "time": "2025-07-12T13:03:53.634895Z", "fetched_at": "2025-07-12T13:04:24.000918+00:00", "symbol": "ETH-USD"}, {"trade_id": 665960808, "side": "sell", "size": "0.10561622", "price": "2936.83000000", "time": "2025-07-12T13:03:52.230771Z", "fetched_at": "2025-07-12T13:04:24.000918+00:00", "symbol": "ETH-USD"}, {"trade_id": 665960807, "side": "sell", "size": "0.30000000", "price": "2936.80000000", "time": "2025-07-12T13:03:52.230771Z", "fetched_at": "2025-07-12T13:04:24.000918+00:00", "symbol": "ETH-USD"}, {"trade_id": 665960806, "side": "sell", "size": "0.06780352", "price": "2936.78000000", "time": "2025-07-12T13:03:52.230771Z", "fetched_at": "2025-07-12T13:04:24.000918+00:00", "symbol": "ETH-USD"}, {"trade_id": 665960805, "side": "sell", "size": "0.30000000", "price": "2936.70000000", "time": "2025-07-12T13:03:52.215448Z", "fetched_at": "2025-07-12T13:04:24.000918+00:00", "symbol": "ETH-USD"}, {"trade_id": 665960804, "side": "sell", "size": "0.31196808", "price": "2936.66000000", "time": "2025-07-12T13:03:52.215448Z", "fetched_at": "2025-07-12T13:04:24.000918+00:00", "symbol": "ETH-USD"}, {"trade_id": 665960803, "side": "sell", "size": "0.00002190", "price": "2936.65000000", "time": "2025-07-12T13:03:52.215448Z", "fetched_at": "2025-07-12T13:04:24.000918+00:00", "symbol": "ETH-USD"}, {"trade_id": 665960802, "side": "sell", "size": "0.00010335", "price": "2936.65000000", "time": "2025-07-12T13:03:52.215448Z", "fetched_at": "2025-07-12T13:04:24.000918+00:00", "symbol": "ETH-USD"}, {"trade_id": 665960801, "side": "sell", "size": "0.00011177", "price": "2936.58000000", "time": "2025-07-12T13:03:52.215448Z", "fetched_at": "2025-07-12T13:04:24.000918+00:00", "symbol": "ETH-USD"}, {"trade_id": 665960800, "side": "sell", "size": "0.00340559", "price": "2936.58000000", "time": "2025-07-12T13:03:52.215448Z", "fetched_at": "2025-07-12T13:04:24.000918+00:00", "symbol": "ETH-USD"}, {"trade_id": 665960799, "side": "sell", "size": "0.01205368", "price": "2936.59000000", "time": "2025-07-12T13:03:51.285219Z", "fetched_at": "2025-07-12T13:04:24.000918+00:00", "symbol": "ETH-USD"}, {"trade_id": 665960798, "side": "sell", "size": "0.00340556", "price": "2936.38000000", "time": "2025-07-12T13:03:51.285219Z", "fetched_at": "2025-07-12T13:04:24.000918+00:00", "symbol": "ETH-USD"}, {"trade_id": 665960797, "side": "sell", "size": "0.00031001", "price": "2936.38000000", "time": "2025-07-12T13:03:51.285219Z", "fetched_at": "2025-07-12T13:04:24.000918+00:00", "symbol": "ETH-USD"}, {"trade_id": 665960796, "side": "buy", "size": "0.00171903", "price": "2936.37000000", "time": "2025-07-12T13:03:49.594094Z", "fetched_at": "2025-07-12T13:04:24.000918+00:00", "symbol": "ETH-USD"}, {"trade_id": 665960795, "side": "buy", "size": "1.34748661", "price": "2935.78000000", "time": "2025-07-12T13:03:48.782174Z", "fetched_at": "2025-07-12T13:04:24.000918+00:00", "symbol": "ETH-USD"}, {"trade_id": 665960794, "side": "buy", "size": "0.74165720", "price": "2935.79000000", "time": "2025-07-12T13:03:48.782174Z", "fetched_at": "2025-07-12T13:04:24.000918+00:00", "symbol": "ETH-USD"}, {"trade_id": 665960793, "side": "buy", "size": "1.59430509", "price": "2935.79000000", "time": "2025-07-12T13:03:48.782174Z", "fetched_at": "2025-07-12T13:04:24.000918+00:00", "symbol": "ETH-USD"}, {"trade_id": 665960792, "side": "buy", "size": "0.08696076", "price": "2935.84000000", "time": "2025-07-12T13:03:48.782174Z", "fetched_at": "2025-07-12T13:04:24.000918+00:00", "symbol": "ETH-USD"}, {"trade_id": 665960791, "side": "buy", "size": "0.00100000", "price": "2935.90000000", "time": "2025-07-12T13:03:48.782174Z", "fetched_at": "2025-07-12T13:04:24.000918+00:00", "symbol": "ETH-USD"}, {"trade_id": 665960790, "side": "buy", "size": "0.01985599", "price": "2935.92000000", "time": "2025-07-12T13:03:48.782174Z", "fetched_at": "2025-07-12T13:04:24.000918+00:00", "symbol": "ETH-USD"}, {"trade_id": 665960789, "side": "buy", "size": "0.47250000", "price": "2936.00000000", "time": "2025-07-12T13:03:48.782174Z", "fetched_at": "2025-07-12T13:04:24.000918+00:00", "symbol": "ETH-USD"}, {"trade_id": 665960788, "side": "buy", "size": "0.06582861", "price": "2936.01000000", "time": "2025-07-12T13:03:48.782174Z", "fetched_at": "2025-07-12T13:04:24.000918+00:00", "symbol": "ETH-USD"}, {"trade_id": 665960787, "side": "buy", "size": "0.37299000", "price": "2936.02000000", "time": "2025-07-12T13:03:48.782174Z", "fetched_at": "2025-07-12T13:04:24.000918+00:00", "symbol": "ETH-USD"}, {"trade_id": 665960786, "side": "buy", "size": "0.24293814", "price": "2936.02000000", "time": "2025-07-12T13:03:48.782174Z", "fetched_at": "2025-07-12T13:04:24.000918+00:00", "symbol": "ETH-USD"}, {"trade_id": 665960785, "side": "buy", "size": "0.05706963", "price": "2936.03000000", "time": "2025-07-12T13:03:48.782174Z", "fetched_at": "2025-07-12T13:04:24.000918+00:00", "symbol": "ETH-USD"}, {"trade_id": 665960784, "side": "buy", "size": "0.14727020", "price": "2936.04000000", "time": "2025-07-12T13:03:48.782174Z", "fetched_at": "2025-07-12T13:04:24.000918+00:00", "symbol": "ETH-USD"}, {"trade_id": 665960783, "side": "buy", "size": "0.47717548", "price": "2936.08000000", "time": "2025-07-12T13:03:48.782174Z", "fetched_at": "2025-07-12T13:04:24.000918+00:00", "symbol": "ETH-USD"}, {"trade_id": 665960782, "side": "buy", "size": "0.85147151", "price": "2936.09000000", "time": "2025-07-12T13:03:48.782174Z", "fetched_at": "2025-07-12T13:04:24.000918+00:00", "symbol": "ETH-USD"}, {"trade_id": 665960781, "side": "buy", "size": "0.37226747", "price": "2936.10000000", "time": "2025-07-12T13:03:48.782174Z", "fetched_at": "2025-07-12T13:04:24.000918+00:00", "symbol": "ETH-USD"}, {"trade_id": 665960780, "side": "buy", "size": "0.79438291", "price": "2936.10000000", "time": "2025-07-12T13:03:48.782174Z", "fetched_at": "2025-07-12T13:04:24.000918+00:00", "symbol": "ETH-USD"}, {"trade_id": 665960779, "side": "buy", "size": "0.04144864", "price": "2936.11000000", "time": "2025-07-12T13:03:48.782174Z", "fetched_at": "2025-07-12T13:04:24.000918+00:00", "symbol": "ETH-USD"}, {"trade_id": 665960778, "side": "buy", "size": "0.00100000", "price": "2936.12000000", "time": "2025-07-12T13:03:48.782174Z", "fetched_at": "2025-07-12T13:04:24.000918+00:00", "symbol": "ETH-USD"}, {"trade_id": 665960777, "side": "buy", "size": "0.17029094", "price": "2936.15000000", "time": "2025-07-12T13:03:48.782174Z", "fetched_at": "2025-07-12T13:04:24.000918+00:00", "symbol": "ETH-USD"}, {"trade_id": 665960776, "side": "buy", "size": "0.36979760", "price": "2936.30000000", "time": "2025-07-12T13:03:48.782174Z", "fetched_at": "2025-07-12T13:04:24.000918+00:00", "symbol": "ETH-USD"}, {"trade_id": 665960775, "side": "buy", "size": "0.47250000", "price": "2936.34000000", "time": "2025-07-12T13:03:48.782174Z", "fetched_at": "2025-07-12T13:04:24.000918+00:00", "symbol": "ETH-USD"}, {"trade_id": 665960774, "side": "buy", "size": "0.00100000", "price": "2936.34000000", "time": "2025-07-12T13:03:48.782174Z", "fetched_at": "2025-07-12T13:04:24.000918+00:00", "symbol": "ETH-USD"}, {"trade_id": 665960773, "side": "buy", "size": "0.47754828", "price": "2936.37000000", "time": "2025-07-12T13:03:48.782174Z", "fetched_at": "2025-07-12T13:04:24.000918+00:00", "symbol": "ETH-USD"}, {"trade_id": 665960772, "side": "buy", "size": "0.00100000", "price": "2936.56000000", "time": "2025-07-12T13:03:48.782174Z", "fetched_at": "2025-07-12T13:04:24.000918+00:00", "symbol": "ETH-USD"}, {"trade_id": 665960771, "side": "buy", "size": "0.00000340", "price": "2936.64000000", "time": "2025-07-12T13:03:48.782174Z", "fetched_at": "2025-07-12T13:04:24.000918+00:00", "symbol": "ETH-USD"}, {"trade_id": 665960770, "side": "buy", "size": "0.00001702", "price": "2936.64000000", "time": "2025-07-12T13:03:48.782174Z", "fetched_at": "2025-07-12T13:04:24.000918+00:00", "symbol": "ETH-USD"}, {"trade_id": 665960769, "side": "buy", "size": "0.02023452", "price": "2936.64000000", "time": "2025-07-12T13:03:48.782174Z", "fetched_at": "2025-07-12T13:04:24.000918+00:00", "symbol": "ETH-USD"}, {"trade_id": 665960768, "side": "buy", "size": "0.01006634", "price": "2936.64000000", "time": "2025-07-12T13:03:48.184930Z", "fetched_at": "2025-07-12T13:04:24.000918+00:00", "symbol": "ETH-USD"}, {"trade_id": 665960767, "side": "buy", "size": "0.04492549", "price": "2936.64000000", "time": "2025-07-12T13:03:48.184930Z", "fetched_at": "2025-07-12T13:04:24.000918+00:00", "symbol": "ETH-USD"}, {"trade_id": 665960766, "side": "buy", "size": "0.02500817", "price": "2936.64000000", "time": "2025-07-12T13:03:48.184930Z", "fetched_at": "2025-07-12T13:04:24.000918+00:00", "symbol": "ETH-USD"}, {"trade_id": 665960765, "side": "buy", "size": "2.17457403", "price": "2936.82000000", "time": "2025-07-12T13:03:46.444408Z", "fetched_at": "2025-07-12T13:04:24.000918+00:00", "symbol": "ETH-USD"}, {"trade_id": 665960764, "side": "buy", "size": "0.00001702", "price": "2937.07000000", "time": "2025-07-12T13:03:46.429070Z", "fetched_at": "2025-07-12T13:04:24.000918+00:00", "symbol": "ETH-USD"}, {"trade_id": 665960763, "side": "buy", "size": "0.01430000", "price": "2937.07000000", "time": "2025-07-12T13:03:46.429070Z", "fetched_at": "2025-07-12T13:04:24.000918+00:00", "symbol": "ETH-USD"}, {"trade_id": 665960762, "side": "buy", "size": "0.01080661", "price": "2937.07000000", "time": "2025-07-12T13:03:46.429070Z", "fetched_at": "2025-07-12T13:04:24.000918+00:00", "symbol": "ETH-USD"}, {"trade_id": 665960761, "side": "buy", "size": "0.01288707", "price": "2937.07000000", "time": "2025-07-12T13:03:46.316727Z", "fetched_at": "2025-07-12T13:04:24.000918+00:00", "symbol": "ETH-USD"}, {"trade_id": 665960760, "side": "buy", "size": "0.01113013", "price": "2937.07000000", "time": "2025-07-12T13:03:46.316727Z", "fetched_at": "2025-07-12T13:04:24.000918+00:00", "symbol": "ETH-USD"}, {"trade_id": 665960759, "side": "sell", "size": "0.00331101", "price": "2937.08000000", "time": "2025-07-12T13:03:45.473436Z", "fetched_at": "2025-07-12T13:04:24.000918+00:00", "symbol": "ETH-USD"}, {"trade_id": 665960758, "side": "buy", "size": "0.04779593", "price": "2937.32000000", "time": "2025-07-12T13:03:44.655157Z", "fetched_at": "2025-07-12T13:04:24.000918+00:00", "symbol": "ETH-USD"}, {"trade_id": 665960757, "side": "sell", "size": "0.00340407", "price": "2937.08000000", "time": "2025-07-12T13:03:44.461136Z", "fetched_at": "2025-07-12T13:04:24.000918+00:00", "symbol": "ETH-USD"}, {"trade_id": 665960756, "side": "sell", "size": "0.14384738", "price": "2937.34000000", "time": "2025-07-12T13:03:44.088342Z", "fetched_at": "2025-07-12T13:04:24.000918+00:00", "symbol": "ETH-USD"}, {"trade_id": 665960755, "side": "sell", "size": "0.40495944", "price": "2937.33000000", "time": "2025-07-12T13:03:44.088342Z", "fetched_at": "2025-07-12T13:04:24.000918+00:00", "symbol": "ETH-USD"}, {"trade_id": 665960754, "side": "sell", "size": "0.50292288", "price": "2937.21000000", "time": "2025-07-12T13:03:44.088342Z", "fetched_at": "2025-07-12T13:04:24.000918+00:00", "symbol": "ETH-USD"}, {"trade_id": 665960753, "side": "sell", "size": "0.00340407", "price": "2937.20000000", "time": "2025-07-12T13:03:44.088342Z", "fetched_at": "2025-07-12T13:04:24.000918+00:00", "symbol": "ETH-USD"}, {"trade_id": 665960752, "side": "sell", "size": "0.07664669", "price": "2937.20000000", "time": "2025-07-12T13:03:44.088342Z", "fetched_at": "2025-07-12T13:04:24.000918+00:00", "symbol": "ETH-USD"}, {"trade_id": 665960751, "side": "sell", "size": "0.10699991", "price": "2937.19000000", "time": "2025-07-12T13:03:44.088342Z", "fetched_at": "2025-07-12T13:04:24.000918+00:00", "symbol": "ETH-USD"}, {"trade_id": 665960750, "side": "sell", "size": "0.07322113", "price": "2937.18000000", "time": "2025-07-12T13:03:44.088342Z", "fetched_at": "2025-07-12T13:04:24.000918+00:00", "symbol": "ETH-USD"}, {"trade_id": 665960749, "side": "sell", "size": "0.06767131", "price": "2937.17000000", "time": "2025-07-12T13:03:44.088342Z", "fetched_at": "2025-07-12T13:04:24.000918+00:00", "symbol": "ETH-USD"}, {"trade_id": 665960748, "side": "buy", "size": "0.16932700", "price": "2936.99000000", "time": "2025-07-12T13:03:43.996032Z", "fetched_at": "2025-07-12T13:04:24.000918+00:00", "symbol": "ETH-USD"}, {"trade_id": 665960747, "side": "buy", "size": "0.30000000", "price": "2937.10000000", "time": "2025-07-12T13:03:43.996032Z", "fetched_at": "2025-07-12T13:04:24.000918+00:00", "symbol": "ETH-USD"}, {"trade_id": 665960746, "side": "buy", "size": "0.30000000", "price": "2937.20000000", "time": "2025-07-12T13:03:43.996032Z", "fetched_at": "2025-07-12T13:04:24.000918+00:00", "symbol": "ETH-USD"}, {"trade_id": 665960745, "side": "buy", "size": "0.10307000", "price": "2937.24000000", "time": "2025-07-12T13:03:43.996032Z", "fetched_at": "2025-07-12T13:04:24.000918+00:00", "symbol": "ETH-USD"}, {"trade_id": 665960744, "side": "sell", "size": "0.09648000", "price": "2937.25000000", "time": "2025-07-12T13:03:43.992511Z", "fetched_at": "2025-07-12T13:04:24.000918+00:00", "symbol": "ETH-USD"}, {"trade_id": 665960743, "side": "buy", "size": "6.51664948", "price": "2935.11000000", "time": "2025-07-12T13:03:43.986382Z", "fetched_at": "2025-07-12T13:04:24.000918+00:00", "symbol": "ETH-USD"}, {"trade_id": 665960742, "side": "buy", "size": "7.37011551", "price": "2935.15000000", "time": "2025-07-12T13:03:43.986382Z", "fetched_at": "2025-07-12T13:04:24.000918+00:00", "symbol": "ETH-USD"}, {"trade_id": 665960741, "side": "buy", "size": "6.91185079", "price": "2935.16000000", "time": "2025-07-12T13:03:43.986382Z", "fetched_at": "2025-07-12T13:04:24.000918+00:00", "symbol": "ETH-USD"}, {"trade_id": 665960740, "side": "buy", "size": "6.03159556", "price": "2935.16000000", "time": "2025-07-12T13:03:43.986382Z", "fetched_at": "2025-07-12T13:04:24.000918+00:00", "symbol": "ETH-USD"}, {"trade_id": 665960739, "side": "buy", "size": "0.00100000", "price": "2935.24000000", "time": "2025-07-12T13:03:43.986382Z", "fetched_at": "2025-07-12T13:04:24.000918+00:00", "symbol": "ETH-USD"}, {"trade_id": 665960738, "side": "buy", "size": "10.45800000", "price": "2935.30000000", "time": "2025-07-12T13:03:43.986382Z", "fetched_at": "2025-07-12T13:04:24.000918+00:00", "symbol": "ETH-USD"}, {"trade_id": 665960737, "side": "buy", "size": "6.72377799", "price": "2935.34000000", "time": "2025-07-12T13:03:43.986382Z", "fetched_at": "2025-07-12T13:04:24.000918+00:00", "symbol": "ETH-USD"}, {"trade_id": 665960736, "side": "buy", "size": "0.64728006", "price": "2935.36000000", "time": "2025-07-12T13:03:43.986382Z", "fetched_at": "2025-07-12T13:04:24.000918+00:00", "symbol": "ETH-USD"}, {"trade_id": 665960735, "side": "buy", "size": "0.00100000", "price": "2935.46000000", "time": "2025-07-12T13:03:43.986382Z", "fetched_at": "2025-07-12T13:04:24.000918+00:00", "symbol": "ETH-USD"}, {"trade_id": 665960734, "side": "buy", "size": "8.51650978", "price": "2935.47000000", "time": "2025-07-12T13:03:43.986382Z", "fetched_at": "2025-07-12T13:04:24.000918+00:00", "symbol": "ETH-USD"}, {"trade_id": 665960733, "side": "buy", "size": "5.11050587", "price": "2935.48000000", "time": "2025-07-12T13:03:43.986382Z", "fetched_at": "2025-07-12T13:04:24.000918+00:00", "symbol": "ETH-USD"}, {"trade_id": 665960732, "side": "buy", "size": "0.40000000", "price": "2935.52000000", "time": "2025-07-12T13:03:43.986382Z", "fetched_at": "2025-07-12T13:04:24.000918+00:00", "symbol": "ETH-USD"}, {"trade_id": 665960731, "side": "buy", "size": "0.20000000", "price": "2935.52000000", "time": "2025-07-12T13:03:43.986382Z", "fetched_at": "2025-07-12T13:04:24.000918+00:00", "symbol": "ETH-USD"}, {"trade_id": 665960730, "side": "buy", "size": "0.21634814", "price": "2935.53000000", "time": "2025-07-12T13:03:43.986382Z", "fetched_at": "2025-07-12T13:04:24.000918+00:00", "symbol": "ETH-USD"}, {"trade_id": 665960729, "side": "buy", "size": "0.47250000", "price": "2935.62000000", "time": "2025-07-12T13:03:43.986382Z", "fetched_at": "2025-07-12T13:04:24.000918+00:00", "symbol": "ETH-USD"}, {"trade_id": 665960728, "side": "buy", "size": "0.64350000", "price": "2935.63000000", "time": "2025-07-12T13:03:43.986382Z", "fetched_at": "2025-07-12T13:04:24.000918+00:00", "symbol": "ETH-USD"}, {"trade_id": 665960727, "side": "buy", "size": "0.00100000", "price": "2935.68000000", "time": "2025-07-12T13:03:43.986382Z", "fetched_at": "2025-07-12T13:04:24.000918+00:00", "symbol": "ETH-USD"}, {"trade_id": 665960726, "side": "buy", "size": "0.00051080", "price": "2935.69000000", "time": "2025-07-12T13:03:43.986382Z", "fetched_at": "2025-07-12T13:04:24.000918+00:00", "symbol": "ETH-USD"}, {"trade_id": 665960725, "side": "buy", "size": "3.92920864", "price": "2935.72000000", "time": "2025-07-12T13:03:43.986382Z", "fetched_at": "2025-07-12T13:04:24.000918+00:00", "symbol": "ETH-USD"}, {"trade_id": 665960724, "side": "buy", "size": "2.35843166", "price": "2935.73000000", "time": "2025-07-12T13:03:43.986382Z", "fetched_at": "2025-07-12T13:04:24.000918+00:00", "symbol": "ETH-USD"}, {"trade_id": 665960723, "side": "buy", "size": "0.09057263", "price": "2935.83000000", "time": "2025-07-12T13:03:43.986382Z", "fetched_at": "2025-07-12T13:04:24.000918+00:00", "symbol": "ETH-USD"}, {"trade_id": 665960722, "side": "buy", "size": "0.00066684", "price": "2935.90000000", "time": "2025-07-12T13:03:43.986382Z", "fetched_at": "2025-07-12T13:04:24.000918+00:00", "symbol": "ETH-USD"}, {"trade_id": 665960721, "side": "buy", "size": "0.00100000", "price": "2935.90000000", "time": "2025-07-12T13:03:43.986382Z", "fetched_at": "2025-07-12T13:04:24.000918+00:00", "symbol": "ETH-USD"}, {"trade_id": 665960720, "side": "buy", "size": "0.47250000", "price": "2935.98000000", "time": "2025-07-12T13:03:43.986382Z", "fetched_at": "2025-07-12T13:04:24.000918+00:00", "symbol": "ETH-USD"}, {"trade_id": 665960719, "side": "buy", "size": "5.00000000", "price": "2936.00000000", "time": "2025-07-12T13:03:43.986382Z", "fetched_at": "2025-07-12T13:04:24.000918+00:00", "symbol": "ETH-USD"}, {"trade_id": 665960718, "side": "buy", "size": "4.71160491", "price": "2936.03000000", "time": "2025-07-12T13:03:43.986382Z", "fetched_at": "2025-07-12T13:04:24.000918+00:00", "symbol": "ETH-USD"}, {"trade_id": 665960717, "side": "buy", "size": "2.61119213", "price": "2936.04000000", "time": "2025-07-12T13:03:43.986382Z", "fetched_at": "2025-07-12T13:04:24.000918+00:00", "symbol": "ETH-USD"}, {"trade_id": 665960716, "side": "buy", "size": "3.11046295", "price": "2936.04000000", "time": "2025-07-12T13:03:43.986382Z", "fetched_at": "2025-07-12T13:04:24.000918+00:00", "symbol": "ETH-USD"}, {"trade_id": 665960715, "side": "buy", "size": "0.00100000", "price": "2936.12000000", "time": "2025-07-12T13:03:43.986382Z", "fetched_at": "2025-07-12T13:04:24.000918+00:00", "symbol": "ETH-USD"}, {"trade_id": 665960714, "side": "buy", "size": "1.36175836", "price": "2936.25000000", "time": "2025-07-12T13:03:43.986382Z", "fetched_at": "2025-07-12T13:04:24.000918+00:00", "symbol": "ETH-USD"}, {"trade_id": 665960713, "side": "buy", "size": "0.00100000", "price": "2936.34000000", "time": "2025-07-12T13:03:43.986382Z", "fetched_at": "2025-07-12T13:04:24.000918+00:00", "symbol": "ETH-USD"}, {"trade_id": 665960712, "side": "buy", "size": "0.47250000", "price": "2936.35000000", "time": "2025-07-12T13:03:43.986382Z", "fetched_at": "2025-07-12T13:04:24.000918+00:00", "symbol": "ETH-USD"}, {"trade_id": 665960711, "side": "buy", "size": "0.68742049", "price": "2936.36000000", "time": "2025-07-12T13:03:43.986382Z", "fetched_at": "2025-07-12T13:04:24.000918+00:00", "symbol": "ETH-USD"}, {"trade_id": 665960710, "side": "buy", "size": "0.36776402", "price": "2936.36000000", "time": "2025-07-12T13:03:43.986382Z", "fetched_at": "2025-07-12T13:04:24.000918+00:00", "symbol": "ETH-USD"}, {"trade_id": 665960709, "side": "buy", "size": "0.31771516", "price": "2936.42000000", "time": "2025-07-12T13:03:43.986382Z", "fetched_at": "2025-07-12T13:04:24.000918+00:00", "symbol": "ETH-USD"}, {"trade_id": 665960708, "side": "buy", "size": "1.53235827", "price": "2936.45000000", "time": "2025-07-12T13:03:43.986382Z", "fetched_at": "2025-07-12T13:04:24.000918+00:00", "symbol": "ETH-USD"}, {"trade_id": 665960707, "side": "buy", "size": "0.31030234", "price": "2936.45000000", "time": "2025-07-12T13:03:43.986382Z", "fetched_at": "2025-07-12T13:04:24.000918+00:00", "symbol": "ETH-USD"}, {"trade_id": 665960706, "side": "buy", "size": "0.89051342", "price": "2936.51000000", "time": "2025-07-12T13:03:43.986382Z", "fetched_at": "2025-07-12T13:04:24.000918+00:00", "symbol": "ETH-USD"}, {"trade_id": 665960705, "side": "buy", "size": "0.36063293", "price": "2936.51000000", "time": "2025-07-12T13:03:43.986382Z", "fetched_at": "2025-07-12T13:04:24.000918+00:00", "symbol": "ETH-USD"}, {"trade_id": 665960704, "side": "buy", "size": "0.39668402", "price": "2936.56000000", "time": "2025-07-12T13:03:43.986382Z", "fetched_at": "2025-07-12T13:04:24.000918+00:00", "symbol": "ETH-USD"}, {"trade_id": 665960703, "side": "buy", "size": "1.35028394", "price": "2936.57000000", "time": "2025-07-12T13:03:43.986382Z", "fetched_at": "2025-07-12T13:04:24.000918+00:00", "symbol": "ETH-USD"}, {"trade_id": 665960702, "side": "buy", "size": "0.87098062", "price": "2936.57000000", "time": "2025-07-12T13:03:43.986382Z", "fetched_at": "2025-07-12T13:04:24.000918+00:00", "symbol": "ETH-USD"}, {"trade_id": 665960701, "side": "buy", "size": "0.00051061", "price": "2936.57000000", "time": "2025-07-12T13:03:43.986382Z", "fetched_at": "2025-07-12T13:04:24.000918+00:00", "symbol": "ETH-USD"}, {"trade_id": 665960700, "side": "buy", "size": "0.43216545", "price": "2936.63000000", "time": "2025-07-12T13:03:43.986382Z", "fetched_at": "2025-07-12T13:04:24.000918+00:00", "symbol": "ETH-USD"}, {"trade_id": 665960699, "side": "buy", "size": "1.04036144", "price": "2936.67000000", "time": "2025-07-12T13:03:43.986382Z", "fetched_at": "2025-07-12T13:04:24.000918+00:00", "symbol": "ETH-USD"}, {"trade_id": 665960698, "side": "buy", "size": "0.70223408", "price": "2936.67000000", "time": "2025-07-12T13:03:43.986382Z", "fetched_at": "2025-07-12T13:04:24.000918+00:00", "symbol": "ETH-USD"}, {"trade_id": 665960697, "side": "buy", "size": "0.47250000", "price": "2936.70000000", "time": "2025-07-12T13:03:43.986382Z", "fetched_at": "2025-07-12T13:04:24.000918+00:00", "symbol": "ETH-USD"}, {"trade_id": 665960696, "side": "buy", "size": "0.85128181", "price": "2936.74000000", "time": "2025-07-12T13:03:43.986382Z", "fetched_at": "2025-07-12T13:04:24.000918+00:00", "symbol": "ETH-USD"}, {"trade_id": 665960695, "side": "buy", "size": "0.39835642", "price": "2936.77000000", "time": "2025-07-12T13:03:43.986382Z", "fetched_at": "2025-07-12T13:04:24.000918+00:00", "symbol": "ETH-USD"}, {"trade_id": 665960694, "side": "buy", "size": "0.00100000", "price": "2936.78000000", "time": "2025-07-12T13:03:43.986382Z", "fetched_at": "2025-07-12T13:04:24.000918+00:00", "symbol": "ETH-USD"}, {"trade_id": 665960693, "side": "buy", "size": "0.60105488", "price": "2936.81000000", "time": "2025-07-12T13:03:43.986382Z", "fetched_at": "2025-07-12T13:04:24.000918+00:00", "symbol": "ETH-USD"}, {"trade_id": 665960692, "side": "buy", "size": "1.09403378", "price": "2936.85000000", "time": "2025-07-12T13:03:43.986382Z", "fetched_at": "2025-07-12T13:04:24.000918+00:00", "symbol": "ETH-USD"}, {"trade_id": 665960691, "side": "buy", "size": "0.85123700", "price": "2936.90000000", "time": "2025-07-12T13:03:43.986382Z", "fetched_at": "2025-07-12T13:04:24.000918+00:00", "symbol": "ETH-USD"}, {"trade_id": 665960690, "side": "buy", "size": "0.51074220", "price": "2936.91000000", "time": "2025-07-12T13:03:43.986382Z", "fetched_at": "2025-07-12T13:04:24.000918+00:00", "symbol": "ETH-USD"}, {"trade_id": 665960689, "side": "buy", "size": "0.00000680", "price": "2936.99000000", "time": "2025-07-12T13:03:43.986382Z", "fetched_at": "2025-07-12T13:04:24.000918+00:00", "symbol": "ETH-USD"}, {"trade_id": 665960688, "side": "buy", "size": "0.47250000", "price": "2937.00000000", "time": "2025-07-12T13:03:43.986382Z", "fetched_at": "2025-07-12T13:04:24.000918+00:00", "symbol": "ETH-USD"}, {"trade_id": 665960687, "side": "buy", "size": "0.37300000", "price": "2937.04000000", "time": "2025-07-12T13:03:43.986382Z", "fetched_at": "2025-07-12T13:04:24.000918+00:00", "symbol": "ETH-USD"}, {"trade_id": 665960686, "side": "buy", "size": "0.50730000", "price": "2937.05000000", "time": "2025-07-12T13:03:43.986382Z", "fetched_at": "2025-07-12T13:04:24.000918+00:00", "symbol": "ETH-USD"}, {"trade_id": 665960685, "side": "buy", "size": "0.08289728", "price": "2937.06000000", "time": "2025-07-12T13:03:43.986382Z", "fetched_at": "2025-07-12T13:04:24.000918+00:00", "symbol": "ETH-USD"}, {"trade_id": 665960684, "side": "buy", "size": "0.39499357", "price": "2937.15000000", "time": "2025-07-12T13:03:43.986382Z", "fetched_at": "2025-07-12T13:04:24.000918+00:00", "symbol": "ETH-USD"}, {"trade_id": 665960683, "side": "buy", "size": "0.17023208", "price": "2937.16000000", "time": "2025-07-12T13:03:43.986382Z", "fetched_at": "2025-07-12T13:04:24.000918+00:00", "symbol": "ETH-USD"}, {"trade_id": 665960682, "side": "buy", "size": "0.00812740", "price": "2937.21000000", "time": "2025-07-12T13:03:43.986382Z", "fetched_at": "2025-07-12T13:04:24.000918+00:00", "symbol": "ETH-USD"}, {"trade_id": 665960681, "side": "buy", "size": "0.00003064", "price": "2937.21000000", "time": "2025-07-12T13:03:43.986382Z", "fetched_at": "2025-07-12T13:04:24.000918+00:00", "symbol": "ETH-USD"}, {"trade_id": 665960680, "side": "buy", "size": "0.00100000", "price": "2937.22000000", "time": "2025-07-12T13:03:43.986382Z", "fetched_at": "2025-07-12T13:04:24.000918+00:00", "symbol": "ETH-USD"}, {"trade_id": 665960679, "side": "buy", "size": "0.26884548", "price": "2937.32000000", "time": "2025-07-12T13:03:43.986382Z", "fetched_at": "2025-07-12T13:04:24.000918+00:00", "symbol": "ETH-USD"}, {"trade_id": 665960678, "side": "buy", "size": "0.15000000", "price": "2937.33000000", "time": "2025-07-12T13:03:43.986382Z", "fetched_at": "2025-07-12T13:04:24.000918+00:00", "symbol": "ETH-USD"}, {"trade_id": 665960677, "side": "buy", "size": "0.04398062", "price": "2937.43000000", "time": "2025-07-12T13:03:43.986382Z", "fetched_at": "2025-07-12T13:04:24.000918+00:00", "symbol": "ETH-USD"}, {"trade_id": 665960676, "side": "buy", "size": "0.02796055", "price": "2937.71000000", "time": "2025-07-12T13:03:43.986382Z", "fetched_at": "2025-07-12T13:04:24.000918+00:00", "symbol": "ETH-USD"}, {"trade_id": 665960675, "side": "sell", "size": "0.23920921", "price": "2937.72000000", "time": "2025-07-12T13:03:42.643869Z", "fetched_at": "2025-07-12T13:04:24.000918+00:00", "symbol": "ETH-USD"}, {"trade_id": 665960674, "side": "sell", "size": "0.00100000", "price": "2937.66000000", "time": "2025-07-12T13:03:42.643869Z", "fetched_at": "2025-07-12T13:04:24.000918+00:00", "symbol": "ETH-USD"}, {"trade_id": 665960673, "side": "sell", "size": "0.00101644", "price": "2937.44000000", "time": "2025-07-12T13:03:42.643869Z", "fetched_at": "2025-07-12T13:04:24.000918+00:00", "symbol": "ETH-USD"}, {"trade_id": 665960672, "side": "sell", "size": "0.00023640", "price": "2937.44000000", "time": "2025-07-12T13:03:42.643869Z", "fetched_at": "2025-07-12T13:04:24.000918+00:00", "symbol": "ETH-USD"}, {"trade_id": 665960671, "side": "sell", "size": "0.00031003", "price": "2937.44000000", "time": "2025-07-12T13:03:42.643869Z", "fetched_at": "2025-07-12T13:04:24.000918+00:00", "symbol": "ETH-USD"}, {"trade_id": 665960670, "side": "sell", "size": "0.00340515", "price": "2937.44000000", "time": "2025-07-12T13:03:42.643869Z", "fetched_at": "2025-07-12T13:04:24.000918+00:00", "symbol": "ETH-USD"}, {"trade_id": 665960669, "side": "sell", "size": "0.00100000", "price": "2937.44000000", "time": "2025-07-12T13:03:42.643869Z", "fetched_at": "2025-07-12T13:04:24.000918+00:00", "symbol": "ETH-USD"}, {"trade_id": 665960668, "side": "sell", "size": "0.13240379", "price": "2937.28000000", "time": "2025-07-12T13:03:41.982899Z", "fetched_at": "2025-07-12T13:04:24.000918+00:00", "symbol": "ETH-USD"}, {"trade_id": 665960667, "side": "sell", "size": "0.00340516", "price": "2937.22000000", "time": "2025-07-12T13:03:41.982899Z", "fetched_at": "2025-07-12T13:04:24.000918+00:00", "symbol": "ETH-USD"}, {"trade_id": 665960666, "side": "sell", "size": "0.00100000", "price": "2937.22000000", "time": "2025-07-12T13:03:41.982899Z", "fetched_at": "2025-07-12T13:04:24.000918+00:00", "symbol": "ETH-USD"}, {"trade_id": 665960665, "side": "sell", "size": "0.06021360", "price": "2937.16000000", "time": "2025-07-12T13:03:41.246184Z", "fetched_at": "2025-07-12T13:04:24.000918+00:00", "symbol": "ETH-USD"}, {"trade_id": 665960664, "side": "sell", "size": "0.00340517", "price": "2937.15000000", "time": "2025-07-12T13:03:41.246184Z", "fetched_at": "2025-07-12T13:04:24.000918+00:00", "symbol": "ETH-USD"}, {"trade_id": 665960663, "side": "sell", "size": "0.00100000", "price": "2937.00000000", "time": "2025-07-12T13:03:41.246184Z", "fetched_at": "2025-07-12T13:04:24.000918+00:00", "symbol": "ETH-USD"}, {"trade_id": 665960662, "side": "sell", "size": "0.00100000", "price": "2936.78000000", "time": "2025-07-12T13:03:41.246184Z", "fetched_at": "2025-07-12T13:04:24.000918+00:00", "symbol": "ETH-USD"}, {"trade_id": 665960661, "side": "sell", "size": "0.00016868", "price": "2936.73000000", "time": "2025-07-12T13:03:41.246184Z", "fetched_at": "2025-07-12T13:04:24.000918+00:00", "symbol": "ETH-USD"}, {"trade_id": 665960660, "side": "sell", "size": "0.00010337", "price": "2936.73000000", "time": "2025-07-12T13:03:41.246184Z", "fetched_at": "2025-07-12T13:04:24.000918+00:00", "symbol": "ETH-USD"}, {"trade_id": 665960659, "side": "sell", "size": "0.00005588", "price": "2936.73000000", "time": "2025-07-12T13:03:41.246184Z", "fetched_at": "2025-07-12T13:04:24.000918+00:00", "symbol": "ETH-USD"}, {"trade_id": 665960658, "side": "sell", "size": "0.00024002", "price": "2936.73000000", "time": "2025-07-12T13:03:41.246184Z", "fetched_at": "2025-07-12T13:04:24.000918+00:00", "symbol": "ETH-USD"}, {"trade_id": 665960657, "side": "buy", "size": "0.06810830", "price": "2936.72000000", "time": "2025-07-12T13:03:39.601671Z", "fetched_at": "2025-07-12T13:04:24.000918+00:00", "symbol": "ETH-USD"}, {"trade_id": 665960656, "side": "buy", "size": "0.00004979", "price": "2936.65000000", "time": "2025-07-12T13:03:38.546017Z", "fetched_at": "2025-07-12T13:04:24.000918+00:00", "symbol": "ETH-USD"}, {"trade_id": 665960655, "side": "sell", "size": "0.30000000", "price": "2936.30000000", "time": "2025-07-12T13:03:37.336858Z", "fetched_at": "2025-07-12T13:04:24.000918+00:00", "symbol": "ETH-USD"}, {"trade_id": 665960654, "side": "sell", "size": "0.00340580", "price": "2936.29000000", "time": "2025-07-12T13:03:37.336858Z", "fetched_at": "2025-07-12T13:04:24.000918+00:00", "symbol": "ETH-USD"}, {"trade_id": 665960653, "side": "sell", "size": "0.00031001", "price": "2936.20000000", "time": "2025-07-12T13:03:37.336858Z", "fetched_at": "2025-07-12T13:04:24.000918+00:00", "symbol": "ETH-USD"}, {"trade_id": 665960652, "side": "sell", "size": "0.00577597", "price": "2936.20000000", "time": "2025-07-12T13:03:35.763606Z", "fetched_at": "2025-07-12T13:04:24.000918+00:00", "symbol": "ETH-USD"}, {"trade_id": 665960651, "side": "sell", "size": "0.00340588", "price": "2936.20000000", "time": "2025-07-12T13:03:35.763606Z", "fetched_at": "2025-07-12T13:04:24.000918+00:00", "symbol": "ETH-USD"}, {"trade_id": 665960650, "side": "sell", "size": "0.00031001", "price": "2936.20000000", "time": "2025-07-12T13:03:35.763606Z", "fetched_at": "2025-07-12T13:04:24.000918+00:00", "symbol": "ETH-USD"}, {"trade_id": 665960649, "side": "buy", "size": "0.06918367", "price": "2935.91000000", "time": "2025-07-12T13:03:35.163977Z", "fetched_at": "2025-07-12T13:04:24.000918+00:00", "symbol": "ETH-USD"}, {"trade_id": 665960648, "side": "buy", "size": "0.01158754", "price": "2935.91000000", "time": "2025-07-12T13:03:35.163977Z", "fetched_at": "2025-07-12T13:04:24.000918+00:00", "symbol": "ETH-USD"}, {"trade_id": 665960647, "side": "buy", "size": "0.00184269", "price": "2935.91000000", "time": "2025-07-12T13:03:35.163977Z", "fetched_at": "2025-07-12T13:04:24.000918+00:00", "symbol": "ETH-USD"}, {"trade_id": 665960646, "side": "buy", "size": "0.00047503", "price": "2935.91000000", "time": "2025-07-12T13:03:34.181219Z", "fetched_at": "2025-07-12T13:04:24.000918+00:00", "symbol": "ETH-USD"}, {"trade_id": 665960645, "side": "buy", "size": "0.00100000", "price": "2936.12000000", "time": "2025-07-12T13:03:34.125604Z", "fetched_at": "2025-07-12T13:04:24.000918+00:00", "symbol": "ETH-USD"}, {"trade_id": 665960644, "side": "buy", "size": "0.00370869", "price": "2936.34000000", "time": "2025-07-12T13:03:33.574567Z", "fetched_at": "2025-07-12T13:04:24.000918+00:00", "symbol": "ETH-USD"}, {"trade_id": 665960643, "side": "buy", "size": "0.00100000", "price": "2936.34000000", "time": "2025-07-12T13:03:33.574567Z", "fetched_at": "2025-07-12T13:04:24.000918+00:00", "symbol": "ETH-USD"}, {"trade_id": 665960642, "side": "buy", "size": "0.04369176", "price": "2936.48000000", "time": "2025-07-12T13:03:33.544973Z", "fetched_at": "2025-07-12T13:04:24.000918+00:00", "symbol": "ETH-USD"}, {"trade_id": 665960641, "side": "buy", "size": "0.01737794", "price": "2936.48000000", "time": "2025-07-12T13:03:33.544973Z", "fetched_at": "2025-07-12T13:04:24.000918+00:00", "symbol": "ETH-USD"}, {"trade_id": 665960640, "side": "sell", "size": "0.03030377", "price": "2936.67000000", "time": "2025-07-12T13:03:32.239232Z", "fetched_at": "2025-07-12T13:04:24.000918+00:00", "symbol": "ETH-USD"}, {"trade_id": 665960639, "side": "sell", "size": "0.00340536", "price": "2936.49000000", "time": "2025-07-12T13:03:32.239232Z", "fetched_at": "2025-07-12T13:04:24.000918+00:00", "symbol": "ETH-USD"}, {"trade_id": 665960638, "side": "buy", "size": "0.15000000", "price": "2936.35000000", "time": "2025-07-12T13:03:31.835268Z", "fetched_at": "2025-07-12T13:04:24.000918+00:00", "symbol": "ETH-USD"}, {"trade_id": 665960637, "side": "buy", "size": "0.30000000", "price": "2936.36000000", "time": "2025-07-12T13:03:31.835268Z", "fetched_at": "2025-07-12T13:04:24.000918+00:00", "symbol": "ETH-USD"}, {"trade_id": 665960636, "side": "sell", "size": "0.00849501", "price": "2936.36000000", "time": "2025-07-12T13:03:31.726864Z", "fetched_at": "2025-07-12T13:04:24.000918+00:00", "symbol": "ETH-USD"}, {"trade_id": 665960635, "side": "sell", "size": "0.00340499", "price": "2936.36000000", "time": "2025-07-12T13:03:31.726864Z", "fetched_at": "2025-07-12T13:04:24.000918+00:00", "symbol": "ETH-USD"}, {"trade_id": 665960634, "side": "buy", "size": "0.00100000", "price": "2936.56000000", "time": "2025-07-12T13:03:31.679788Z", "fetched_at": "2025-07-12T13:04:24.000918+00:00", "symbol": "ETH-USD"}, {"trade_id": 665960633, "side": "buy", "size": "0.04910955", "price": "2936.57000000", "time": "2025-07-12T13:03:31.679788Z", "fetched_at": "2025-07-12T13:04:24.000918+00:00", "symbol": "ETH-USD"}, {"trade_id": 665960632, "side": "buy", "size": "0.00000340", "price": "2936.72000000", "time": "2025-07-12T13:03:31.199567Z", "fetched_at": "2025-07-12T13:04:24.000918+00:00", "symbol": "ETH-USD"}, {"trade_id": 665960631, "side": "buy", "size": "0.01295322", "price": "2936.72000000", "time": "2025-07-12T13:03:31.199567Z", "fetched_at": "2025-07-12T13:04:24.000918+00:00", "symbol": "ETH-USD"}, {"trade_id": 665960630, "side": "buy", "size": "0.00000681", "price": "2936.72000000", "time": "2025-07-12T13:03:31.199567Z", "fetched_at": "2025-07-12T13:04:24.000918+00:00", "symbol": "ETH-USD"}, {"trade_id": 665960629, "side": "buy", "size": "0.00002383", "price": "2936.72000000", "time": "2025-07-12T13:03:31.199567Z", "fetched_at": "2025-07-12T13:04:24.000918+00:00", "symbol": "ETH-USD"}, {"trade_id": 665960628, "side": "sell", "size": "0.03120000", "price": "2936.74000000", "time": "2025-07-12T13:03:30.960023Z", "fetched_at": "2025-07-12T13:04:24.000918+00:00", "symbol": "ETH-USD"}, {"trade_id": 665960627, "side": "buy", "size": "0.05485436", "price": "2936.70000000", "time": "2025-07-12T13:03:28.876135Z", "fetched_at": "2025-07-12T13:04:24.000918+00:00", "symbol": "ETH-USD"}, {"trade_id": 665960626, "side": "buy", "size": "0.00100000", "price": "2936.78000000", "time": "2025-07-12T13:03:28.876135Z", "fetched_at": "2025-07-12T13:04:24.000918+00:00", "symbol": "ETH-USD"}, {"trade_id": 665960625, "side": "buy", "size": "0.00001361", "price": "2937.00000000", "time": "2025-07-12T13:03:28.876135Z", "fetched_at": "2025-07-12T13:04:24.000918+00:00", "symbol": "ETH-USD"}, {"trade_id": 665960624, "side": "buy", "size": "0.00086470", "price": "2937.06000000", "time": "2025-07-12T13:03:28.876135Z", "fetched_at": "2025-07-12T13:04:24.000918+00:00", "symbol": "ETH-USD"}, {"trade_id": 665960623, "side": "buy", "size": "0.01943440", "price": "2937.06000000", "time": "2025-07-12T13:03:28.876135Z", "fetched_at": "2025-07-12T13:04:24.000918+00:00", "symbol": "ETH-USD"}, {"trade_id": 665960622, "side": "buy", "size": "0.04369675", "price": "2937.06000000", "time": "2025-07-12T13:03:28.876135Z", "fetched_at": "2025-07-12T13:04:24.000918+00:00", "symbol": "ETH-USD"}, {"trade_id": 665960621, "side": "buy", "size": "0.00001361", "price": "2937.06000000", "time": "2025-07-12T13:03:28.876135Z", "fetched_at": "2025-07-12T13:04:24.000918+00:00", "symbol": "ETH-USD"}, {"trade_id": 665960620, "side": "buy", "size": "0.00012257", "price": "2937.06000000", "time": "2025-07-12T13:03:28.876135Z", "fetched_at": "2025-07-12T13:04:24.000918+00:00", "symbol": "ETH-USD"}, {"trade_id": 665960619, "side": "sell", "size": "0.02081437", "price": "2937.07000000", "time": "2025-07-12T13:03:28.813005Z", "fetched_at": "2025-07-12T13:04:24.000918+00:00", "symbol": "ETH-USD"}, {"trade_id": 665960618, "side": "sell", "size": "0.00340479", "price": "2937.07000000", "time": "2025-07-12T13:03:28.813005Z", "fetched_at": "2025-07-12T13:04:24.000918+00:00", "symbol": "ETH-USD"}, {"trade_id": 665960617, "side": "buy", "size": "0.00006128", "price": "2937.14000000", "time": "2025-07-12T13:03:26.677354Z", "fetched_at": "2025-07-12T13:04:24.000918+00:00", "symbol": "ETH-USD"}, {"trade_id": 665960616, "side": "buy", "size": "0.00922666", "price": "2937.14000000", "time": "2025-07-12T13:03:26.677354Z", "fetched_at": "2025-07-12T13:04:24.000918+00:00", "symbol": "ETH-USD"}, {"trade_id": 665960615, "side": "sell", "size": "0.00031002", "price": "2936.79000000", "time": "2025-07-12T13:03:24.701585Z", "fetched_at": "2025-07-12T13:04:24.000918+00:00", "symbol": "ETH-USD"}, {"trade_id": 665960614, "side": "sell", "size": "0.07637594", "price": "2936.79000000", "time": "2025-07-12T13:03:24.701585Z", "fetched_at": "2025-07-12T13:04:24.000918+00:00", "symbol": "ETH-USD"}, {"trade_id": 665960613, "side": "buy", "size": "0.00100000", "price": "2937.00000000", "time": "2025-07-12T13:03:24.407762Z", "fetched_at": "2025-07-12T13:04:24.000918+00:00", "symbol": "ETH-USD"}, {"trade_id": 665960612, "side": "buy", "size": "0.00024174", "price": "2937.01000000", "time": "2025-07-12T13:03:24.407762Z", "fetched_at": "2025-07-12T13:04:24.000918+00:00", "symbol": "ETH-USD"}, {"trade_id": 665960611, "side": "buy", "size": "0.01846435", "price": "2937.01000000", "time": "2025-07-12T13:03:24.407762Z", "fetched_at": "2025-07-12T13:04:24.000918+00:00", "symbol": "ETH-USD"}, {"trade_id": 665960610, "side": "buy", "size": "0.03984664", "price": "2937.01000000", "time": "2025-07-12T13:03:24.407762Z", "fetched_at": "2025-07-12T13:04:24.000918+00:00", "symbol": "ETH-USD"}, {"trade_id": 665960609, "side": "buy", "size": "0.01065964", "price": "2937.21000000", "time": "2025-07-12T13:03:23.590453Z", "fetched_at": "2025-07-12T13:04:24.000918+00:00", "symbol": "ETH-USD"}, {"trade_id": 665960608, "side": "buy", "size": "0.00100000", "price": "2937.22000000", "time": "2025-07-12T13:03:23.590453Z", "fetched_at": "2025-07-12T13:04:24.000918+00:00", "symbol": "ETH-USD"}, {"trade_id": 665960607, "side": "buy", "size": "0.02399166", "price": "2937.27000000", "time": "2025-07-12T13:03:23.590453Z", "fetched_at": "2025-07-12T13:04:24.000918+00:00", "symbol": "ETH-USD"}, {"trade_id": 665960606, "side": "buy", "size": "2.06586941", "price": "2937.40000000", "time": "2025-07-12T13:03:23.450975Z", "fetched_at": "2025-07-12T13:04:24.000918+00:00", "symbol": "ETH-USD"}, {"trade_id": 665960605, "side": "buy", "size": "0.01875674", "price": "2937.61000000", "time": "2025-07-12T13:03:23.352028Z", "fetched_at": "2025-07-12T13:04:24.000918+00:00", "symbol": "ETH-USD"}, {"trade_id": 665960604, "side": "buy", "size": "0.02732493", "price": "2937.61000000", "time": "2025-07-12T13:03:23.340924Z", "fetched_at": "2025-07-12T13:04:24.000918+00:00", "symbol": "ETH-USD"}, {"trade_id": 665960603, "side": "buy", "size": "0.29189921", "price": "2937.61000000", "time": "2025-07-12T13:03:23.340924Z", "fetched_at": "2025-07-12T13:04:24.000918+00:00", "symbol": "ETH-USD"}, {"trade_id": 665960602, "side": "buy", "size": "0.00128089", "price": "2937.61000000", "time": "2025-07-12T13:03:23.340924Z", "fetched_at": "2025-07-12T13:04:24.000918+00:00", "symbol": "ETH-USD"}, {"trade_id": 665960601, "side": "buy", "size": "0.04813683", "price": "2937.61000000", "time": "2025-07-12T13:03:22.961579Z", "fetched_at": "2025-07-12T13:04:24.000918+00:00", "symbol": "ETH-USD"}, {"trade_id": 665960600, "side": "sell", "size": "0.00168512", "price": "2937.62000000", "time": "2025-07-12T13:03:22.008222Z", "fetched_at": "2025-07-12T13:04:24.000918+00:00", "symbol": "ETH-USD"}, {"trade_id": 665960599, "side": "buy", "size": "0.04472895", "price": "2937.33000000", "time": "2025-07-12T13:03:21.728161Z", "fetched_at": "2025-07-12T13:04:24.000918+00:00", "symbol": "ETH-USD"}, {"trade_id": 665960598, "side": "buy", "size": "0.04527105", "price": "2937.34000000", "time": "2025-07-12T13:03:21.728161Z", "fetched_at": "2025-07-12T13:04:24.000918+00:00", "symbol": "ETH-USD"}, {"trade_id": 665960597, "side": "buy", "size": "0.17356203", "price": "2937.45000000", "time": "2025-07-12T13:03:21.139273Z", "fetched_at": "2025-07-12T13:04:24.000918+00:00", "symbol": "ETH-USD"}, {"trade_id": 665960596, "side": "buy", "size": "0.01643797", "price": "2937.71000000", "time": "2025-07-12T13:03:21.139273Z", "fetched_at": "2025-07-12T13:04:24.000918+00:00", "symbol": "ETH-USD"}, {"trade_id": 665960595, "side": "buy", "size": "0.10307000", "price": "2938.09000000", "time": "2025-07-12T13:03:21.034962Z", "fetched_at": "2025-07-12T13:04:24.000918+00:00", "symbol": "ETH-USD"}, {"trade_id": 665960594, "side": "sell", "size": "0.30000000", "price": "2937.50000000", "time": "2025-07-12T13:03:20.924782Z", "fetched_at": "2025-07-12T13:04:24.000918+00:00", "symbol": "ETH-USD"}, {"trade_id": 665960593, "side": "sell", "size": "0.50000000", "price": "2937.49000000", "time": "2025-07-12T13:03:20.924782Z", "fetched_at": "2025-07-12T13:04:24.000918+00:00", "symbol": "ETH-USD"}, {"trade_id": 665960592, "side": "sell", "size": "0.00031000", "price": "2937.48000000", "time": "2025-07-12T13:03:20.924782Z", "fetched_at": "2025-07-12T13:04:24.000918+00:00", "symbol": "ETH-USD"}, {"trade_id": 665960591, "side": "sell", "size": "0.16481400", "price": "2937.47000000", "time": "2025-07-12T13:03:20.924782Z", "fetched_at": "2025-07-12T13:04:24.000918+00:00", "symbol": "ETH-USD"}, {"trade_id": 665960590, "side": "sell", "size": "0.00340436", "price": "2937.45000000", "time": "2025-07-12T13:03:20.924782Z", "fetched_at": "2025-07-12T13:04:24.000918+00:00", "symbol": "ETH-USD"}, {"trade_id": 665960589, "side": "sell", "size": "0.36431442", "price": "2937.37000000", "time": "2025-07-12T13:03:20.601291Z", "fetched_at": "2025-07-12T13:04:24.000918+00:00", "symbol": "ETH-USD"}, {"trade_id": 665960588, "side": "sell", "size": "0.15000000", "price": "2937.36000000", "time": "2025-07-12T13:03:20.601291Z", "fetched_at": "2025-07-12T13:04:24.000918+00:00", "symbol": "ETH-USD"}, {"trade_id": 665960587, "side": "sell", "size": "0.17022493", "price": "2937.29000000", "time": "2025-07-12T13:03:20.601291Z", "fetched_at": "2025-07-12T13:04:24.000918+00:00", "symbol": "ETH-USD"}, {"trade_id": 665960586, "side": "sell", "size": "0.00340443", "price": "2937.28000000", "time": "2025-07-12T13:03:20.601291Z", "fetched_at": "2025-07-12T13:04:24.000918+00:00", "symbol": "ETH-USD"}, {"trade_id": 665960585, "side": "buy", "size": "0.05000000", "price": "2937.02000000", "time": "2025-07-12T13:03:20.216129Z", "fetched_at": "2025-07-12T13:04:24.000918+00:00", "symbol": "ETH-USD"}, {"trade_id": 665960584, "side": "buy", "size": "0.66683521", "price": "2937.25000000", "time": "2025-07-12T13:03:19.931313Z", "fetched_at": "2025-07-12T13:04:24.000918+00:00", "symbol": "ETH-USD"}, {"trade_id": 665960583, "side": "buy", "size": "2.39873179", "price": "2937.45000000", "time": "2025-07-12T13:03:19.834261Z", "fetched_at": "2025-07-12T13:04:24.000918+00:00", "symbol": "ETH-USD"}, {"trade_id": 665960582, "side": "sell", "size": "0.00175942", "price": "2937.48000000", "time": "2025-07-12T13:03:19.692351Z", "fetched_at": "2025-07-12T13:04:24.000918+00:00", "symbol": "ETH-USD"}, {"trade_id": 665960581, "side": "sell", "size": "0.07252846", "price": "2937.47000000", "time": "2025-07-12T13:03:19.573010Z", "fetched_at": "2025-07-12T13:04:24.000918+00:00", "symbol": "ETH-USD"}, {"trade_id": 665960580, "side": "sell", "size": "0.00340433", "price": "2937.46000000", "time": "2025-07-12T13:03:19.573010Z", "fetched_at": "2025-07-12T13:04:24.000918+00:00", "symbol": "ETH-USD"}, {"trade_id": 665960579, "side": "sell", "size": "0.00006994", "price": "2937.46000000", "time": "2025-07-12T13:03:19.573010Z", "fetched_at": "2025-07-12T13:04:24.000918+00:00", "symbol": "ETH-USD"}, {"trade_id": 665960578, "side": "sell", "size": "0.00007631", "price": "2937.46000000", "time": "2025-07-12T13:03:19.573010Z", "fetched_at": "2025-07-12T13:04:24.000918+00:00", "symbol": "ETH-USD"}, {"trade_id": 665960577, "side": "buy", "size": "0.00170215", "price": "2937.45000000", "time": "2025-07-12T13:03:19.363353Z", "fetched_at": "2025-07-12T13:04:24.000918+00:00", "symbol": "ETH-USD"}, {"trade_id": 665960576, "side": "sell", "size": "0.00022408", "price": "2937.46000000", "time": "2025-07-12T13:03:19.017167Z", "fetched_at": "2025-07-12T13:04:24.000918+00:00", "symbol": "ETH-USD"}, {"trade_id": 665960575, "side": "sell", "size": "0.00158200", "price": "2937.42000000", "time": "2025-07-12T13:03:17.659138Z", "fetched_at": "2025-07-12T13:04:24.000918+00:00", "symbol": "ETH-USD"}, {"trade_id": 665960574, "side": "sell", "size": "0.00010334", "price": "2937.28000000", "time": "2025-07-12T13:03:17.659138Z", "fetched_at": "2025-07-12T13:04:24.000918+00:00", "symbol": "ETH-USD"}, {"trade_id": 665960573, "side": "sell", "size": "0.00500364", "price": "2937.47000000", "time": "2025-07-12T13:03:15.879509Z", "fetched_at": "2025-07-12T13:04:24.000918+00:00", "symbol": "ETH-USD"}, {"trade_id": 665960572, "side": "sell", "size": "0.00340496", "price": "2937.46000000", "time": "2025-07-12T13:03:15.879509Z", "fetched_at": "2025-07-12T13:04:24.000918+00:00", "symbol": "ETH-USD"}, {"trade_id": 665960571, "side": "sell", "size": "0.00628183", "price": "2937.47000000", "time": "2025-07-12T13:03:15.612726Z", "fetched_at": "2025-07-12T13:04:24.000918+00:00", "symbol": "ETH-USD"}, {"trade_id": 665960570, "side": "sell", "size": "0.00340496", "price": "2937.19000000", "time": "2025-07-12T13:03:15.612726Z", "fetched_at": "2025-07-12T13:04:24.000918+00:00", "symbol": "ETH-USD"}, {"trade_id": 665960569, "side": "sell", "size": "0.01313966", "price": "2937.20000000", "time": "2025-07-12T13:03:15.389908Z", "fetched_at": "2025-07-12T13:04:24.000918+00:00", "symbol": "ETH-USD"}, {"trade_id": 665960568, "side": "sell", "size": "0.00340496", "price": "2937.19000000", "time": "2025-07-12T13:03:15.389908Z", "fetched_at": "2025-07-12T13:04:24.000918+00:00", "symbol": "ETH-USD"}, {"trade_id": 665960567, "side": "sell", "size": "0.00030999", "price": "2937.12000000", "time": "2025-07-12T13:03:15.389908Z", "fetched_at": "2025-07-12T13:04:24.000918+00:00", "symbol": "ETH-USD"}, {"trade_id": 665960566, "side": "buy", "size": "0.00000340", "price": "2937.10000000", "time": "2025-07-12T13:03:14.890877Z", "fetched_at": "2025-07-12T13:04:24.000918+00:00", "symbol": "ETH-USD"}, {"trade_id": 665960565, "side": "buy", "size": "0.00009264", "price": "2936.75000000", "time": "2025-07-12T13:03:14.864222Z", "fetched_at": "2025-07-12T13:04:24.000918+00:00", "symbol": "ETH-USD"}, {"trade_id": 665960564, "side": "buy", "size": "0.10307000", "price": "2937.11000000", "time": "2025-07-12T13:03:14.864222Z", "fetched_at": "2025-07-12T13:04:24.000918+00:00", "symbol": "ETH-USD"}, {"trade_id": 665960563, "side": "sell", "size": "0.00001702", "price": "2936.92000000", "time": "2025-07-12T13:03:14.317607Z", "fetched_at": "2025-07-12T13:04:24.000918+00:00", "symbol": "ETH-USD"}, {"trade_id": 665960562, "side": "sell", "size": "0.03308331", "price": "2936.89000000", "time": "2025-07-12T13:03:13.940611Z", "fetched_at": "2025-07-12T13:04:24.000918+00:00", "symbol": "ETH-USD"}, {"trade_id": 665960561, "side": "buy", "size": "0.51518659", "price": "2936.78000000", "time": "2025-07-12T13:03:13.717987Z", "fetched_at": "2025-07-12T13:04:24.000918+00:00", "symbol": "ETH-USD"}, {"trade_id": 665960560, "side": "buy", "size": "0.00100000", "price": "2936.56000000", "time": "2025-07-12T13:03:13.675516Z", "fetched_at": "2025-07-12T13:04:24.000918+00:00", "symbol": "ETH-USD"}, {"trade_id": 665960559, "side": "buy", "size": "0.00100000", "price": "2936.78000000", "time": "2025-07-12T13:03:13.660509Z", "fetched_at": "2025-07-12T13:04:24.000918+00:00", "symbol": "ETH-USD"}, {"trade_id": 665960558, "side": "buy", "size": "0.00100000", "price": "2937.00000000", "time": "2025-07-12T13:03:13.648604Z", "fetched_at": "2025-07-12T13:04:24.000918+00:00", "symbol": "ETH-USD"}, {"trade_id": 665960557, "side": "buy", "size": "0.75830184", "price": "2937.03000000", "time": "2025-07-12T13:03:13.648604Z", "fetched_at": "2025-07-12T13:04:24.000918+00:00", "symbol": "ETH-USD"}, {"trade_id": 665960556, "side": "buy", "size": "0.01752056", "price": "2937.12000000", "time": "2025-07-12T13:03:13.634149Z", "fetched_at": "2025-07-12T13:04:24.000918+00:00", "symbol": "ETH-USD"}, {"trade_id": 665960555, "side": "buy", "size": "0.00513428", "price": "2937.12000000", "time": "2025-07-12T13:03:13.634149Z", "fetched_at": "2025-07-12T13:04:24.000918+00:00", "symbol": "ETH-USD"}, {"trade_id": 665960554, "side": "buy", "size": "0.07059880", "price": "2937.16000000", "time": "2025-07-12T13:03:13.634149Z", "fetched_at": "2025-07-12T13:04:24.000918+00:00", "symbol": "ETH-USD"}, {"trade_id": 665960553, "side": "sell", "size": "0.00161943", "price": "2937.68000000", "time": "2025-07-12T13:03:12.348865Z", "fetched_at": "2025-07-12T13:04:24.000918+00:00", "symbol": "ETH-USD"}, {"trade_id": 665960552, "side": "sell", "size": "0.00012855", "price": "2937.55000000", "time": "2025-07-12T13:03:12.348865Z", "fetched_at": "2025-07-12T13:04:24.000918+00:00", "symbol": "ETH-USD"}, {"trade_id": 665960551, "side": "buy", "size": "0.25297008", "price": "2937.33000000", "time": "2025-07-12T13:03:11.319755Z", "fetched_at": "2025-07-12T13:04:24.000918+00:00", "symbol": "ETH-USD"}, {"trade_id": 665960550, "side": "sell", "size": "0.00499225", "price": "2937.64000000", "time": "2025-07-12T13:03:10.382050Z", "fetched_at": "2025-07-12T13:04:24.000918+00:00", "symbol": "ETH-USD"}, {"trade_id": 665960549, "side": "sell", "size": "0.00012330", "price": "2937.45000000", "time": "2025-07-12T13:03:10.382050Z", "fetched_at": "2025-07-12T13:04:24.000918+00:00", "symbol": "ETH-USD"}, {"trade_id": 665960548, "side": "sell", "size": "0.01129186", "price": "2937.45000000", "time": "2025-07-12T13:03:10.382050Z", "fetched_at": "2025-07-12T13:04:24.000918+00:00", "symbol": "ETH-USD"}, {"trade_id": 665960547, "side": "sell", "size": "0.00002899", "price": "2937.40000000", "time": "2025-07-12T13:03:10.382050Z", "fetched_at": "2025-07-12T13:04:24.000918+00:00", "symbol": "ETH-USD"}, {"trade_id": 665960546, "side": "sell", "size": "0.00340435", "price": "2937.34000000", "time": "2025-07-12T13:03:10.382050Z", "fetched_at": "2025-07-12T13:04:24.000918+00:00", "symbol": "ETH-USD"}, {"trade_id": 665960545, "side": "buy", "size": "0.23844643", "price": "2937.33000000", "time": "2025-07-12T13:03:10.330747Z", "fetched_at": "2025-07-12T13:04:24.000918+00:00", "symbol": "ETH-USD"}, {"trade_id": 665960544, "side": "sell", "size": "0.02968957", "price": "2937.45000000", "time": "2025-07-12T13:03:09.755269Z", "fetched_at": "2025-07-12T13:04:24.000918+00:00", "symbol": "ETH-USD"}, {"trade_id": 665960543, "side": "sell", "size": "0.00030999", "price": "2937.44000000", "time": "2025-07-12T13:03:09.755269Z", "fetched_at": "2025-07-12T13:04:24.000918+00:00", "symbol": "ETH-USD"}, {"trade_id": 665960542, "side": "sell", "size": "0.00005589", "price": "2937.44000000", "time": "2025-07-12T13:03:09.755269Z", "fetched_at": "2025-07-12T13:04:24.000918+00:00", "symbol": "ETH-USD"}, {"trade_id": 665960541, "side": "sell", "size": "0.00024001", "price": "2937.44000000", "time": "2025-07-12T13:03:09.755269Z", "fetched_at": "2025-07-12T13:04:24.000918+00:00", "symbol": "ETH-USD"}, {"trade_id": 665960540, "side": "sell", "size": "0.00340437", "price": "2937.38000000", "time": "2025-07-12T13:03:09.755269Z", "fetched_at": "2025-07-12T13:04:24.000918+00:00", "symbol": "ETH-USD"}, {"trade_id": 665960539, "side": "buy", "size": "0.20693000", "price": "2937.43000000", "time": "2025-07-12T13:03:09.231915Z", "fetched_at": "2025-07-12T13:04:24.000918+00:00", "symbol": "ETH-USD"}, {"trade_id": 665960538, "side": "buy", "size": "0.10307000", "price": "2937.43000000", "time": "2025-07-12T13:03:09.231915Z", "fetched_at": "2025-07-12T13:04:24.000918+00:00", "symbol": "ETH-USD"}, {"trade_id": 665960537, "side": "sell", "size": "0.00943704", "price": "2937.45000000", "time": "2025-07-12T13:03:08.171709Z", "fetched_at": "2025-07-12T13:04:24.000918+00:00", "symbol": "ETH-USD"}, {"trade_id": 665960536, "side": "buy", "size": "0.00340448", "price": "2937.15000000", "time": "2025-07-12T13:03:08.067611Z", "fetched_at": "2025-07-12T13:04:24.000918+00:00", "symbol": "ETH-USD"}, {"trade_id": 665960535, "side": "sell", "size": "0.03846415", "price": "2937.47000000", "time": "2025-07-12T13:03:07.975205Z", "fetched_at": "2025-07-12T13:04:24.000918+00:00", "symbol": "ETH-USD"}, {"trade_id": 665960534, "side": "sell", "size": "0.02177097", "price": "2937.46000000", "time": "2025-07-12T13:03:07.975205Z", "fetched_at": "2025-07-12T13:04:24.000918+00:00", "symbol": "ETH-USD"}, {"trade_id": 665960533, "side": "sell", "size": "0.00340471", "price": "2937.45000000", "time": "2025-07-12T13:03:07.975205Z", "fetched_at": "2025-07-12T13:04:24.000918+00:00", "symbol": "ETH-USD"}, {"trade_id": 665960532, "side": "sell", "size": "0.00017826", "price": "2937.13000000", "time": "2025-07-12T13:03:07.975205Z", "fetched_at": "2025-07-12T13:04:24.000918+00:00", "symbol": "ETH-USD"}, {"trade_id": 665960531, "side": "sell", "size": "0.00024002", "price": "2937.13000000", "time": "2025-07-12T13:03:07.975205Z", "fetched_at": "2025-07-12T13:04:24.000918+00:00", "symbol": "ETH-USD"}, {"trade_id": 665960530, "side": "sell", "size": "0.00005589", "price": "2937.13000000", "time": "2025-07-12T13:03:07.975205Z", "fetched_at": "2025-07-12T13:04:24.000918+00:00", "symbol": "ETH-USD"}, {"trade_id": 665960529, "side": "sell", "size": "0.00044801", "price": "2937.13000000", "time": "2025-07-12T13:03:07.975205Z", "fetched_at": "2025-07-12T13:04:24.000918+00:00", "symbol": "ETH-USD"}, {"trade_id": 665960528, "side": "sell", "size": "0.03869001", "price": "2936.99000000", "time": "2025-07-12T13:03:04.017411Z", "fetched_at": "2025-07-12T13:04:24.000918+00:00", "symbol": "ETH-USD"}, {"trade_id": 665960527, "side": "sell", "size": "0.00340444", "price": "2936.98000000", "time": "2025-07-12T13:03:04.017411Z", "fetched_at": "2025-07-12T13:04:24.000918+00:00", "symbol": "ETH-USD"}, {"trade_id": 665960526, "side": "sell", "size": "0.00005589", "price": "2936.86000000", "time": "2025-07-12T13:03:04.017411Z", "fetched_at": "2025-07-12T13:04:24.000918+00:00", "symbol": "ETH-USD"}, {"trade_id": 665960525, "side": "sell", "size": "0.00024002", "price": "2936.86000000", "time": "2025-07-12T13:03:04.017411Z", "fetched_at": "2025-07-12T13:04:24.000918+00:00", "symbol": "ETH-USD"}, {"trade_id": 665960524, "side": "sell", "size": "0.15000000", "price": "2936.57000000", "time": "2025-07-12T13:03:03.858561Z", "fetched_at": "2025-07-12T13:04:24.000918+00:00", "symbol": "ETH-USD"}, {"trade_id": 665960523, "side": "sell", "size": "0.00340432", "price": "2936.57000000", "time": "2025-07-12T13:03:03.858561Z", "fetched_at": "2025-07-12T13:04:24.000918+00:00", "symbol": "ETH-USD"}, {"trade_id": 665960522, "side": "buy", "size": "0.53890221", "price": "2936.81000000", "time": "2025-07-12T13:03:03.747918Z", "fetched_at": "2025-07-12T13:04:24.000918+00:00", "symbol": "ETH-USD"}, {"trade_id": 665960521, "side": "buy", "size": "0.00100000", "price": "2936.78000000", "time": "2025-07-12T13:03:03.737697Z", "fetched_at": "2025-07-12T13:04:24.000918+00:00", "symbol": "ETH-USD"}, {"trade_id": 665960520, "side": "buy", "size": "0.87805988", "price": "2936.81000000", "time": "2025-07-12T13:03:03.726916Z", "fetched_at": "2025-07-12T13:04:24.000918+00:00", "symbol": "ETH-USD"}, {"trade_id": 665960519, "side": "buy", "size": "0.00035800", "price": "2936.85000000", "time": "2025-07-12T13:03:03.726916Z", "fetched_at": "2025-07-12T13:04:24.000918+00:00", "symbol": "ETH-USD"}, {"trade_id": 665960518, "side": "buy", "size": "1.24089674", "price": "2936.88000000", "time": "2025-07-12T13:03:03.726916Z", "fetched_at": "2025-07-12T13:04:24.000918+00:00", "symbol": "ETH-USD"}, {"trade_id": 665960517, "side": "buy", "size": "0.00100000", "price": "2937.00000000", "time": "2025-07-12T13:03:03.726916Z", "fetched_at": "2025-07-12T13:04:24.000918+00:00", "symbol": "ETH-USD"}, {"trade_id": 665960516, "side": "buy", "size": "0.15579422", "price": "2937.00000000", "time": "2025-07-12T13:03:03.726916Z", "fetched_at": "2025-07-12T13:04:24.000918+00:00", "symbol": "ETH-USD"}, {"trade_id": 665960515, "side": "buy", "size": "0.00002042", "price": "2937.28000000", "time": "2025-07-12T13:03:03.726916Z", "fetched_at": "2025-07-12T13:04:24.000918+00:00", "symbol": "ETH-USD"}, {"trade_id": 665960514, "side": "buy", "size": "0.02291724", "price": "2937.09000000", "time": "2025-07-12T13:03:03.716342Z", "fetched_at": "2025-07-12T13:04:24.000918+00:00", "symbol": "ETH-USD"}, {"trade_id": 665960513, "side": "buy", "size": "0.18997393", "price": "2937.09000000", "time": "2025-07-12T13:03:03.716342Z", "fetched_at": "2025-07-12T13:04:24.000918+00:00", "symbol": "ETH-USD"}, {"trade_id": 665960512, "side": "buy", "size": "0.09514244", "price": "2937.28000000", "time": "2025-07-12T13:03:03.700630Z", "fetched_at": "2025-07-12T13:04:24.000918+00:00", "symbol": "ETH-USD"}, {"trade_id": 665960511, "side": "sell", "size": "0.00501976", "price": "2937.48000000", "time": "2025-07-12T13:03:03.185830Z", "fetched_at": "2025-07-12T13:04:24.000918+00:00", "symbol": "ETH-USD"}, {"trade_id": 665960510, "side": "sell", "size": "0.00340450", "price": "2937.47000000", "time": "2025-07-12T13:03:03.185830Z", "fetched_at": "2025-07-12T13:04:24.000918+00:00", "symbol": "ETH-USD"}, {"trade_id": 665960509, "side": "sell", "size": "0.00223304", "price": "2937.50000000", "time": "2025-07-12T13:03:01.467549Z", "fetched_at": "2025-07-12T13:04:24.000918+00:00", "symbol": "ETH-USD"}, {"trade_id": 665960508, "side": "buy", "size": "0.00062467", "price": "2937.12000000", "time": "2025-07-12T13:03:01.327239Z", "fetched_at": "2025-07-12T13:04:24.000918+00:00", "symbol": "ETH-USD"}, {"trade_id": 665960507, "side": "sell", "size": "0.14258012", "price": "2937.40000000", "time": "2025-07-12T13:03:01.241620Z", "fetched_at": "2025-07-12T13:04:24.000918+00:00", "symbol": "ETH-USD"}, {"trade_id": 665960506, "side": "sell", "size": "0.01854728", "price": "2937.40000000", "time": "2025-07-12T13:03:01.241620Z", "fetched_at": "2025-07-12T13:04:24.000918+00:00", "symbol": "ETH-USD"}, {"trade_id": 665960505, "side": "sell", "size": "0.30000000", "price": "2937.30000000", "time": "2025-07-12T13:03:01.241620Z", "fetched_at": "2025-07-12T13:04:24.000918+00:00", "symbol": "ETH-USD"}, {"trade_id": 665960504, "side": "sell", "size": "0.00340412", "price": "2937.29000000", "time": "2025-07-12T13:03:01.241620Z", "fetched_at": "2025-07-12T13:04:24.000918+00:00", "symbol": "ETH-USD"}, {"trade_id": 665960503, "side": "buy", "size": "0.59128795", "price": "2937.34000000", "time": "2025-07-12T13:03:00.635051Z", "fetched_at": "2025-07-12T13:04:24.000918+00:00", "symbol": "ETH-USD"}, {"trade_id": 665960502, "side": "buy", "size": "0.01686162", "price": "2937.44000000", "time": "2025-07-12T13:03:00.473765Z", "fetched_at": "2025-07-12T13:04:24.000918+00:00", "symbol": "ETH-USD"}, {"trade_id": 665960501, "side": "buy", "size": "0.00100000", "price": "2937.44000000", "time": "2025-07-12T13:03:00.473765Z", "fetched_at": "2025-07-12T13:04:24.000918+00:00", "symbol": "ETH-USD"}, {"trade_id": 665960500, "side": "buy", "size": "0.00320000", "price": "2937.69000000", "time": "2025-07-12T13:03:00.251340Z", "fetched_at": "2025-07-12T13:04:24.000918+00:00", "symbol": "ETH-USD"}, {"trade_id": 665960499, "side": "buy", "size": "0.43256810", "price": "2937.69000000", "time": "2025-07-12T13:03:00.251340Z", "fetched_at": "2025-07-12T13:04:24.000918+00:00", "symbol": "ETH-USD"}, {"trade_id": 665960498, "side": "buy", "size": "0.04366428", "price": "2937.87000000", "time": "2025-07-12T13:02:59.568375Z", "fetched_at": "2025-07-12T13:04:24.000918+00:00", "symbol": "ETH-USD"}, {"trade_id": 665960497, "side": "buy", "size": "0.00658614", "price": "2937.88000000", "time": "2025-07-12T13:02:59.543357Z", "fetched_at": "2025-07-12T13:04:24.000918+00:00", "symbol": "ETH-USD"}, {"trade_id": 665960496, "side": "buy", "size": "0.64225915", "price": "2937.93000000", "time": "2025-07-12T13:02:59.524955Z", "fetched_at": "2025-07-12T13:04:24.000918+00:00", "symbol": "ETH-USD"}, {"trade_id": 665960495, "side": "buy", "size": "1.91111701", "price": "2937.93000000", "time": "2025-07-12T13:02:59.513356Z", "fetched_at": "2025-07-12T13:04:24.000918+00:00", "symbol": "ETH-USD"}, {"trade_id": 665960494, "side": "sell", "size": "0.00340386", "price": "2937.89000000", "time": "2025-07-12T13:02:59.178651Z", "fetched_at": "2025-07-12T13:04:24.000918+00:00", "symbol": "ETH-USD"}, {"trade_id": 665960493, "side": "sell", "size": "0.00000057", "price": "2937.94000000", "time": "2025-07-12T13:02:59.173542Z", "fetched_at": "2025-07-12T13:04:24.000918+00:00", "symbol": "ETH-USD"}, {"trade_id": 665960492, "side": "sell", "size": "0.00340386", "price": "2937.89000000", "time": "2025-07-12T13:02:59.173542Z", "fetched_at": "2025-07-12T13:04:24.000918+00:00", "symbol": "ETH-USD"}, {"trade_id": 665960491, "side": "sell", "size": "0.00340386", "price": "2937.88000000", "time": "2025-07-12T13:02:58.968280Z", "fetched_at": "2025-07-12T13:04:24.000918+00:00", "symbol": "ETH-USD"}, {"trade_id": 665960490, "side": "sell", "size": "0.00515641", "price": "2938.34000000", "time": "2025-07-12T13:02:58.168899Z", "fetched_at": "2025-07-12T13:04:24.000918+00:00", "symbol": "ETH-USD"}, {"trade_id": 665960489, "side": "sell", "size": "0.00100000", "price": "2938.32000000", "time": "2025-07-12T13:02:58.168899Z", "fetched_at": "2025-07-12T13:04:24.000918+00:00", "symbol": "ETH-USD"}, {"trade_id": 665960488, "side": "sell", "size": "0.00100000", "price": "2938.10000000", "time": "2025-07-12T13:02:58.168899Z", "fetched_at": "2025-07-12T13:04:24.000918+00:00", "symbol": "ETH-USD"}, {"trade_id": 665960487, "side": "sell", "size": "0.00340447", "price": "2937.88000000", "time": "2025-07-12T13:02:58.168899Z", "fetched_at": "2025-07-12T13:04:24.000918+00:00", "symbol": "ETH-USD"}, {"trade_id": 665960486, "side": "sell", "size": "0.00100000", "price": "2937.88000000", "time": "2025-07-12T13:02:58.168899Z", "fetched_at": "2025-07-12T13:04:24.000918+00:00", "symbol": "ETH-USD"}, {"trade_id": 665960485, "side": "sell", "size": "0.00010657", "price": "2937.66000000", "time": "2025-07-12T13:02:57.502217Z", "fetched_at": "2025-07-12T13:04:24.000918+00:00", "symbol": "ETH-USD"}, {"trade_id": 665960484, "side": "sell", "size": "0.00017200", "price": "2937.66000000", "time": "2025-07-12T13:02:57.502217Z", "fetched_at": "2025-07-12T13:04:24.000918+00:00", "symbol": "ETH-USD"}, {"trade_id": 665960483, "side": "sell", "size": "0.00100000", "price": "2937.66000000", "time": "2025-07-12T13:02:57.502217Z", "fetched_at": "2025-07-12T13:04:24.000918+00:00", "symbol": "ETH-USD"}, {"trade_id": 665960482, "side": "sell", "size": "0.30000000", "price": "2937.60000000", "time": "2025-07-12T13:02:57.386120Z", "fetched_at": "2025-07-12T13:04:24.000918+00:00", "symbol": "ETH-USD"}, {"trade_id": 665960481, "side": "sell", "size": "0.00045245", "price": "2937.34000000", "time": "2025-07-12T13:02:57.386120Z", "fetched_at": "2025-07-12T13:04:24.000918+00:00", "symbol": "ETH-USD"}, {"trade_id": 665960480, "side": "sell", "size": "0.00012945", "price": "2937.34000000", "time": "2025-07-12T13:02:57.386120Z", "fetched_at": "2025-07-12T13:04:24.000918+00:00", "symbol": "ETH-USD"}, {"trade_id": 665960479, "side": "sell", "size": "0.00024001", "price": "2937.34000000", "time": "2025-07-12T13:02:57.386120Z", "fetched_at": "2025-07-12T13:04:24.000918+00:00", "symbol": "ETH-USD"}, {"trade_id": 665960478, "side": "sell", "size": "0.00005588", "price": "2937.34000000", "time": "2025-07-12T13:02:57.386120Z", "fetched_at": "2025-07-12T13:04:24.000918+00:00", "symbol": "ETH-USD"}, {"trade_id": 665960477, "side": "sell", "size": "0.00445395", "price": "2937.34000000", "time": "2025-07-12T13:02:57.386120Z", "fetched_at": "2025-07-12T13:04:24.000918+00:00", "symbol": "ETH-USD"}, {"trade_id": 665960476, "side": "buy", "size": "0.03927145", "price": "2937.28000000", "time": "2025-07-12T13:02:57.043243Z", "fetched_at": "2025-07-12T13:04:24.000918+00:00", "symbol": "ETH-USD"}, {"trade_id": 665960475, "side": "buy", "size": "0.00072855", "price": "2937.33000000", "time": "2025-07-12T13:02:57.043243Z", "fetched_at": "2025-07-12T13:04:24.000918+00:00", "symbol": "ETH-USD"}, {"trade_id": 665960474, "side": "sell", "size": "0.00037101", "price": "2937.10000000", "time": "2025-07-12T13:02:55.033206Z", "fetched_at": "2025-07-12T13:04:24.000918+00:00", "symbol": "ETH-USD"}, {"trade_id": 665960473, "side": "sell", "size": "0.00340475", "price": "2937.10000000", "time": "2025-07-12T13:02:55.033206Z", "fetched_at": "2025-07-12T13:04:24.000918+00:00", "symbol": "ETH-USD"}, {"trade_id": 665960472, "side": "sell", "size": "0.00115255", "price": "2937.34000000", "time": "2025-07-12T13:02:53.975084Z", "fetched_at": "2025-07-12T13:04:24.000918+00:00", "symbol": "ETH-USD"}, {"trade_id": 665960471, "side": "sell", "size": "0.00340475", "price": "2937.10000000", "time": "2025-07-12T13:02:53.975084Z", "fetched_at": "2025-07-12T13:04:24.000918+00:00", "symbol": "ETH-USD"}, {"trade_id": 665960470, "side": "buy", "size": "0.01002606", "price": "2937.09000000", "time": "2025-07-12T13:02:53.829842Z", "fetched_at": "2025-07-12T13:04:24.000918+00:00", "symbol": "ETH-USD"}, {"trade_id": 665960469, "side": "buy", "size": "0.00001702", "price": "2937.32000000", "time": "2025-07-12T13:02:53.829842Z", "fetched_at": "2025-07-12T13:04:24.000918+00:00", "symbol": "ETH-USD"}, {"trade_id": 665960468, "side": "buy", "size": "0.00110304", "price": "2937.33000000", "time": "2025-07-12T13:02:52.362838Z", "fetched_at": "2025-07-12T13:04:24.000918+00:00", "symbol": "ETH-USD"}, {"trade_id": 665960467, "side": "buy", "size": "0.06661832", "price": "2937.33000000", "time": "2025-07-12T13:02:52.362838Z", "fetched_at": "2025-07-12T13:04:24.000918+00:00", "symbol": "ETH-USD"}, {"trade_id": 665960466, "side": "sell", "size": "0.00006364", "price": "2937.34000000", "time": "2025-07-12T13:02:51.915656Z", "fetched_at": "2025-07-12T13:04:24.000918+00:00", "symbol": "ETH-USD"}, {"trade_id": 665960465, "side": "buy", "size": "0.00782215", "price": "2937.33000000", "time": "2025-07-12T13:02:51.257467Z", "fetched_at": "2025-07-12T13:04:24.000918+00:00", "symbol": "ETH-USD"}, {"trade_id": 665960464, "side": "sell", "size": "0.59262582", "price": "2937.34000000", "time": "2025-07-12T13:02:51.144876Z", "fetched_at": "2025-07-12T13:04:24.000918+00:00", "symbol": "ETH-USD"}, {"trade_id": 665960463, "side": "sell", "size": "0.00282432", "price": "2937.01000000", "time": "2025-07-12T13:02:51.144876Z", "fetched_at": "2025-07-12T13:04:24.000918+00:00", "symbol": "ETH-USD"}, {"trade_id": 665960462, "side": "buy", "size": "0.00100000", "price": "2937.44000000", "time": "2025-07-12T13:02:50.834672Z", "fetched_at": "2025-07-12T13:04:24.000918+00:00", "symbol": "ETH-USD"}, {"trade_id": 665960461, "side": "buy", "size": "0.00332238", "price": "2937.65000000", "time": "2025-07-12T13:02:50.820511Z", "fetched_at": "2025-07-12T13:04:24.000918+00:00", "symbol": "ETH-USD"}, {"trade_id": 665960460, "side": "buy", "size": "0.23388143", "price": "2937.87000000", "time": "2025-07-12T13:02:50.544508Z", "fetched_at": "2025-07-12T13:04:24.000918+00:00", "symbol": "ETH-USD"}, {"trade_id": 665960459, "side": "buy", "size": "0.01677000", "price": "2937.87000000", "time": "2025-07-12T13:02:50.539728Z", "fetched_at": "2025-07-12T13:04:24.000918+00:00", "symbol": "ETH-USD"}, {"trade_id": 665960458, "side": "sell", "size": "0.19998546", "price": "2937.97000000", "time": "2025-07-12T13:02:49.479501Z", "fetched_at": "2025-07-12T13:04:24.000918+00:00", "symbol": "ETH-USD"}, {"trade_id": 665960457, "side": "sell", "size": "0.01824086", "price": "2937.96000000", "time": "2025-07-12T13:02:49.479501Z", "fetched_at": "2025-07-12T13:04:24.000918+00:00", "symbol": "ETH-USD"}, {"trade_id": 665960456, "side": "sell", "size": "0.68730495", "price": "2937.96000000", "time": "2025-07-12T13:02:49.210504Z", "fetched_at": "2025-07-12T13:04:24.000918+00:00", "symbol": "ETH-USD"}, {"trade_id": 665960455, "side": "sell", "size": "0.00100000", "price": "2937.88000000", "time": "2025-07-12T13:02:49.210504Z", "fetched_at": "2025-07-12T13:04:24.000918+00:00", "symbol": "ETH-USD"}, {"trade_id": 665960454, "side": "sell", "size": "0.00100000", "price": "2937.66000000", "time": "2025-07-12T13:02:49.210504Z", "fetched_at": "2025-07-12T13:04:24.000918+00:00", "symbol": "ETH-USD"}, {"trade_id": 665960453, "side": "sell", "size": "0.19998183", "price": "2937.56000000", "time": "2025-07-12T13:02:48.654593Z", "fetched_at": "2025-07-12T13:04:24.000918+00:00", "symbol": "ETH-USD"}, {"trade_id": 665960452, "side": "sell", "size": "0.32042002", "price": "2937.53000000", "time": "2025-07-12T13:02:48.654593Z", "fetched_at": "2025-07-12T13:04:24.000918+00:00", "symbol": "ETH-USD"}, {"trade_id": 665960451, "side": "sell", "size": "0.00340557", "price": "2937.44000000", "time": "2025-07-12T13:02:48.654593Z", "fetched_at": "2025-07-12T13:04:24.000918+00:00", "symbol": "ETH-USD"}, {"trade_id": 665960450, "side": "sell", "size": "0.00100000", "price": "2937.44000000", "time": "2025-07-12T13:02:48.654593Z", "fetched_at": "2025-07-12T13:04:24.000918+00:00", "symbol": "ETH-USD"}, {"trade_id": 665960449, "side": "sell", "size": "0.00100000", "price": "2937.44000000", "time": "2025-07-12T13:02:48.626257Z", "fetched_at": "2025-07-12T13:04:24.000918+00:00", "symbol": "ETH-USD"}, {"trade_id": 665960448, "side": "sell", "size": "0.19999219", "price": "2937.40000000", "time": "2025-07-12T13:02:48.626257Z", "fetched_at": "2025-07-12T13:04:24.000918+00:00", "symbol": "ETH-USD"}, {"trade_id": 665960447, "side": "sell", "size": "0.00340545", "price": "2937.39000000", "time": "2025-07-12T13:02:48.626257Z", "fetched_at": "2025-07-12T13:04:24.000918+00:00", "symbol": "ETH-USD"}, {"trade_id": 665960446, "side": "sell", "size": "0.00100000", "price": "2937.22000000", "time": "2025-07-12T13:02:48.626257Z", "fetched_at": "2025-07-12T13:04:24.000918+00:00", "symbol": "ETH-USD"}, {"trade_id": 665960445, "side": "sell", "size": "0.00010659", "price": "2937.00000000", "time": "2025-07-12T13:02:48.626257Z", "fetched_at": "2025-07-12T13:04:24.000918+00:00", "symbol": "ETH-USD"}, {"trade_id": 665960444, "side": "sell", "size": "0.00100000", "price": "2937.00000000", "time": "2025-07-12T13:02:48.626257Z", "fetched_at": "2025-07-12T13:04:24.000918+00:00", "symbol": "ETH-USD"}, {"trade_id": 665960443, "side": "sell", "size": "0.00030000", "price": "2936.97000000", "time": "2025-07-12T13:02:48.626257Z", "fetched_at": "2025-07-12T13:04:24.000918+00:00", "symbol": "ETH-USD"}, {"trade_id": 665960442, "side": "sell", "size": "0.30000000", "price": "2936.70000000", "time": "2025-07-12T13:02:48.192171Z", "fetched_at": "2025-07-12T13:04:24.000918+00:00", "symbol": "ETH-USD"}, {"trade_id": 665960441, "side": "sell", "size": "0.00024001", "price": "2936.62000000", "time": "2025-07-12T13:02:48.184238Z", "fetched_at": "2025-07-12T13:04:24.000918+00:00", "symbol": "ETH-USD"}, {"trade_id": 665960440, "side": "sell", "size": "0.00005589", "price": "2936.62000000", "time": "2025-07-12T13:02:48.184238Z", "fetched_at": "2025-07-12T13:04:24.000918+00:00", "symbol": "ETH-USD"}, {"trade_id": 665960439, "side": "sell", "size": "0.30000000", "price": "2936.60000000", "time": "2025-07-12T13:02:48.184238Z", "fetched_at": "2025-07-12T13:04:24.000918+00:00", "symbol": "ETH-USD"}, {"trade_id": 665960438, "side": "sell", "size": "0.00340545", "price": "2936.59000000", "time": "2025-07-12T13:02:48.184238Z", "fetched_at": "2025-07-12T13:04:24.000918+00:00", "symbol": "ETH-USD"}, {"trade_id": 665960437, "side": "buy", "size": "0.00418868", "price": "2936.48000000", "time": "2025-07-12T13:02:47.154925Z", "fetched_at": "2025-07-12T13:04:24.000918+00:00", "symbol": "ETH-USD"}, {"trade_id": 665960436, "side": "buy", "size": "0.00000340", "price": "2936.48000000", "time": "2025-07-12T13:02:47.154925Z", "fetched_at": "2025-07-12T13:04:24.000918+00:00", "symbol": "ETH-USD"}, {"trade_id": 665960435, "side": "buy", "size": "0.00718544", "price": "2936.49000000", "time": "2025-07-12T13:02:47.154925Z", "fetched_at": "2025-07-12T13:04:24.000918+00:00", "symbol": "ETH-USD"}, {"trade_id": 665960434, "side": "sell", "size": "0.46731847", "price": "2936.97000000", "time": "2025-07-12T13:02:46.702750Z", "fetched_at": "2025-07-12T13:04:24.000918+00:00", "symbol": "ETH-USD"}, {"trade_id": 665960433, "side": "sell", "size": "0.10174979", "price": "2936.96000000", "time": "2025-07-12T13:02:46.702750Z", "fetched_at": "2025-07-12T13:04:24.000918+00:00", "symbol": "ETH-USD"}, {"trade_id": 665960432, "side": "sell", "size": "0.24269000", "price": "2936.89000000", "time": "2025-07-12T13:02:46.702750Z", "fetched_at": "2025-07-12T13:04:24.000918+00:00", "symbol": "ETH-USD"}, {"trade_id": 665960431, "side": "sell", "size": "0.85125581", "price": "2936.84000000", "time": "2025-07-12T13:02:46.702750Z", "fetched_at": "2025-07-12T13:04:24.000918+00:00", "symbol": "ETH-USD"}, {"trade_id": 665960430, "side": "sell", "size": "0.51075349", "price": "2936.83000000", "time": "2025-07-12T13:02:46.702750Z", "fetched_at": "2025-07-12T13:04:24.000918+00:00", "symbol": "ETH-USD"}, {"trade_id": 665960429, "side": "sell", "size": "0.18240103", "price": "2936.83000000", "time": "2025-07-12T13:02:46.702750Z", "fetched_at": "2025-07-12T13:04:24.000918+00:00", "symbol": "ETH-USD"}, {"trade_id": 665960428, "side": "sell", "size": "0.00340507", "price": "2936.82000000", "time": "2025-07-12T13:02:46.702750Z", "fetched_at": "2025-07-12T13:04:24.000918+00:00", "symbol": "ETH-USD"}, {"trade_id": 665960427, "side": "sell", "size": "0.05482193", "price": "2936.98000000", "time": "2025-07-12T13:02:46.099973Z", "fetched_at": "2025-07-12T13:04:24.000918+00:00", "symbol": "ETH-USD"}, {"trade_id": 665960426, "side": "sell", "size": "0.00012077", "price": "2936.95000000", "time": "2025-07-12T13:02:46.099973Z", "fetched_at": "2025-07-12T13:04:24.000918+00:00", "symbol": "ETH-USD"}, {"trade_id": 665960425, "side": "sell", "size": "0.15449596", "price": "2936.94000000", "time": "2025-07-12T13:02:46.099973Z", "fetched_at": "2025-07-12T13:04:24.000918+00:00", "symbol": "ETH-USD"}, {"trade_id": 665960424, "side": "sell", "size": "0.00340507", "price": "2936.93000000", "time": "2025-07-12T13:02:46.099973Z", "fetched_at": "2025-07-12T13:04:24.000918+00:00", "symbol": "ETH-USD"}, {"trade_id": 665960423, "side": "buy", "size": "0.08258554", "price": "2936.99000000", "time": "2025-07-12T13:02:44.709079Z", "fetched_at": "2025-07-12T13:04:24.000918+00:00", "symbol": "ETH-USD"}, {"trade_id": 665960422, "side": "buy", "size": "0.57982223", "price": "2936.68000000", "time": "2025-07-12T13:02:44.510733Z", "fetched_at": "2025-07-12T13:04:24.000918+00:00", "symbol": "ETH-USD"}, {"trade_id": 665960421, "side": "buy", "size": "0.15000000", "price": "2936.69000000", "time": "2025-07-12T13:02:44.510733Z", "fetched_at": "2025-07-12T13:04:24.000918+00:00", "symbol": "ETH-USD"}, {"trade_id": 665960420, "side": "buy", "size": "0.10307000", "price": "2936.96000000", "time": "2025-07-12T13:02:44.510733Z", "fetched_at": "2025-07-12T13:04:24.000918+00:00", "symbol": "ETH-USD"}, {"trade_id": 665960419, "side": "sell", "size": "0.00209717", "price": "2936.97000000", "time": "2025-07-12T13:02:43.644808Z", "fetched_at": "2025-07-12T13:04:24.000918+00:00", "symbol": "ETH-USD"}, {"trade_id": 665960418, "side": "buy", "size": "0.06693000", "price": "2936.68000000", "time": "2025-07-12T13:02:43.619641Z", "fetched_at": "2025-07-12T13:04:24.000918+00:00", "symbol": "ETH-USD"}, {"trade_id": 665960417, "side": "buy", "size": "0.10307000", "price": "2936.97000000", "time": "2025-07-12T13:02:43.619641Z", "fetched_at": "2025-07-12T13:04:24.000918+00:00", "symbol": "ETH-USD"}, {"trade_id": 665960416, "side": "buy", "size": "0.00040000", "price": "2936.60000000", "time": "2025-07-12T13:02:43.114479Z", "fetched_at": "2025-07-12T13:04:24.000918+00:00", "symbol": "ETH-USD"}, {"trade_id": 665960415, "side": "buy", "size": "0.01760879", "price": "2936.60000000", "time": "2025-07-12T13:02:43.114479Z", "fetched_at": "2025-07-12T13:04:24.000918+00:00", "symbol": "ETH-USD"}, {"trade_id": 665960414, "side": "buy", "size": "0.01472110", "price": "2936.60000000", "time": "2025-07-12T13:02:43.114479Z", "fetched_at": "2025-07-12T13:04:24.000918+00:00", "symbol": "ETH-USD"}, {"trade_id": 665960413, "side": "sell", "size": "0.16174412", "price": "2936.61000000", "time": "2025-07-12T13:02:43.007166Z", "fetched_at": "2025-07-12T13:04:24.000918+00:00", "symbol": "ETH-USD"}, {"trade_id": 665960412, "side": "sell", "size": "0.00024003", "price": "2936.61000000", "time": "2025-07-12T13:02:43.007166Z", "fetched_at": "2025-07-12T13:04:24.000918+00:00", "symbol": "ETH-USD"}, {"trade_id": 665960411, "side": "sell", "size": "0.00005588", "price": "2936.61000000", "time": "2025-07-12T13:02:43.007166Z", "fetched_at": "2025-07-12T13:04:24.000918+00:00", "symbol": "ETH-USD"}, {"trade_id": 665960410, "side": "sell", "size": "0.00340501", "price": "2936.61000000", "time": "2025-07-12T13:02:43.007166Z", "fetched_at": "2025-07-12T13:04:24.000918+00:00", "symbol": "ETH-USD"}, {"trade_id": 665960409, "side": "sell", "size": "0.00207317", "price": "2936.91000000", "time": "2025-07-12T13:02:41.646728Z", "fetched_at": "2025-07-12T13:04:24.000918+00:00", "symbol": "ETH-USD"}, {"trade_id": 665960408, "side": "sell", "size": "0.00340516", "price": "2936.73000000", "time": "2025-07-12T13:02:41.646728Z", "fetched_at": "2025-07-12T13:04:24.000918+00:00", "symbol": "ETH-USD"}, {"trade_id": 665960407, "side": "buy", "size": "0.00600000", "price": "2936.88000000", "time": "2025-07-12T13:02:41.379440Z", "fetched_at": "2025-07-12T13:04:24.000918+00:00", "symbol": "ETH-USD"}, {"trade_id": 665960406, "side": "buy", "size": "0.01677000", "price": "2936.99000000", "time": "2025-07-12T13:02:41.368009Z", "fetched_at": "2025-07-12T13:04:24.000918+00:00", "symbol": "ETH-USD"}, {"trade_id": 665960405, "side": "sell", "size": "0.03830000", "price": "2936.90000000", "time": "2025-07-12T13:02:41.333090Z", "fetched_at": "2025-07-12T13:04:24.000918+00:00", "symbol": "ETH-USD"}, {"trade_id": 665960404, "side": "sell", "size": "0.26169180", "price": "2936.90000000", "time": "2025-07-12T13:02:41.333090Z", "fetched_at": "2025-07-12T13:04:24.000918+00:00", "symbol": "ETH-USD"}, {"trade_id": 665960403, "side": "sell", "size": "0.00030999", "price": "2936.89000000", "time": "2025-07-12T13:02:41.333090Z", "fetched_at": "2025-07-12T13:04:24.000918+00:00", "symbol": "ETH-USD"}, {"trade_id": 665960402, "side": "sell", "size": "0.00340546", "price": "2936.89000000", "time": "2025-07-12T13:02:41.333090Z", "fetched_at": "2025-07-12T13:04:24.000918+00:00", "symbol": "ETH-USD"}, {"trade_id": 665960401, "side": "sell", "size": "0.00008921", "price": "2936.89000000", "time": "2025-07-12T13:02:41.333090Z", "fetched_at": "2025-07-12T13:04:24.000918+00:00", "symbol": "ETH-USD"}, {"trade_id": 665960400, "side": "sell", "size": "0.03830820", "price": "2936.90000000", "time": "2025-07-12T13:02:40.122339Z", "fetched_at": "2025-07-12T13:04:24.000918+00:00", "symbol": "ETH-USD"}, {"trade_id": 665960399, "side": "sell", "size": "0.00017037", "price": "2936.90000000", "time": "2025-07-12T13:02:40.122339Z", "fetched_at": "2025-07-12T13:04:24.000918+00:00", "symbol": "ETH-USD"}, {"trade_id": 665960398, "side": "sell", "size": "0.00043685", "price": "2936.90000000", "time": "2025-07-12T13:02:40.122339Z", "fetched_at": "2025-07-12T13:04:24.000918+00:00", "symbol": "ETH-USD"}, {"trade_id": 665960397, "side": "sell", "size": "0.00340545", "price": "2936.89000000", "time": "2025-07-12T13:02:40.122339Z", "fetched_at": "2025-07-12T13:04:24.000918+00:00", "symbol": "ETH-USD"}, {"trade_id": 665960396, "side": "sell", "size": "0.00007320", "price": "2936.96000000", "time": "2025-07-12T13:02:39.510066Z", "fetched_at": "2025-07-12T13:04:24.000918+00:00", "symbol": "ETH-USD"}, {"trade_id": 665960395, "side": "sell", "size": "0.00003691", "price": "2936.92000000", "time": "2025-07-12T13:02:39.510066Z", "fetched_at": "2025-07-12T13:04:24.000918+00:00", "symbol": "ETH-USD"}, {"trade_id": 665960394, "side": "sell", "size": "0.00018317", "price": "2936.92000000", "time": "2025-07-12T13:02:39.510066Z", "fetched_at": "2025-07-12T13:04:24.000918+00:00", "symbol": "ETH-USD"}, {"trade_id": 665960393, "side": "sell", "size": "0.00024001", "price": "2936.90000000", "time": "2025-07-12T13:02:39.510066Z", "fetched_at": "2025-07-12T13:04:24.000918+00:00", "symbol": "ETH-USD"}, {"trade_id": 665960392, "side": "sell", "size": "0.00005589", "price": "2936.90000000", "time": "2025-07-12T13:02:39.510066Z", "fetched_at": "2025-07-12T13:04:24.000918+00:00", "symbol": "ETH-USD"}, {"trade_id": 665960391, "side": "sell", "size": "0.09412000", "price": "2936.50000000", "time": "2025-07-12T13:02:38.837936Z", "fetched_at": "2025-07-12T13:04:24.000918+00:00", "symbol": "ETH-USD"}, {"trade_id": 665960390, "side": "sell", "size": "0.20588000", "price": "2936.50000000", "time": "2025-07-12T13:02:38.837936Z", "fetched_at": "2025-07-12T13:04:24.000918+00:00", "symbol": "ETH-USD"}, {"trade_id": 665960389, "side": "sell", "size": "0.00340510", "price": "2936.49000000", "time": "2025-07-12T13:02:38.837936Z", "fetched_at": "2025-07-12T13:04:24.000918+00:00", "symbol": "ETH-USD"}, {"trade_id": 665960388, "side": "buy", "size": "0.04836869", "price": "2936.61000000", "time": "2025-07-12T13:02:37.621382Z", "fetched_at": "2025-07-12T13:04:24.000918+00:00", "symbol": "ETH-USD"}, {"trade_id": 665960387, "side": "buy", "size": "0.52352268", "price": "2936.62000000", "time": "2025-07-12T13:02:37.174326Z", "fetched_at": "2025-07-12T13:04:24.000918+00:00", "symbol": "ETH-USD"}, {"trade_id": 665960386, "side": "buy", "size": "0.15000000", "price": "2936.63000000", "time": "2025-07-12T13:02:37.174326Z", "fetched_at": "2025-07-12T13:04:24.000918+00:00", "symbol": "ETH-USD"}, {"trade_id": 665960385, "side": "buy", "size": "0.21629473", "price": "2936.72000000", "time": "2025-07-12T13:02:37.174326Z", "fetched_at": "2025-07-12T13:04:24.000918+00:00", "symbol": "ETH-USD"}, {"trade_id": 665960384, "side": "buy", "size": "0.00718447", "price": "2936.89000000", "time": "2025-07-12T13:02:37.174326Z", "fetched_at": "2025-07-12T13:04:24.000918+00:00", "symbol": "ETH-USD"}, {"trade_id": 665960383, "side": "buy", "size": "0.10307000", "price": "2936.89000000", "time": "2025-07-12T13:02:37.174326Z", "fetched_at": "2025-07-12T13:04:24.000918+00:00", "symbol": "ETH-USD"}, {"trade_id": 665960382, "side": "buy", "size": "0.20683742", "price": "2936.72000000", "time": "2025-07-12T13:02:37.132985Z", "fetched_at": "2025-07-12T13:04:24.000918+00:00", "symbol": "ETH-USD"}