[{"trade_id": 666028054, "side": "sell", "size": "0.17051461", "price": "2932.30000000", "time": "2025-07-12T16:39:29.904346Z", "fetched_at": "2025-07-12T16:39:33.693668+00:00", "symbol": "ETH-USD"}, {"trade_id": 666028053, "side": "sell", "size": "0.47795657", "price": "2932.25000000", "time": "2025-07-12T16:39:29.904346Z", "fetched_at": "2025-07-12T16:39:33.693668+00:00", "symbol": "ETH-USD"}, {"trade_id": 666028052, "side": "buy", "size": "0.00341027", "price": "2932.32000000", "time": "2025-07-12T16:39:29.111379Z", "fetched_at": "2025-07-12T16:39:33.693668+00:00", "symbol": "ETH-USD"}, {"trade_id": 666028051, "side": "buy", "size": "0.01694562", "price": "2932.32000000", "time": "2025-07-12T16:39:29.111379Z", "fetched_at": "2025-07-12T16:39:33.693668+00:00", "symbol": "ETH-USD"}, {"trade_id": 666028050, "side": "buy", "size": "0.04426529", "price": "2932.32000000", "time": "2025-07-12T16:39:29.111379Z", "fetched_at": "2025-07-12T16:39:33.693668+00:00", "symbol": "ETH-USD"}, {"trade_id": 666028049, "side": "buy", "size": "0.00161305", "price": "2932.32000000", "time": "2025-07-12T16:39:29.111379Z", "fetched_at": "2025-07-12T16:39:33.693668+00:00", "symbol": "ETH-USD"}, {"trade_id": 666028048, "side": "buy", "size": "0.00152780", "price": "2932.32000000", "time": "2025-07-12T16:39:29.111379Z", "fetched_at": "2025-07-12T16:39:33.693668+00:00", "symbol": "ETH-USD"}, {"trade_id": 666028047, "side": "sell", "size": "0.03447622", "price": "2932.38000000", "time": "2025-07-12T16:39:26.253879Z", "fetched_at": "2025-07-12T16:39:33.693668+00:00", "symbol": "ETH-USD"}, {"trade_id": 666028046, "side": "sell", "size": "0.03375993", "price": "2932.39000000", "time": "2025-07-12T16:39:25.616744Z", "fetched_at": "2025-07-12T16:39:33.693668+00:00", "symbol": "ETH-USD"}, {"trade_id": 666028045, "side": "sell", "size": "0.00026417", "price": "2932.39000000", "time": "2025-07-12T16:39:24.914606Z", "fetched_at": "2025-07-12T16:39:33.693668+00:00", "symbol": "ETH-USD"}, {"trade_id": 666028044, "side": "buy", "size": "0.00100000", "price": "2932.38000000", "time": "2025-07-12T16:39:20.890873Z", "fetched_at": "2025-07-12T16:39:33.693668+00:00", "symbol": "ETH-USD"}, {"trade_id": 666028043, "side": "buy", "size": "0.00015498", "price": "2932.47000000", "time": "2025-07-12T16:39:20.890873Z", "fetched_at": "2025-07-12T16:39:33.693668+00:00", "symbol": "ETH-USD"}, {"trade_id": 666028042, "side": "buy", "size": "0.05943571", "price": "2932.58000000", "time": "2025-07-12T16:39:20.829425Z", "fetched_at": "2025-07-12T16:39:33.693668+00:00", "symbol": "ETH-USD"}, {"trade_id": 666028041, "side": "buy", "size": "0.09989000", "price": "2932.92000000", "time": "2025-07-12T16:39:16.258617Z", "fetched_at": "2025-07-12T16:39:33.693668+00:00", "symbol": "ETH-USD"}, {"trade_id": 666028040, "side": "sell", "size": "0.00101133", "price": "2932.58000000", "time": "2025-07-12T16:39:15.370755Z", "fetched_at": "2025-07-12T16:39:33.693668+00:00", "symbol": "ETH-USD"}, {"trade_id": 666028039, "side": "sell", "size": "0.03666494", "price": "2932.61000000", "time": "2025-07-12T16:39:11.546343Z", "fetched_at": "2025-07-12T16:39:33.693668+00:00", "symbol": "ETH-USD"}, {"trade_id": 666028038, "side": "sell", "size": "0.00082583", "price": "2932.61000000", "time": "2025-07-12T16:39:11.546343Z", "fetched_at": "2025-07-12T16:39:33.693668+00:00", "symbol": "ETH-USD"}, {"trade_id": 666028037, "side": "buy", "size": "0.00340995", "price": "2932.60000000", "time": "2025-07-12T16:39:09.930557Z", "fetched_at": "2025-07-12T16:39:33.693668+00:00", "symbol": "ETH-USD"}, {"trade_id": 666028036, "side": "buy", "size": "0.22046655", "price": "2932.60000000", "time": "2025-07-12T16:39:09.930557Z", "fetched_at": "2025-07-12T16:39:33.693668+00:00", "symbol": "ETH-USD"}, {"trade_id": 666028035, "side": "buy", "size": "0.08577160", "price": "2932.60000000", "time": "2025-07-12T16:39:09.928526Z", "fetched_at": "2025-07-12T16:39:33.693668+00:00", "symbol": "ETH-USD"}, {"trade_id": 666028034, "side": "buy", "size": "0.00422773", "price": "2932.60000000", "time": "2025-07-12T16:39:08.872978Z", "fetched_at": "2025-07-12T16:39:33.693668+00:00", "symbol": "ETH-USD"}, {"trade_id": 666028033, "side": "buy", "size": "0.00100000", "price": "2932.60000000", "time": "2025-07-12T16:39:08.872978Z", "fetched_at": "2025-07-12T16:39:33.693668+00:00", "symbol": "ETH-USD"}, {"trade_id": 666028032, "side": "sell", "size": "0.54312380", "price": "2932.81000000", "time": "2025-07-12T16:39:07.879321Z", "fetched_at": "2025-07-12T16:39:33.693668+00:00", "symbol": "ETH-USD"}, {"trade_id": 666028031, "side": "sell", "size": "0.08466856", "price": "2932.80000000", "time": "2025-07-12T16:39:07.879321Z", "fetched_at": "2025-07-12T16:39:33.693668+00:00", "symbol": "ETH-USD"}, {"trade_id": 666028030, "side": "sell", "size": "0.17048961", "price": "2932.73000000", "time": "2025-07-12T16:39:07.879321Z", "fetched_at": "2025-07-12T16:39:33.693668+00:00", "symbol": "ETH-USD"}, {"trade_id": 666028029, "side": "sell", "size": "0.00081420", "price": "2932.72000000", "time": "2025-07-12T16:39:07.879321Z", "fetched_at": "2025-07-12T16:39:33.693668+00:00", "symbol": "ETH-USD"}, {"trade_id": 666028028, "side": "sell", "size": "0.00000107", "price": "2932.78000000", "time": "2025-07-12T16:39:07.592270Z", "fetched_at": "2025-07-12T16:39:33.693668+00:00", "symbol": "ETH-USD"}, {"trade_id": 666028027, "side": "buy", "size": "0.03071488", "price": "2932.96000000", "time": "2025-07-12T16:39:07.242799Z", "fetched_at": "2025-07-12T16:39:33.693668+00:00", "symbol": "ETH-USD"}, {"trade_id": 666028026, "side": "buy", "size": "0.02402351", "price": "2932.96000000", "time": "2025-07-12T16:39:07.242799Z", "fetched_at": "2025-07-12T16:39:33.693668+00:00", "symbol": "ETH-USD"}, {"trade_id": 666028025, "side": "buy", "size": "0.02922352", "price": "2932.96000000", "time": "2025-07-12T16:39:07.242799Z", "fetched_at": "2025-07-12T16:39:33.693668+00:00", "symbol": "ETH-USD"}, {"trade_id": 666028024, "side": "buy", "size": "0.00434999", "price": "2932.96000000", "time": "2025-07-12T16:39:06.175118Z", "fetched_at": "2025-07-12T16:39:33.693668+00:00", "symbol": "ETH-USD"}, {"trade_id": 666028023, "side": "buy", "size": "0.04133034", "price": "2932.96000000", "time": "2025-07-12T16:39:05.346159Z", "fetched_at": "2025-07-12T16:39:33.693668+00:00", "symbol": "ETH-USD"}, {"trade_id": 666028022, "side": "sell", "size": "0.00212529", "price": "2932.97000000", "time": "2025-07-12T16:39:04.235240Z", "fetched_at": "2025-07-12T16:39:33.693668+00:00", "symbol": "ETH-USD"}, {"trade_id": 666028021, "side": "sell", "size": "0.00273996", "price": "2932.97000000", "time": "2025-07-12T16:39:04.235240Z", "fetched_at": "2025-07-12T16:39:33.693668+00:00", "symbol": "ETH-USD"}, {"trade_id": 666028020, "side": "sell", "size": "0.00010334", "price": "2932.97000000", "time": "2025-07-12T16:39:04.235240Z", "fetched_at": "2025-07-12T16:39:33.693668+00:00", "symbol": "ETH-USD"}, {"trade_id": 666028019, "side": "sell", "size": "0.06956726", "price": "2932.97000000", "time": "2025-07-12T16:39:02.157836Z", "fetched_at": "2025-07-12T16:39:33.693668+00:00", "symbol": "ETH-USD"}, {"trade_id": 666028018, "side": "sell", "size": "0.00288327", "price": "2932.97000000", "time": "2025-07-12T16:39:02.157836Z", "fetched_at": "2025-07-12T16:39:33.693668+00:00", "symbol": "ETH-USD"}, {"trade_id": 666028017, "side": "sell", "size": "0.02234352", "price": "2933.09000000", "time": "2025-07-12T16:39:00.600780Z", "fetched_at": "2025-07-12T16:39:33.693668+00:00", "symbol": "ETH-USD"}, {"trade_id": 666028016, "side": "sell", "size": "0.00279933", "price": "2933.08000000", "time": "2025-07-12T16:39:00.600780Z", "fetched_at": "2025-07-12T16:39:33.693668+00:00", "symbol": "ETH-USD"}, {"trade_id": 666028015, "side": "sell", "size": "0.00059547", "price": "2932.97000000", "time": "2025-07-12T16:39:00.600780Z", "fetched_at": "2025-07-12T16:39:33.693668+00:00", "symbol": "ETH-USD"}, {"trade_id": 666028014, "side": "sell", "size": "0.00119095", "price": "2932.97000000", "time": "2025-07-12T16:39:00.600780Z", "fetched_at": "2025-07-12T16:39:33.693668+00:00", "symbol": "ETH-USD"}, {"trade_id": 666028013, "side": "sell", "size": "0.00034374", "price": "2932.97000000", "time": "2025-07-12T16:39:00.600780Z", "fetched_at": "2025-07-12T16:39:33.693668+00:00", "symbol": "ETH-USD"}, {"trade_id": 666028012, "side": "sell", "size": "0.00238189", "price": "2932.97000000", "time": "2025-07-12T16:39:00.600780Z", "fetched_at": "2025-07-12T16:39:33.693668+00:00", "symbol": "ETH-USD"}, {"trade_id": 666028011, "side": "sell", "size": "0.00147536", "price": "2932.97000000", "time": "2025-07-12T16:39:00.600780Z", "fetched_at": "2025-07-12T16:39:33.693668+00:00", "symbol": "ETH-USD"}, {"trade_id": 666028010, "side": "sell", "size": "0.00190514", "price": "2932.97000000", "time": "2025-07-12T16:39:00.600780Z", "fetched_at": "2025-07-12T16:39:33.693668+00:00", "symbol": "ETH-USD"}, {"trade_id": 666028009, "side": "sell", "size": "0.00010335", "price": "2932.97000000", "time": "2025-07-12T16:39:00.600780Z", "fetched_at": "2025-07-12T16:39:33.693668+00:00", "symbol": "ETH-USD"}, {"trade_id": 666028008, "side": "buy", "size": "0.06141090", "price": "2932.96000000", "time": "2025-07-12T16:38:58.217397Z", "fetched_at": "2025-07-12T16:39:33.693668+00:00", "symbol": "ETH-USD"}, {"trade_id": 666028007, "side": "buy", "size": "0.04685591", "price": "2932.96000000", "time": "2025-07-12T16:38:58.217397Z", "fetched_at": "2025-07-12T16:39:33.693668+00:00", "symbol": "ETH-USD"}, {"trade_id": 666028006, "side": "sell", "size": "0.28266401", "price": "2933.14000000", "time": "2025-07-12T16:38:56.924352Z", "fetched_at": "2025-07-12T16:39:33.693668+00:00", "symbol": "ETH-USD"}, {"trade_id": 666028005, "side": "sell", "size": "0.56481052", "price": "2933.13000000", "time": "2025-07-12T16:38:56.924352Z", "fetched_at": "2025-07-12T16:39:33.693668+00:00", "symbol": "ETH-USD"}, {"trade_id": 666028004, "side": "sell", "size": "0.17046800", "price": "2933.11000000", "time": "2025-07-12T16:38:56.924352Z", "fetched_at": "2025-07-12T16:39:33.693668+00:00", "symbol": "ETH-USD"}, {"trade_id": 666028003, "side": "sell", "size": "0.00052216", "price": "2933.04000000", "time": "2025-07-12T16:38:56.924352Z", "fetched_at": "2025-07-12T16:39:33.693668+00:00", "symbol": "ETH-USD"}, {"trade_id": 666028002, "side": "sell", "size": "0.00040425", "price": "2933.04000000", "time": "2025-07-12T16:38:56.924352Z", "fetched_at": "2025-07-12T16:39:33.693668+00:00", "symbol": "ETH-USD"}, {"trade_id": 666028001, "side": "sell", "size": "0.00009413", "price": "2933.04000000", "time": "2025-07-12T16:38:56.924352Z", "fetched_at": "2025-07-12T16:39:33.693668+00:00", "symbol": "ETH-USD"}, {"trade_id": 666028000, "side": "sell", "size": "0.00100000", "price": "2933.04000000", "time": "2025-07-12T16:38:56.924352Z", "fetched_at": "2025-07-12T16:39:33.693668+00:00", "symbol": "ETH-USD"}, {"trade_id": 666027999, "side": "sell", "size": "0.00041342", "price": "2933.03000000", "time": "2025-07-12T16:38:56.924352Z", "fetched_at": "2025-07-12T16:39:33.693668+00:00", "symbol": "ETH-USD"}, {"trade_id": 666027998, "side": "sell", "size": "0.00231110", "price": "2933.03000000", "time": "2025-07-12T16:38:56.924352Z", "fetched_at": "2025-07-12T16:39:33.693668+00:00", "symbol": "ETH-USD"}, {"trade_id": 666027997, "side": "sell", "size": "0.00296402", "price": "2932.95000000", "time": "2025-07-12T16:38:56.924352Z", "fetched_at": "2025-07-12T16:39:33.693668+00:00", "symbol": "ETH-USD"}, {"trade_id": 666027996, "side": "sell", "size": "0.03476378", "price": "2932.95000000", "time": "2025-07-12T16:38:56.924352Z", "fetched_at": "2025-07-12T16:39:33.693668+00:00", "symbol": "ETH-USD"}, {"trade_id": 666027995, "side": "buy", "size": "0.01023028", "price": "2932.94000000", "time": "2025-07-12T16:38:55.665072Z", "fetched_at": "2025-07-12T16:39:33.693668+00:00", "symbol": "ETH-USD"}, {"trade_id": 666027994, "side": "sell", "size": "0.00044805", "price": "2932.95000000", "time": "2025-07-12T16:38:55.442049Z", "fetched_at": "2025-07-12T16:39:33.693668+00:00", "symbol": "ETH-USD"}, {"trade_id": 666027993, "side": "sell", "size": "0.00115555", "price": "2932.95000000", "time": "2025-07-12T16:38:55.442049Z", "fetched_at": "2025-07-12T16:39:33.693668+00:00", "symbol": "ETH-USD"}, {"trade_id": 666027992, "side": "sell", "size": "0.00894638", "price": "2932.95000000", "time": "2025-07-12T16:38:55.346955Z", "fetched_at": "2025-07-12T16:39:33.693668+00:00", "symbol": "ETH-USD"}, {"trade_id": 666027991, "side": "sell", "size": "0.01012798", "price": "2932.95000000", "time": "2025-07-12T16:38:54.770023Z", "fetched_at": "2025-07-12T16:39:33.693668+00:00", "symbol": "ETH-USD"}, {"trade_id": 666027990, "side": "sell", "size": "0.00662708", "price": "2932.95000000", "time": "2025-07-12T16:38:54.727401Z", "fetched_at": "2025-07-12T16:39:33.693668+00:00", "symbol": "ETH-USD"}, {"trade_id": 666027989, "side": "sell", "size": "0.00168800", "price": "2932.95000000", "time": "2025-07-12T16:38:54.420618Z", "fetched_at": "2025-07-12T16:39:33.693668+00:00", "symbol": "ETH-USD"}, {"trade_id": 666027988, "side": "sell", "size": "0.04763706", "price": "2933.03000000", "time": "2025-07-12T16:38:53.821360Z", "fetched_at": "2025-07-12T16:39:33.693668+00:00", "symbol": "ETH-USD"}, {"trade_id": 666027987, "side": "sell", "size": "0.00236294", "price": "2933.03000000", "time": "2025-07-12T16:38:53.821360Z", "fetched_at": "2025-07-12T16:39:33.693668+00:00", "symbol": "ETH-USD"}, {"trade_id": 666027986, "side": "buy", "size": "0.04347514", "price": "2932.87000000", "time": "2025-07-12T16:38:52.999896Z", "fetched_at": "2025-07-12T16:39:33.693668+00:00", "symbol": "ETH-USD"}, {"trade_id": 666027985, "side": "buy", "size": "0.00340956", "price": "2932.93000000", "time": "2025-07-12T16:38:52.999896Z", "fetched_at": "2025-07-12T16:39:33.693668+00:00", "symbol": "ETH-USD"}, {"trade_id": 666027984, "side": "buy", "size": "0.09989000", "price": "2933.03000000", "time": "2025-07-12T16:38:52.999896Z", "fetched_at": "2025-07-12T16:39:33.693668+00:00", "symbol": "ETH-USD"}, {"trade_id": 666027983, "side": "buy", "size": "0.02647000", "price": "2932.49000000", "time": "2025-07-12T16:38:52.819541Z", "fetched_at": "2025-07-12T16:39:33.693668+00:00", "symbol": "ETH-USD"}, {"trade_id": 666027982, "side": "buy", "size": "0.27179000", "price": "2932.54000000", "time": "2025-07-12T16:38:52.819541Z", "fetched_at": "2025-07-12T16:39:33.693668+00:00", "symbol": "ETH-USD"}, {"trade_id": 666027981, "side": "buy", "size": "0.09989000", "price": "2932.85000000", "time": "2025-07-12T16:38:52.819541Z", "fetched_at": "2025-07-12T16:39:33.693668+00:00", "symbol": "ETH-USD"}, {"trade_id": 666027980, "side": "buy", "size": "0.10098000", "price": "2932.85000000", "time": "2025-07-12T16:38:52.819541Z", "fetched_at": "2025-07-12T16:39:33.693668+00:00", "symbol": "ETH-USD"}, {"trade_id": 666027979, "side": "buy", "size": "0.10098000", "price": "2932.94000000", "time": "2025-07-12T16:38:52.819541Z", "fetched_at": "2025-07-12T16:39:33.693668+00:00", "symbol": "ETH-USD"}, {"trade_id": 666027978, "side": "buy", "size": "0.09989000", "price": "2932.94000000", "time": "2025-07-12T16:38:52.819541Z", "fetched_at": "2025-07-12T16:39:33.693668+00:00", "symbol": "ETH-USD"}, {"trade_id": 666027977, "side": "sell", "size": "0.00236294", "price": "2932.86000000", "time": "2025-07-12T16:38:52.813525Z", "fetched_at": "2025-07-12T16:39:33.693668+00:00", "symbol": "ETH-USD"}, {"trade_id": 666027976, "side": "sell", "size": "0.00100000", "price": "2932.82000000", "time": "2025-07-12T16:38:52.813525Z", "fetched_at": "2025-07-12T16:39:33.693668+00:00", "symbol": "ETH-USD"}, {"trade_id": 666027975, "side": "sell", "size": "0.00010334", "price": "2932.50000000", "time": "2025-07-12T16:38:52.813525Z", "fetched_at": "2025-07-12T16:39:33.693668+00:00", "symbol": "ETH-USD"}, {"trade_id": 666027974, "side": "sell", "size": "0.00226740", "price": "2932.50000000", "time": "2025-07-12T16:38:52.813525Z", "fetched_at": "2025-07-12T16:39:33.693668+00:00", "symbol": "ETH-USD"}, {"trade_id": 666027973, "side": "sell", "size": "0.00002636", "price": "2932.47000000", "time": "2025-07-12T16:38:52.813525Z", "fetched_at": "2025-07-12T16:39:33.693668+00:00", "symbol": "ETH-USD"}, {"trade_id": 666027972, "side": "sell", "size": "0.03459585", "price": "2932.47000000", "time": "2025-07-12T16:38:52.813507Z", "fetched_at": "2025-07-12T16:39:33.693668+00:00", "symbol": "ETH-USD"}, {"trade_id": 666027971, "side": "sell", "size": "0.00074488", "price": "2932.47000000", "time": "2025-07-12T16:38:52.813507Z", "fetched_at": "2025-07-12T16:39:33.693668+00:00", "symbol": "ETH-USD"}, {"trade_id": 666027970, "side": "sell", "size": "0.00148976", "price": "2932.47000000", "time": "2025-07-12T16:38:52.813507Z", "fetched_at": "2025-07-12T16:39:33.693668+00:00", "symbol": "ETH-USD"}, {"trade_id": 666027969, "side": "sell", "size": "0.00297951", "price": "2932.47000000", "time": "2025-07-12T16:38:52.813507Z", "fetched_at": "2025-07-12T16:39:33.693668+00:00", "symbol": "ETH-USD"}, {"trade_id": 666027968, "side": "sell", "size": "0.09908073", "price": "2932.47000000", "time": "2025-07-12T16:38:47.761770Z", "fetched_at": "2025-07-12T16:39:33.693668+00:00", "symbol": "ETH-USD"}, {"trade_id": 666027967, "side": "sell", "size": "0.03595901", "price": "2932.47000000", "time": "2025-07-12T16:38:47.761770Z", "fetched_at": "2025-07-12T16:39:33.693668+00:00", "symbol": "ETH-USD"}, {"trade_id": 666027966, "side": "sell", "size": "0.02500000", "price": "2932.47000000", "time": "2025-07-12T16:38:46.547402Z", "fetched_at": "2025-07-12T16:39:33.693668+00:00", "symbol": "ETH-USD"}, {"trade_id": 666027965, "side": "sell", "size": "0.00793954", "price": "2932.47000000", "time": "2025-07-12T16:38:45.464544Z", "fetched_at": "2025-07-12T16:39:33.693668+00:00", "symbol": "ETH-USD"}, {"trade_id": 666027964, "side": "sell", "size": "0.05373931", "price": "2932.47000000", "time": "2025-07-12T16:38:45.440275Z", "fetched_at": "2025-07-12T16:39:33.693668+00:00", "symbol": "ETH-USD"}, {"trade_id": 666027963, "side": "sell", "size": "0.01884307", "price": "2932.47000000", "time": "2025-07-12T16:38:45.440275Z", "fetched_at": "2025-07-12T16:39:33.693668+00:00", "symbol": "ETH-USD"}, {"trade_id": 666027962, "side": "sell", "size": "0.01100000", "price": "2932.47000000", "time": "2025-07-12T16:38:44.982372Z", "fetched_at": "2025-07-12T16:39:33.693668+00:00", "symbol": "ETH-USD"}, {"trade_id": 666027961, "side": "sell", "size": "0.00339645", "price": "2932.47000000", "time": "2025-07-12T16:38:44.482033Z", "fetched_at": "2025-07-12T16:39:33.693668+00:00", "symbol": "ETH-USD"}, {"trade_id": 666027960, "side": "sell", "size": "0.00150862", "price": "2932.47000000", "time": "2025-07-12T16:38:41.599253Z", "fetched_at": "2025-07-12T16:39:33.693668+00:00", "symbol": "ETH-USD"}, {"trade_id": 666027959, "side": "sell", "size": "0.00112778", "price": "2932.47000000", "time": "2025-07-12T16:38:41.599253Z", "fetched_at": "2025-07-12T16:39:33.693668+00:00", "symbol": "ETH-USD"}, {"trade_id": 666027958, "side": "sell", "size": "0.00059795", "price": "2932.47000000", "time": "2025-07-12T16:38:41.599253Z", "fetched_at": "2025-07-12T16:39:33.693668+00:00", "symbol": "ETH-USD"}, {"trade_id": 666027957, "side": "sell", "size": "0.00165761", "price": "2932.47000000", "time": "2025-07-12T16:38:40.396604Z", "fetched_at": "2025-07-12T16:39:33.693668+00:00", "symbol": "ETH-USD"}, {"trade_id": 666027956, "side": "buy", "size": "0.32370327", "price": "2932.46000000", "time": "2025-07-12T16:38:39.892757Z", "fetched_at": "2025-07-12T16:39:33.693668+00:00", "symbol": "ETH-USD"}, {"trade_id": 666027955, "side": "buy", "size": "0.00086607", "price": "2932.46000000", "time": "2025-07-12T16:38:39.892757Z", "fetched_at": "2025-07-12T16:39:33.693668+00:00", "symbol": "ETH-USD"}, {"trade_id": 666027954, "side": "buy", "size": "0.01640943", "price": "2932.46000000", "time": "2025-07-12T16:38:39.892757Z", "fetched_at": "2025-07-12T16:39:33.693668+00:00", "symbol": "ETH-USD"}, {"trade_id": 666027953, "side": "buy", "size": "0.00000341", "price": "2932.46000000", "time": "2025-07-12T16:38:39.892757Z", "fetched_at": "2025-07-12T16:39:33.693668+00:00", "symbol": "ETH-USD"}, {"trade_id": 666027952, "side": "buy", "size": "0.00000341", "price": "2932.46000000", "time": "2025-07-12T16:38:39.892757Z", "fetched_at": "2025-07-12T16:39:33.693668+00:00", "symbol": "ETH-USD"}, {"trade_id": 666027951, "side": "buy", "size": "0.00000682", "price": "2932.46000000", "time": "2025-07-12T16:38:39.892757Z", "fetched_at": "2025-07-12T16:39:33.693668+00:00", "symbol": "ETH-USD"}, {"trade_id": 666027950, "side": "buy", "size": "0.00001705", "price": "2932.46000000", "time": "2025-07-12T16:38:39.892757Z", "fetched_at": "2025-07-12T16:39:33.693668+00:00", "symbol": "ETH-USD"}, {"trade_id": 666027949, "side": "sell", "size": "0.24855683", "price": "2932.47000000", "time": "2025-07-12T16:38:39.715891Z", "fetched_at": "2025-07-12T16:39:33.693668+00:00", "symbol": "ETH-USD"}, {"trade_id": 666027948, "side": "sell", "size": "0.00323411", "price": "2932.47000000", "time": "2025-07-12T16:38:39.297812Z", "fetched_at": "2025-07-12T16:39:33.693668+00:00", "symbol": "ETH-USD"}, {"trade_id": 666027947, "side": "sell", "size": "0.12460287", "price": "2932.47000000", "time": "2025-07-12T16:38:38.623939Z", "fetched_at": "2025-07-12T16:39:33.693668+00:00", "symbol": "ETH-USD"}, {"trade_id": 666027946, "side": "sell", "size": "0.03451111", "price": "2932.47000000", "time": "2025-07-12T16:38:38.623939Z", "fetched_at": "2025-07-12T16:39:33.693668+00:00", "symbol": "ETH-USD"}, {"trade_id": 666027945, "side": "sell", "size": "0.01037790", "price": "2932.47000000", "time": "2025-07-12T16:38:38.623939Z", "fetched_at": "2025-07-12T16:39:33.693668+00:00", "symbol": "ETH-USD"}, {"trade_id": 666027944, "side": "sell", "size": "0.00113370", "price": "2932.47000000", "time": "2025-07-12T16:38:38.623939Z", "fetched_at": "2025-07-12T16:39:33.693668+00:00", "symbol": "ETH-USD"}, {"trade_id": 666027943, "side": "sell", "size": "0.04388201", "price": "2932.47000000", "time": "2025-07-12T16:38:33.928019Z", "fetched_at": "2025-07-12T16:39:33.693668+00:00", "symbol": "ETH-USD"}, {"trade_id": 666027942, "side": "sell", "size": "0.03976093", "price": "2932.53000000", "time": "2025-07-12T16:38:32.720997Z", "fetched_at": "2025-07-12T16:39:33.693668+00:00", "symbol": "ETH-USD"}, {"trade_id": 666027941, "side": "sell", "size": "0.03234176", "price": "2932.53000000", "time": "2025-07-12T16:38:32.473048Z", "fetched_at": "2025-07-12T16:39:33.693668+00:00", "symbol": "ETH-USD"}, {"trade_id": 666027940, "side": "sell", "size": "0.05909605", "price": "2932.59000000", "time": "2025-07-12T16:38:31.917210Z", "fetched_at": "2025-07-12T16:39:33.693668+00:00", "symbol": "ETH-USD"}, {"trade_id": 666027939, "side": "sell", "size": "0.01390755", "price": "2932.57000000", "time": "2025-07-12T16:38:31.917210Z", "fetched_at": "2025-07-12T16:39:33.693668+00:00", "symbol": "ETH-USD"}, {"trade_id": 666027938, "side": "sell", "size": "0.00195377", "price": "2932.56000000", "time": "2025-07-12T16:38:31.917210Z", "fetched_at": "2025-07-12T16:39:33.693668+00:00", "symbol": "ETH-USD"}, {"trade_id": 666027937, "side": "sell", "size": "0.00013098", "price": "2932.56000000", "time": "2025-07-12T16:38:31.917210Z", "fetched_at": "2025-07-12T16:39:33.693668+00:00", "symbol": "ETH-USD"}, {"trade_id": 666027936, "side": "sell", "size": "0.12430801", "price": "2932.39000000", "time": "2025-07-12T16:38:31.917210Z", "fetched_at": "2025-07-12T16:39:33.693668+00:00", "symbol": "ETH-USD"}, {"trade_id": 666027935, "side": "sell", "size": "0.08453480", "price": "2932.34000000", "time": "2025-07-12T16:38:31.917210Z", "fetched_at": "2025-07-12T16:39:33.693668+00:00", "symbol": "ETH-USD"}, {"trade_id": 666027934, "side": "sell", "size": "0.00808504", "price": "2932.34000000", "time": "2025-07-12T16:38:30.118900Z", "fetched_at": "2025-07-12T16:39:33.693668+00:00", "symbol": "ETH-USD"}, {"trade_id": 666027933, "side": "sell", "size": "0.00258543", "price": "2932.33000000", "time": "2025-07-12T16:38:29.942255Z", "fetched_at": "2025-07-12T16:39:33.693668+00:00", "symbol": "ETH-USD"}, {"trade_id": 666027932, "side": "sell", "size": "0.00048844", "price": "2932.26000000", "time": "2025-07-12T16:38:29.942255Z", "fetched_at": "2025-07-12T16:39:33.693668+00:00", "symbol": "ETH-USD"}, {"trade_id": 666027931, "side": "sell", "size": "0.00097689", "price": "2932.26000000", "time": "2025-07-12T16:38:29.942255Z", "fetched_at": "2025-07-12T16:39:33.693668+00:00", "symbol": "ETH-USD"}, {"trade_id": 666027930, "side": "sell", "size": "0.00030119", "price": "2932.26000000", "time": "2025-07-12T16:38:29.134709Z", "fetched_at": "2025-07-12T16:39:33.693668+00:00", "symbol": "ETH-USD"}, {"trade_id": 666027929, "side": "buy", "size": "0.00010000", "price": "2932.23000000", "time": "2025-07-12T16:38:28.798354Z", "fetched_at": "2025-07-12T16:39:33.693668+00:00", "symbol": "ETH-USD"}, {"trade_id": 666027928, "side": "buy", "size": "0.00001364", "price": "2932.38000000", "time": "2025-07-12T16:38:27.911295Z", "fetched_at": "2025-07-12T16:39:33.693668+00:00", "symbol": "ETH-USD"}, {"trade_id": 666027927, "side": "buy", "size": "0.03404060", "price": "2932.38000000", "time": "2025-07-12T16:38:27.911295Z", "fetched_at": "2025-07-12T16:39:33.693668+00:00", "symbol": "ETH-USD"}, {"trade_id": 666027926, "side": "buy", "size": "0.00100000", "price": "2932.38000000", "time": "2025-07-12T16:38:27.911295Z", "fetched_at": "2025-07-12T16:39:33.693668+00:00", "symbol": "ETH-USD"}, {"trade_id": 666027925, "side": "sell", "size": "0.02025389", "price": "2932.58000000", "time": "2025-07-12T16:38:26.859097Z", "fetched_at": "2025-07-12T16:39:33.693668+00:00", "symbol": "ETH-USD"}, {"trade_id": 666027924, "side": "buy", "size": "0.79908498", "price": "2932.55000000", "time": "2025-07-12T16:38:26.688067Z", "fetched_at": "2025-07-12T16:39:33.693668+00:00", "symbol": "ETH-USD"}, {"trade_id": 666027923, "side": "buy", "size": "0.00091087", "price": "2932.55000000", "time": "2025-07-12T16:38:26.688067Z", "fetched_at": "2025-07-12T16:39:33.693668+00:00", "symbol": "ETH-USD"}, {"trade_id": 666027922, "side": "buy", "size": "0.05468203", "price": "2932.59000000", "time": "2025-07-12T16:38:26.688067Z", "fetched_at": "2025-07-12T16:39:33.693668+00:00", "symbol": "ETH-USD"}, {"trade_id": 666027921, "side": "buy", "size": "0.01777268", "price": "2932.59000000", "time": "2025-07-12T16:38:26.030383Z", "fetched_at": "2025-07-12T16:39:33.693668+00:00", "symbol": "ETH-USD"}, {"trade_id": 666027920, "side": "buy", "size": "0.00001363", "price": "2932.59000000", "time": "2025-07-12T16:38:26.030383Z", "fetched_at": "2025-07-12T16:39:33.693668+00:00", "symbol": "ETH-USD"}, {"trade_id": 666027919, "side": "buy", "size": "0.07894167", "price": "2932.63000000", "time": "2025-07-12T16:38:26.015676Z", "fetched_at": "2025-07-12T16:39:33.693668+00:00", "symbol": "ETH-USD"}, {"trade_id": 666027918, "side": "buy", "size": "0.00000340", "price": "2932.63000000", "time": "2025-07-12T16:38:26.015676Z", "fetched_at": "2025-07-12T16:39:33.693668+00:00", "symbol": "ETH-USD"}, {"trade_id": 666027917, "side": "buy", "size": "0.02379904", "price": "2932.63000000", "time": "2025-07-12T16:38:26.015676Z", "fetched_at": "2025-07-12T16:39:33.693668+00:00", "symbol": "ETH-USD"}, {"trade_id": 666027916, "side": "buy", "size": "0.53683875", "price": "2932.69000000", "time": "2025-07-12T16:38:25.981321Z", "fetched_at": "2025-07-12T16:39:33.693668+00:00", "symbol": "ETH-USD"}, {"trade_id": 666027915, "side": "buy", "size": "0.05833032", "price": "2932.78000000", "time": "2025-07-12T16:38:25.934281Z", "fetched_at": "2025-07-12T16:39:33.693668+00:00", "symbol": "ETH-USD"}, {"trade_id": 666027914, "side": "buy", "size": "0.07268677", "price": "2932.80000000", "time": "2025-07-12T16:38:25.934281Z", "fetched_at": "2025-07-12T16:39:33.693668+00:00", "symbol": "ETH-USD"}, {"trade_id": 666027913, "side": "buy", "size": "0.00340970", "price": "2932.81000000", "time": "2025-07-12T16:38:25.934281Z", "fetched_at": "2025-07-12T16:39:33.693668+00:00", "symbol": "ETH-USD"}, {"trade_id": 666027912, "side": "buy", "size": "0.00340967", "price": "2932.84000000", "time": "2025-07-12T16:38:25.921378Z", "fetched_at": "2025-07-12T16:39:33.693668+00:00", "symbol": "ETH-USD"}, {"trade_id": 666027911, "side": "sell", "size": "0.00005282", "price": "2932.81000000", "time": "2025-07-12T16:38:25.886157Z", "fetched_at": "2025-07-12T16:39:33.693668+00:00", "symbol": "ETH-USD"}, {"trade_id": 666027910, "side": "sell", "size": "0.00004060", "price": "2932.81000000", "time": "2025-07-12T16:38:25.886157Z", "fetched_at": "2025-07-12T16:39:33.693668+00:00", "symbol": "ETH-USD"}, {"trade_id": 666027909, "side": "sell", "size": "0.00000925", "price": "2932.81000000", "time": "2025-07-12T16:38:25.886157Z", "fetched_at": "2025-07-12T16:39:33.693668+00:00", "symbol": "ETH-USD"}, {"trade_id": 666027908, "side": "sell", "size": "0.00007572", "price": "2932.81000000", "time": "2025-07-12T16:38:25.886157Z", "fetched_at": "2025-07-12T16:39:33.693668+00:00", "symbol": "ETH-USD"}, {"trade_id": 666027907, "side": "sell", "size": "0.03446306", "price": "2932.80000000", "time": "2025-07-12T16:38:25.886157Z", "fetched_at": "2025-07-12T16:39:33.693668+00:00", "symbol": "ETH-USD"}, {"trade_id": 666027906, "side": "sell", "size": "0.00027388", "price": "2932.80000000", "time": "2025-07-12T16:38:25.886157Z", "fetched_at": "2025-07-12T16:39:33.693668+00:00", "symbol": "ETH-USD"}, {"trade_id": 666027905, "side": "sell", "size": "0.00054777", "price": "2932.80000000", "time": "2025-07-12T16:38:25.886157Z", "fetched_at": "2025-07-12T16:39:33.693668+00:00", "symbol": "ETH-USD"}, {"trade_id": 666027904, "side": "sell", "size": "0.00109553", "price": "2932.80000000", "time": "2025-07-12T16:38:25.886157Z", "fetched_at": "2025-07-12T16:39:33.693668+00:00", "symbol": "ETH-USD"}, {"trade_id": 666027903, "side": "buy", "size": "0.17060392", "price": "2932.79000000", "time": "2025-07-12T16:38:22.622611Z", "fetched_at": "2025-07-12T16:39:33.693668+00:00", "symbol": "ETH-USD"}, {"trade_id": 666027902, "side": "buy", "size": "0.07002800", "price": "2932.63000000", "time": "2025-07-12T16:38:18.839512Z", "fetched_at": "2025-07-12T16:39:33.693668+00:00", "symbol": "ETH-USD"}, {"trade_id": 666027901, "side": "sell", "size": "0.06019713", "price": "2932.89000000", "time": "2025-07-12T16:38:17.463868Z", "fetched_at": "2025-07-12T16:39:33.693668+00:00", "symbol": "ETH-USD"}, {"trade_id": 666027900, "side": "sell", "size": "0.00100000", "price": "2932.82000000", "time": "2025-07-12T16:38:17.463868Z", "fetched_at": "2025-07-12T16:39:33.693668+00:00", "symbol": "ETH-USD"}, {"trade_id": 666027899, "side": "sell", "size": "0.00011178", "price": "2932.64000000", "time": "2025-07-12T16:38:17.463868Z", "fetched_at": "2025-07-12T16:39:33.693668+00:00", "symbol": "ETH-USD"}, {"trade_id": 666027898, "side": "sell", "size": "0.00219106", "price": "2932.64000000", "time": "2025-07-12T16:38:17.463868Z", "fetched_at": "2025-07-12T16:39:33.693668+00:00", "symbol": "ETH-USD"}, {"trade_id": 666027897, "side": "sell", "size": "0.00048004", "price": "2932.64000000", "time": "2025-07-12T16:38:17.463868Z", "fetched_at": "2025-07-12T16:39:33.693668+00:00", "symbol": "ETH-USD"}, {"trade_id": 666027896, "side": "sell", "size": "0.00062001", "price": "2932.64000000", "time": "2025-07-12T16:38:17.463868Z", "fetched_at": "2025-07-12T16:39:33.693668+00:00", "symbol": "ETH-USD"}, {"trade_id": 666027895, "side": "sell", "size": "0.00010335", "price": "2932.64000000", "time": "2025-07-12T16:38:17.463868Z", "fetched_at": "2025-07-12T16:39:33.693668+00:00", "symbol": "ETH-USD"}, {"trade_id": 666027894, "side": "sell", "size": "0.02650607", "price": "2932.81000000", "time": "2025-07-12T16:38:17.017824Z", "fetched_at": "2025-07-12T16:39:33.693668+00:00", "symbol": "ETH-USD"}, {"trade_id": 666027893, "side": "sell", "size": "0.00217008", "price": "2932.78000000", "time": "2025-07-12T16:38:17.017824Z", "fetched_at": "2025-07-12T16:39:33.693668+00:00", "symbol": "ETH-USD"}, {"trade_id": 666027892, "side": "sell", "size": "0.00072342", "price": "2932.78000000", "time": "2025-07-12T16:38:17.017824Z", "fetched_at": "2025-07-12T16:39:33.693668+00:00", "symbol": "ETH-USD"}, {"trade_id": 666027891, "side": "sell", "size": "0.00168020", "price": "2932.78000000", "time": "2025-07-12T16:38:17.017824Z", "fetched_at": "2025-07-12T16:39:33.693668+00:00", "symbol": "ETH-USD"}, {"trade_id": 666027890, "side": "sell", "size": "0.00039123", "price": "2932.78000000", "time": "2025-07-12T16:38:17.017824Z", "fetched_at": "2025-07-12T16:39:33.693668+00:00", "symbol": "ETH-USD"}, {"trade_id": 666027889, "side": "sell", "size": "0.00023322", "price": "2932.78000000", "time": "2025-07-12T16:38:17.017824Z", "fetched_at": "2025-07-12T16:39:33.693668+00:00", "symbol": "ETH-USD"}, {"trade_id": 666027888, "side": "sell", "size": "0.03438211", "price": "2932.64000000", "time": "2025-07-12T16:38:17.017824Z", "fetched_at": "2025-07-12T16:39:33.693668+00:00", "symbol": "ETH-USD"}, {"trade_id": 666027887, "side": "sell", "size": "0.00002915", "price": "2932.64000000", "time": "2025-07-12T16:38:17.017824Z", "fetched_at": "2025-07-12T16:39:33.693668+00:00", "symbol": "ETH-USD"}, {"trade_id": 666027886, "side": "sell", "size": "0.00005830", "price": "2932.64000000", "time": "2025-07-12T16:38:17.017824Z", "fetched_at": "2025-07-12T16:39:33.693668+00:00", "symbol": "ETH-USD"}, {"trade_id": 666027885, "side": "sell", "size": "0.00011661", "price": "2932.64000000", "time": "2025-07-12T16:38:17.017824Z", "fetched_at": "2025-07-12T16:39:33.693668+00:00", "symbol": "ETH-USD"}, {"trade_id": 666027884, "side": "sell", "size": "0.01571128", "price": "2932.80000000", "time": "2025-07-12T16:38:10.358965Z", "fetched_at": "2025-07-12T16:39:33.693668+00:00", "symbol": "ETH-USD"}, {"trade_id": 666027883, "side": "sell", "size": "0.15000000", "price": "2932.79000000", "time": "2025-07-12T16:38:10.358965Z", "fetched_at": "2025-07-12T16:39:33.693668+00:00", "symbol": "ETH-USD"}, {"trade_id": 666027882, "side": "sell", "size": "0.30000000", "price": "2932.70000000", "time": "2025-07-12T16:38:10.149978Z", "fetched_at": "2025-07-12T16:39:33.693668+00:00", "symbol": "ETH-USD"}, {"trade_id": 666027881, "side": "sell", "size": "0.00031005", "price": "2932.65000000", "time": "2025-07-12T16:38:10.149290Z", "fetched_at": "2025-07-12T16:39:33.693668+00:00", "symbol": "ETH-USD"}, {"trade_id": 666027880, "side": "sell", "size": "0.00120017", "price": "2932.65000000", "time": "2025-07-12T16:38:10.149290Z", "fetched_at": "2025-07-12T16:39:33.693668+00:00", "symbol": "ETH-USD"}, {"trade_id": 666027879, "side": "sell", "size": "0.00027943", "price": "2932.65000000", "time": "2025-07-12T16:38:10.149290Z", "fetched_at": "2025-07-12T16:39:33.693668+00:00", "symbol": "ETH-USD"}, {"trade_id": 666027878, "side": "sell", "size": "0.00155005", "price": "2932.65000000", "time": "2025-07-12T16:38:10.149290Z", "fetched_at": "2025-07-12T16:39:33.693668+00:00", "symbol": "ETH-USD"}, {"trade_id": 666027877, "side": "sell", "size": "0.00218730", "price": "2932.65000000", "time": "2025-07-12T16:38:10.149290Z", "fetched_at": "2025-07-12T16:39:33.693668+00:00", "symbol": "ETH-USD"}, {"trade_id": 666027876, "side": "sell", "size": "0.03611314", "price": "2932.61000000", "time": "2025-07-12T16:38:10.149290Z", "fetched_at": "2025-07-12T16:39:33.693668+00:00", "symbol": "ETH-USD"}, {"trade_id": 666027875, "side": "sell", "size": "0.12046643", "price": "2932.60000000", "time": "2025-07-12T16:38:10.149290Z", "fetched_at": "2025-07-12T16:39:33.693668+00:00", "symbol": "ETH-USD"}, {"trade_id": 666027874, "side": "sell", "size": "0.00100000", "price": "2932.60000000", "time": "2025-07-12T16:38:10.149290Z", "fetched_at": "2025-07-12T16:39:33.693668+00:00", "symbol": "ETH-USD"}, {"trade_id": 666027873, "side": "sell", "size": "0.00100000", "price": "2932.38000000", "time": "2025-07-12T16:38:10.020728Z", "fetched_at": "2025-07-12T16:39:33.693668+00:00", "symbol": "ETH-USD"}, {"trade_id": 666027872, "side": "sell", "size": "0.00000412", "price": "2932.16000000", "time": "2025-07-12T16:38:10.020728Z", "fetched_at": "2025-07-12T16:39:33.693668+00:00", "symbol": "ETH-USD"}, {"trade_id": 666027871, "side": "sell", "size": "0.07202000", "price": "2932.16000000", "time": "2025-07-12T16:38:09.951416Z", "fetched_at": "2025-07-12T16:39:33.693668+00:00", "symbol": "ETH-USD"}, {"trade_id": 666027870, "side": "sell", "size": "0.03313943", "price": "2932.16000000", "time": "2025-07-12T16:38:09.792622Z", "fetched_at": "2025-07-12T16:39:33.693668+00:00", "symbol": "ETH-USD"}, {"trade_id": 666027869, "side": "buy", "size": "0.08635763", "price": "2932.15000000", "time": "2025-07-12T16:38:08.857596Z", "fetched_at": "2025-07-12T16:39:33.693668+00:00", "symbol": "ETH-USD"}, {"trade_id": 666027868, "side": "buy", "size": "0.45407853", "price": "2932.15000000", "time": "2025-07-12T16:38:08.857596Z", "fetched_at": "2025-07-12T16:39:33.693668+00:00", "symbol": "ETH-USD"}, {"trade_id": 666027867, "side": "buy", "size": "0.09989000", "price": "2932.15000000", "time": "2025-07-12T16:38:08.857596Z", "fetched_at": "2025-07-12T16:39:33.693668+00:00", "symbol": "ETH-USD"}, {"trade_id": 666027866, "side": "sell", "size": "0.01830000", "price": "2931.90000000", "time": "2025-07-12T16:38:08.404049Z", "fetched_at": "2025-07-12T16:39:33.693668+00:00", "symbol": "ETH-USD"}, {"trade_id": 666027865, "side": "sell", "size": "0.00781625", "price": "2931.90000000", "time": "2025-07-12T16:38:08.215562Z", "fetched_at": "2025-07-12T16:39:33.693668+00:00", "symbol": "ETH-USD"}, {"trade_id": 666027864, "side": "buy", "size": "0.17235960", "price": "2931.68000000", "time": "2025-07-12T16:38:05.561368Z", "fetched_at": "2025-07-12T16:39:33.693668+00:00", "symbol": "ETH-USD"}, {"trade_id": 666027863, "side": "buy", "size": "0.00341101", "price": "2931.69000000", "time": "2025-07-12T16:38:05.561368Z", "fetched_at": "2025-07-12T16:39:33.693668+00:00", "symbol": "ETH-USD"}, {"trade_id": 666027862, "side": "buy", "size": "0.00001364", "price": "2931.69000000", "time": "2025-07-12T16:38:05.561368Z", "fetched_at": "2025-07-12T16:39:33.693668+00:00", "symbol": "ETH-USD"}, {"trade_id": 666027861, "side": "sell", "size": "0.00058208", "price": "2931.90000000", "time": "2025-07-12T16:38:05.259464Z", "fetched_at": "2025-07-12T16:39:33.693668+00:00", "symbol": "ETH-USD"}, {"trade_id": 666027860, "side": "sell", "size": "0.31572024", "price": "2932.11000000", "time": "2025-07-12T16:38:04.829299Z", "fetched_at": "2025-07-12T16:39:33.693668+00:00", "symbol": "ETH-USD"}, {"trade_id": 666027859, "side": "sell", "size": "0.15000000", "price": "2932.10000000", "time": "2025-07-12T16:38:04.829299Z", "fetched_at": "2025-07-12T16:39:33.693668+00:00", "symbol": "ETH-USD"}, {"trade_id": 666027858, "side": "sell", "size": "0.17053496", "price": "2931.95000000", "time": "2025-07-12T16:38:04.829299Z", "fetched_at": "2025-07-12T16:39:33.693668+00:00", "symbol": "ETH-USD"}, {"trade_id": 666027857, "side": "sell", "size": "0.40418313", "price": "2931.94000000", "time": "2025-07-12T16:38:04.829299Z", "fetched_at": "2025-07-12T16:39:33.693668+00:00", "symbol": "ETH-USD"}, {"trade_id": 666027856, "side": "buy", "size": "0.00332827", "price": "2931.71000000", "time": "2025-07-12T16:38:04.543845Z", "fetched_at": "2025-07-12T16:39:33.693668+00:00", "symbol": "ETH-USD"}, {"trade_id": 666027855, "side": "buy", "size": "0.15024811", "price": "2932.15000000", "time": "2025-07-12T16:38:04.271162Z", "fetched_at": "2025-07-12T16:39:33.693668+00:00", "symbol": "ETH-USD"}, {"trade_id": 666027854, "side": "buy", "size": "0.06145661", "price": "2932.15000000", "time": "2025-07-12T16:38:04.271162Z", "fetched_at": "2025-07-12T16:39:33.693668+00:00", "symbol": "ETH-USD"}, {"trade_id": 666027853, "side": "buy", "size": "0.33029858", "price": "2932.15000000", "time": "2025-07-12T16:38:04.271162Z", "fetched_at": "2025-07-12T16:39:33.693668+00:00", "symbol": "ETH-USD"}, {"trade_id": 666027852, "side": "sell", "size": "0.17055433", "price": "2932.08000000", "time": "2025-07-12T16:38:03.050102Z", "fetched_at": "2025-07-12T16:39:33.693668+00:00", "symbol": "ETH-USD"}, {"trade_id": 666027851, "side": "sell", "size": "0.17053060", "price": "2932.03000000", "time": "2025-07-12T16:38:03.050102Z", "fetched_at": "2025-07-12T16:39:33.693668+00:00", "symbol": "ETH-USD"}, {"trade_id": 666027850, "side": "sell", "size": "0.06794321", "price": "2931.86000000", "time": "2025-07-12T16:38:02.669096Z", "fetched_at": "2025-07-12T16:39:33.693668+00:00", "symbol": "ETH-USD"}, {"trade_id": 666027849, "side": "buy", "size": "0.06560126", "price": "2931.72000000", "time": "2025-07-12T16:38:02.294167Z", "fetched_at": "2025-07-12T16:39:33.693668+00:00", "symbol": "ETH-USD"}, {"trade_id": 666027848, "side": "buy", "size": "0.00100000", "price": "2931.72000000", "time": "2025-07-12T16:38:02.294167Z", "fetched_at": "2025-07-12T16:39:33.693668+00:00", "symbol": "ETH-USD"}, {"trade_id": 666027847, "side": "buy", "size": "0.12339874", "price": "2931.73000000", "time": "2025-07-12T16:38:02.294167Z", "fetched_at": "2025-07-12T16:39:33.693668+00:00", "symbol": "ETH-USD"}, {"trade_id": 666027846, "side": "buy", "size": "0.00100000", "price": "2931.94000000", "time": "2025-07-12T16:38:02.178883Z", "fetched_at": "2025-07-12T16:39:33.693668+00:00", "symbol": "ETH-USD"}, {"trade_id": 666027845, "side": "buy", "size": "0.04854806", "price": "2931.94000000", "time": "2025-07-12T16:38:02.178883Z", "fetched_at": "2025-07-12T16:39:33.693668+00:00", "symbol": "ETH-USD"}, {"trade_id": 666027844, "side": "buy", "size": "0.01846766", "price": "2931.94000000", "time": "2025-07-12T16:38:02.178883Z", "fetched_at": "2025-07-12T16:39:33.693668+00:00", "symbol": "ETH-USD"}, {"trade_id": 666027843, "side": "buy", "size": "0.76833296", "price": "2931.98000000", "time": "2025-07-12T16:38:02.178883Z", "fetched_at": "2025-07-12T16:39:33.693668+00:00", "symbol": "ETH-USD"}, {"trade_id": 666027842, "side": "buy", "size": "0.76833296", "price": "2931.98000000", "time": "2025-07-12T16:38:02.178883Z", "fetched_at": "2025-07-12T16:39:33.693668+00:00", "symbol": "ETH-USD"}, {"trade_id": 666027841, "side": "buy", "size": "0.00087039", "price": "2932.15000000", "time": "2025-07-12T16:38:02.145449Z", "fetched_at": "2025-07-12T16:39:33.693668+00:00", "symbol": "ETH-USD"}, {"trade_id": 666027840, "side": "sell", "size": "0.08284858", "price": "2932.16000000", "time": "2025-07-12T16:38:00.330176Z", "fetched_at": "2025-07-12T16:39:33.693668+00:00", "symbol": "ETH-USD"}, {"trade_id": 666027839, "side": "buy", "size": "0.00341031", "price": "2932.29000000", "time": "2025-07-12T16:38:00.179710Z", "fetched_at": "2025-07-12T16:39:33.693668+00:00", "symbol": "ETH-USD"}, {"trade_id": 666027838, "side": "sell", "size": "0.00000340", "price": "2932.32000000", "time": "2025-07-12T16:37:59.513278Z", "fetched_at": "2025-07-12T16:39:33.693668+00:00", "symbol": "ETH-USD"}, {"trade_id": 666027837, "side": "sell", "size": "0.00168740", "price": "2932.32000000", "time": "2025-07-12T16:37:59.495846Z", "fetched_at": "2025-07-12T16:39:33.693668+00:00", "symbol": "ETH-USD"}, {"trade_id": 666027836, "side": "sell", "size": "0.00160363", "price": "2932.34000000", "time": "2025-07-12T16:37:59.375682Z", "fetched_at": "2025-07-12T16:39:33.693668+00:00", "symbol": "ETH-USD"}, {"trade_id": 666027835, "side": "buy", "size": "0.00170656", "price": "2932.14000000", "time": "2025-07-12T16:37:56.812567Z", "fetched_at": "2025-07-12T16:39:33.693668+00:00", "symbol": "ETH-USD"}, {"trade_id": 666027834, "side": "sell", "size": "0.00037134", "price": "2932.37000000", "time": "2025-07-12T16:37:55.663530Z", "fetched_at": "2025-07-12T16:39:33.693668+00:00", "symbol": "ETH-USD"}, {"trade_id": 666027833, "side": "sell", "size": "0.00496955", "price": "2932.32000000", "time": "2025-07-12T16:37:54.031851Z", "fetched_at": "2025-07-12T16:39:33.693668+00:00", "symbol": "ETH-USD"}, {"trade_id": 666027832, "side": "buy", "size": "0.00000803", "price": "2932.09000000", "time": "2025-07-12T16:37:53.957068Z", "fetched_at": "2025-07-12T16:39:33.693668+00:00", "symbol": "ETH-USD"}, {"trade_id": 666027831, "side": "sell", "size": "0.00493088", "price": "2932.34000000", "time": "2025-07-12T16:37:53.540132Z", "fetched_at": "2025-07-12T16:39:33.693668+00:00", "symbol": "ETH-USD"}, {"trade_id": 666027830, "side": "sell", "size": "0.01656955", "price": "2932.45000000", "time": "2025-07-12T16:37:51.927755Z", "fetched_at": "2025-07-12T16:39:33.693668+00:00", "symbol": "ETH-USD"}, {"trade_id": 666027829, "side": "sell", "size": "0.00675213", "price": "2932.41000000", "time": "2025-07-12T16:37:50.696990Z", "fetched_at": "2025-07-12T16:39:33.693668+00:00", "symbol": "ETH-USD"}, {"trade_id": 666027828, "side": "buy", "size": "0.01637077", "price": "2932.34000000", "time": "2025-07-12T16:37:49.600986Z", "fetched_at": "2025-07-12T16:39:33.693668+00:00", "symbol": "ETH-USD"}, {"trade_id": 666027827, "side": "buy", "size": "0.01023049", "price": "2932.34000000", "time": "2025-07-12T16:37:48.436681Z", "fetched_at": "2025-07-12T16:39:33.693668+00:00", "symbol": "ETH-USD"}, {"trade_id": 666027826, "side": "sell", "size": "0.00067521", "price": "2932.46000000", "time": "2025-07-12T16:37:47.989423Z", "fetched_at": "2025-07-12T16:39:33.693668+00:00", "symbol": "ETH-USD"}, {"trade_id": 666027825, "side": "buy", "size": "0.16746557", "price": "2932.33000000", "time": "2025-07-12T16:37:47.656994Z", "fetched_at": "2025-07-12T16:39:33.693668+00:00", "symbol": "ETH-USD"}, {"trade_id": 666027824, "side": "sell", "size": "0.01616958", "price": "2932.34000000", "time": "2025-07-12T16:37:45.537163Z", "fetched_at": "2025-07-12T16:39:33.693668+00:00", "symbol": "ETH-USD"}, {"trade_id": 666027823, "side": "buy", "size": "0.03444255", "price": "2932.33000000", "time": "2025-07-12T16:37:45.498925Z", "fetched_at": "2025-07-12T16:39:33.693668+00:00", "symbol": "ETH-USD"}, {"trade_id": 666027822, "side": "sell", "size": "0.45132063", "price": "2932.61000000", "time": "2025-07-12T16:37:45.066975Z", "fetched_at": "2025-07-12T16:39:33.693668+00:00", "symbol": "ETH-USD"}, {"trade_id": 666027821, "side": "sell", "size": "0.24269000", "price": "2932.60000000", "time": "2025-07-12T16:37:45.066975Z", "fetched_at": "2025-07-12T16:39:33.693668+00:00", "symbol": "ETH-USD"}, {"trade_id": 666027820, "side": "sell", "size": "0.00255031", "price": "2932.48000000", "time": "2025-07-12T16:37:45.066975Z", "fetched_at": "2025-07-12T16:39:33.693668+00:00", "symbol": "ETH-USD"}, {"trade_id": 666027819, "side": "sell", "size": "0.01287899", "price": "2932.44000000", "time": "2025-07-12T16:37:45.066975Z", "fetched_at": "2025-07-12T16:39:33.693668+00:00", "symbol": "ETH-USD"}, {"trade_id": 666027818, "side": "sell", "size": "0.02234271", "price": "2932.44000000", "time": "2025-07-12T16:37:45.048845Z", "fetched_at": "2025-07-12T16:39:33.693668+00:00", "symbol": "ETH-USD"}, {"trade_id": 666027817, "side": "sell", "size": "0.17050996", "price": "2932.38000000", "time": "2025-07-12T16:37:45.048845Z", "fetched_at": "2025-07-12T16:39:33.693668+00:00", "symbol": "ETH-USD"}, {"trade_id": 666027816, "side": "buy", "size": "0.04000000", "price": "2932.35000000", "time": "2025-07-12T16:37:44.933644Z", "fetched_at": "2025-07-12T16:39:33.693668+00:00", "symbol": "ETH-USD"}, {"trade_id": 666027815, "side": "buy", "size": "0.04000000", "price": "2932.35000000", "time": "2025-07-12T16:37:44.906436Z", "fetched_at": "2025-07-12T16:39:33.693668+00:00", "symbol": "ETH-USD"}, {"trade_id": 666027814, "side": "sell", "size": "0.03376051", "price": "2932.41000000", "time": "2025-07-12T16:37:44.442948Z", "fetched_at": "2025-07-12T16:39:33.693668+00:00", "symbol": "ETH-USD"}, {"trade_id": 666027813, "side": "sell", "size": "0.08284152", "price": "2932.41000000", "time": "2025-07-12T16:37:43.396445Z", "fetched_at": "2025-07-12T16:39:33.693668+00:00", "symbol": "ETH-USD"}, {"trade_id": 666027812, "side": "buy", "size": "0.15911304", "price": "2932.32000000", "time": "2025-07-12T16:37:42.471856Z", "fetched_at": "2025-07-12T16:39:33.693668+00:00", "symbol": "ETH-USD"}, {"trade_id": 666027811, "side": "buy", "size": "0.00088696", "price": "2932.33000000", "time": "2025-07-12T16:37:42.471856Z", "fetched_at": "2025-07-12T16:39:33.693668+00:00", "symbol": "ETH-USD"}, {"trade_id": 666027810, "side": "buy", "size": "0.15000000", "price": "2932.33000000", "time": "2025-07-12T16:37:42.471856Z", "fetched_at": "2025-07-12T16:39:33.693668+00:00", "symbol": "ETH-USD"}, {"trade_id": 666027809, "side": "sell", "size": "0.00144142", "price": "2932.45000000", "time": "2025-07-12T16:37:40.481321Z", "fetched_at": "2025-07-12T16:39:33.693668+00:00", "symbol": "ETH-USD"}, {"trade_id": 666027808, "side": "sell", "size": "0.31382727", "price": "2932.50000000", "time": "2025-07-12T16:37:39.625458Z", "fetched_at": "2025-07-12T16:39:33.693668+00:00", "symbol": "ETH-USD"}, {"trade_id": 666027807, "side": "sell", "size": "0.15000000", "price": "2932.49000000", "time": "2025-07-12T16:37:39.625458Z", "fetched_at": "2025-07-12T16:39:33.693668+00:00", "symbol": "ETH-USD"}, {"trade_id": 666027806, "side": "sell", "size": "0.03510061", "price": "2932.48000000", "time": "2025-07-12T16:37:39.625458Z", "fetched_at": "2025-07-12T16:39:33.693668+00:00", "symbol": "ETH-USD"}, {"trade_id": 666027805, "side": "sell", "size": "0.17050763", "price": "2932.42000000", "time": "2025-07-12T16:37:39.625458Z", "fetched_at": "2025-07-12T16:39:33.693668+00:00", "symbol": "ETH-USD"}, {"trade_id": 666027804, "side": "buy", "size": "0.14642443", "price": "2932.11000000", "time": "2025-07-12T16:37:38.558756Z", "fetched_at": "2025-07-12T16:39:33.693668+00:00", "symbol": "ETH-USD"}, {"trade_id": 666027803, "side": "buy", "size": "0.00100000", "price": "2932.16000000", "time": "2025-07-12T16:37:38.558756Z", "fetched_at": "2025-07-12T16:39:33.693668+00:00", "symbol": "ETH-USD"}, {"trade_id": 666027802, "side": "buy", "size": "0.81927864", "price": "2932.18000000", "time": "2025-07-12T16:37:38.558756Z", "fetched_at": "2025-07-12T16:39:33.693668+00:00", "symbol": "ETH-USD"}, {"trade_id": 666027801, "side": "buy", "size": "0.26622198", "price": "2932.19000000", "time": "2025-07-12T16:37:38.558756Z", "fetched_at": "2025-07-12T16:39:33.693668+00:00", "symbol": "ETH-USD"}, {"trade_id": 666027800, "side": "buy", "size": "0.08358959", "price": "2932.22000000", "time": "2025-07-12T16:37:38.558756Z", "fetched_at": "2025-07-12T16:39:33.693668+00:00", "symbol": "ETH-USD"}, {"trade_id": 666027799, "side": "buy", "size": "0.00341038", "price": "2932.23000000", "time": "2025-07-12T16:37:38.558756Z", "fetched_at": "2025-07-12T16:39:33.693668+00:00", "symbol": "ETH-USD"}, {"trade_id": 666027798, "side": "sell", "size": "0.00840900", "price": "2932.41000000", "time": "2025-07-12T16:37:37.882695Z", "fetched_at": "2025-07-12T16:39:33.693668+00:00", "symbol": "ETH-USD"}, {"trade_id": 666027797, "side": "sell", "size": "0.00339652", "price": "2932.41000000", "time": "2025-07-12T16:37:37.879176Z", "fetched_at": "2025-07-12T16:39:33.693668+00:00", "symbol": "ETH-USD"}, {"trade_id": 666027796, "side": "buy", "size": "0.00118353", "price": "2932.20000000", "time": "2025-07-12T16:37:37.402599Z", "fetched_at": "2025-07-12T16:39:33.693668+00:00", "symbol": "ETH-USD"}, {"trade_id": 666027795, "side": "sell", "size": "0.00646843", "price": "2932.45000000", "time": "2025-07-12T16:37:35.952527Z", "fetched_at": "2025-07-12T16:39:33.693668+00:00", "symbol": "ETH-USD"}, {"trade_id": 666027794, "side": "sell", "size": "0.12626049", "price": "2933.19000000", "time": "2025-07-12T16:37:34.080324Z", "fetched_at": "2025-07-12T16:39:33.693668+00:00", "symbol": "ETH-USD"}, {"trade_id": 666027793, "side": "sell", "size": "0.19974779", "price": "2933.13000000", "time": "2025-07-12T16:37:34.080324Z", "fetched_at": "2025-07-12T16:39:33.693668+00:00", "symbol": "ETH-USD"}, {"trade_id": 666027792, "side": "sell", "size": "0.19999933", "price": "2933.13000000", "time": "2025-07-12T16:37:34.080324Z", "fetched_at": "2025-07-12T16:39:33.693668+00:00", "symbol": "ETH-USD"}, {"trade_id": 666027791, "side": "sell", "size": "1.39317837", "price": "2933.10000000", "time": "2025-07-12T16:37:34.080324Z", "fetched_at": "2025-07-12T16:39:33.693668+00:00", "symbol": "ETH-USD"}, {"trade_id": 666027790, "side": "sell", "size": "0.85234526", "price": "2933.09000000", "time": "2025-07-12T16:37:34.080324Z", "fetched_at": "2025-07-12T16:39:33.693668+00:00", "symbol": "ETH-USD"}, {"trade_id": 666027789, "side": "sell", "size": "0.36669433", "price": "2933.06000000", "time": "2025-07-12T16:37:34.080324Z", "fetched_at": "2025-07-12T16:39:33.693668+00:00", "symbol": "ETH-USD"}, {"trade_id": 666027788, "side": "sell", "size": "0.00100000", "price": "2933.04000000", "time": "2025-07-12T16:37:34.080324Z", "fetched_at": "2025-07-12T16:39:33.693668+00:00", "symbol": "ETH-USD"}, {"trade_id": 666027787, "side": "sell", "size": "0.45274834", "price": "2933.02000000", "time": "2025-07-12T16:37:34.080324Z", "fetched_at": "2025-07-12T16:39:33.693668+00:00", "symbol": "ETH-USD"}, {"trade_id": 666027786, "side": "sell", "size": "0.34102799", "price": "2933.01000000", "time": "2025-07-12T16:37:34.080324Z", "fetched_at": "2025-07-12T16:39:33.693668+00:00", "symbol": "ETH-USD"}, {"trade_id": 666027785, "side": "sell", "size": "1.18419541", "price": "2933.00000000", "time": "2025-07-12T16:37:34.080324Z", "fetched_at": "2025-07-12T16:39:33.693668+00:00", "symbol": "ETH-USD"}, {"trade_id": 666027784, "side": "sell", "size": "0.47250000", "price": "2932.99000000", "time": "2025-07-12T16:37:34.080324Z", "fetched_at": "2025-07-12T16:39:33.693668+00:00", "symbol": "ETH-USD"}, {"trade_id": 666027783, "side": "sell", "size": "0.05367859", "price": "2932.98000000", "time": "2025-07-12T16:37:34.080324Z", "fetched_at": "2025-07-12T16:39:33.693668+00:00", "symbol": "ETH-USD"}, {"trade_id": 666027782, "side": "sell", "size": "0.30087109", "price": "2932.94000000", "time": "2025-07-12T16:37:34.080324Z", "fetched_at": "2025-07-12T16:39:33.693668+00:00", "symbol": "ETH-USD"}, {"trade_id": 666027781, "side": "sell", "size": "0.19999896", "price": "2932.94000000", "time": "2025-07-12T16:37:34.080324Z", "fetched_at": "2025-07-12T16:39:33.693668+00:00", "symbol": "ETH-USD"}, {"trade_id": 666027780, "side": "sell", "size": "0.00100000", "price": "2932.82000000", "time": "2025-07-12T16:37:34.080324Z", "fetched_at": "2025-07-12T16:39:33.693668+00:00", "symbol": "ETH-USD"}, {"trade_id": 666027779, "side": "sell", "size": "0.17051399", "price": "2932.81000000", "time": "2025-07-12T16:37:34.080324Z", "fetched_at": "2025-07-12T16:39:33.693668+00:00", "symbol": "ETH-USD"}, {"trade_id": 666027778, "side": "sell", "size": "0.85242566", "price": "2932.81000000", "time": "2025-07-12T16:37:34.080324Z", "fetched_at": "2025-07-12T16:39:33.693668+00:00", "symbol": "ETH-USD"}, {"trade_id": 666027777, "side": "sell", "size": "0.91488582", "price": "2932.80000000", "time": "2025-07-12T16:37:34.080324Z", "fetched_at": "2025-07-12T16:39:33.693668+00:00", "symbol": "ETH-USD"}, {"trade_id": 666027776, "side": "sell", "size": "0.65846901", "price": "2932.80000000", "time": "2025-07-12T16:37:34.080324Z", "fetched_at": "2025-07-12T16:39:33.693668+00:00", "symbol": "ETH-USD"}, {"trade_id": 666027775, "side": "sell", "size": "0.43901940", "price": "2932.79000000", "time": "2025-07-12T16:37:34.080324Z", "fetched_at": "2025-07-12T16:39:33.693668+00:00", "symbol": "ETH-USD"}, {"trade_id": 666027774, "side": "sell", "size": "0.52217712", "price": "2932.78000000", "time": "2025-07-12T16:37:34.080324Z", "fetched_at": "2025-07-12T16:39:33.693668+00:00", "symbol": "ETH-USD"}, {"trade_id": 666027773, "side": "sell", "size": "0.42694444", "price": "2932.77000000", "time": "2025-07-12T16:37:34.080324Z", "fetched_at": "2025-07-12T16:39:33.693668+00:00", "symbol": "ETH-USD"}, {"trade_id": 666027772, "side": "sell", "size": "0.30469976", "price": "2932.76000000", "time": "2025-07-12T16:37:34.080324Z", "fetched_at": "2025-07-12T16:39:33.693668+00:00", "symbol": "ETH-USD"}, {"trade_id": 666027771, "side": "sell", "size": "0.00020669", "price": "2932.73000000", "time": "2025-07-12T16:37:34.080324Z", "fetched_at": "2025-07-12T16:39:33.693668+00:00", "symbol": "ETH-USD"}, {"trade_id": 666027770, "side": "sell", "size": "0.00005589", "price": "2932.73000000", "time": "2025-07-12T16:37:34.080324Z", "fetched_at": "2025-07-12T16:39:33.693668+00:00", "symbol": "ETH-USD"}, {"trade_id": 666027769, "side": "sell", "size": "0.00024001", "price": "2932.73000000", "time": "2025-07-12T16:37:34.080324Z", "fetched_at": "2025-07-12T16:39:33.693668+00:00", "symbol": "ETH-USD"}, {"trade_id": 666027768, "side": "sell", "size": "0.00030999", "price": "2932.73000000", "time": "2025-07-12T16:37:34.080324Z", "fetched_at": "2025-07-12T16:39:33.693668+00:00", "symbol": "ETH-USD"}, {"trade_id": 666027767, "side": "sell", "size": "0.03380550", "price": "2932.73000000", "time": "2025-07-12T16:37:34.080324Z", "fetched_at": "2025-07-12T16:39:33.693668+00:00", "symbol": "ETH-USD"}, {"trade_id": 666027766, "side": "sell", "size": "0.53389955", "price": "2932.72000000", "time": "2025-07-12T16:37:34.080324Z", "fetched_at": "2025-07-12T16:39:33.693668+00:00", "symbol": "ETH-USD"}, {"trade_id": 666027765, "side": "sell", "size": "0.03437459", "price": "2932.69000000", "time": "2025-07-12T16:37:34.080324Z", "fetched_at": "2025-07-12T16:39:33.693668+00:00", "symbol": "ETH-USD"}, {"trade_id": 666027764, "side": "sell", "size": "0.00495692", "price": "2932.69000000", "time": "2025-07-12T16:37:34.080324Z", "fetched_at": "2025-07-12T16:39:33.693668+00:00", "symbol": "ETH-USD"}, {"trade_id": 666027763, "side": "sell", "size": "0.06894476", "price": "2932.69000000", "time": "2025-07-12T16:37:34.080324Z", "fetched_at": "2025-07-12T16:39:33.693668+00:00", "symbol": "ETH-USD"}, {"trade_id": 666027762, "side": "sell", "size": "0.17049316", "price": "2932.67000000", "time": "2025-07-12T16:37:34.080324Z", "fetched_at": "2025-07-12T16:39:33.693668+00:00", "symbol": "ETH-USD"}, {"trade_id": 666027761, "side": "sell", "size": "1.59121972", "price": "2932.67000000", "time": "2025-07-12T16:37:34.080324Z", "fetched_at": "2025-07-12T16:39:33.693668+00:00", "symbol": "ETH-USD"}, {"trade_id": 666027760, "side": "sell", "size": "0.15000000", "price": "2932.66000000", "time": "2025-07-12T16:37:34.080324Z", "fetched_at": "2025-07-12T16:39:33.693668+00:00", "symbol": "ETH-USD"}, {"trade_id": 666027759, "side": "sell", "size": "0.45274800", "price": "2932.65000000", "time": "2025-07-12T16:37:34.080324Z", "fetched_at": "2025-07-12T16:39:33.693668+00:00", "symbol": "ETH-USD"}, {"trade_id": 666027758, "side": "buy", "size": "0.18377802", "price": "2932.42000000", "time": "2025-07-12T16:37:34.056766Z", "fetched_at": "2025-07-12T16:39:33.693668+00:00", "symbol": "ETH-USD"}, {"trade_id": 666027757, "side": "buy", "size": "0.06368973", "price": "2932.44000000", "time": "2025-07-12T16:37:34.056766Z", "fetched_at": "2025-07-12T16:39:33.693668+00:00", "symbol": "ETH-USD"}, {"trade_id": 666027756, "side": "buy", "size": "0.00253225", "price": "2932.45000000", "time": "2025-07-12T16:37:34.056766Z", "fetched_at": "2025-07-12T16:39:33.693668+00:00", "symbol": "ETH-USD"}, {"trade_id": 666027755, "side": "buy", "size": "0.03816353", "price": "2932.43000000", "time": "2025-07-12T16:37:33.801293Z", "fetched_at": "2025-07-12T16:39:33.693668+00:00", "symbol": "ETH-USD"}, {"trade_id": 666027754, "side": "buy", "size": "0.00253334", "price": "2932.44000000", "time": "2025-07-12T16:37:33.801293Z", "fetched_at": "2025-07-12T16:39:33.693668+00:00", "symbol": "ETH-USD"}, {"trade_id": 666027753, "side": "sell", "size": "0.06076913", "price": "2932.66000000", "time": "2025-07-12T16:37:33.552683Z", "fetched_at": "2025-07-12T16:39:33.693668+00:00", "symbol": "ETH-USD"}, {"trade_id": 666027752, "side": "sell", "size": "0.00646955", "price": "2932.67000000", "time": "2025-07-12T16:37:31.983515Z", "fetched_at": "2025-07-12T16:39:33.693668+00:00", "symbol": "ETH-USD"}, {"trade_id": 666027751, "side": "sell", "size": "0.04000000", "price": "2932.68000000", "time": "2025-07-12T16:37:31.258639Z", "fetched_at": "2025-07-12T16:39:33.693668+00:00", "symbol": "ETH-USD"}, {"trade_id": 666027750, "side": "buy", "size": "0.00241878", "price": "2932.39000000", "time": "2025-07-12T16:37:31.061715Z", "fetched_at": "2025-07-12T16:39:33.693668+00:00", "symbol": "ETH-USD"}, {"trade_id": 666027749, "side": "buy", "size": "0.00341013", "price": "2932.44000000", "time": "2025-07-12T16:37:31.061715Z", "fetched_at": "2025-07-12T16:39:33.693668+00:00", "symbol": "ETH-USD"}, {"trade_id": 666027748, "side": "buy", "size": "0.00026520", "price": "2932.48000000", "time": "2025-07-12T16:37:30.338192Z", "fetched_at": "2025-07-12T16:39:33.693668+00:00", "symbol": "ETH-USD"}, {"trade_id": 666027747, "side": "buy", "size": "0.00339843", "price": "2932.68000000", "time": "2025-07-12T16:37:29.893055Z", "fetched_at": "2025-07-12T16:39:33.693668+00:00", "symbol": "ETH-USD"}, {"trade_id": 666027746, "side": "sell", "size": "0.00096906", "price": "2932.69000000", "time": "2025-07-12T16:37:28.714335Z", "fetched_at": "2025-07-12T16:39:33.693668+00:00", "symbol": "ETH-USD"}, {"trade_id": 666027745, "side": "buy", "size": "0.03103194", "price": "2932.43000000", "time": "2025-07-12T16:37:27.141852Z", "fetched_at": "2025-07-12T16:39:33.693668+00:00", "symbol": "ETH-USD"}, {"trade_id": 666027744, "side": "buy", "size": "0.00341013", "price": "2932.44000000", "time": "2025-07-12T16:37:27.141852Z", "fetched_at": "2025-07-12T16:39:33.693668+00:00", "symbol": "ETH-USD"}, {"trade_id": 666027743, "side": "sell", "size": "0.48114844", "price": "2932.69000000", "time": "2025-07-12T16:37:26.556377Z", "fetched_at": "2025-07-12T16:39:33.693668+00:00", "symbol": "ETH-USD"}, {"trade_id": 666027742, "side": "sell", "size": "0.44844573", "price": "2932.68000000", "time": "2025-07-12T16:37:26.556377Z", "fetched_at": "2025-07-12T16:39:33.693668+00:00", "symbol": "ETH-USD"}, {"trade_id": 666027741, "side": "buy", "size": "0.01705303", "price": "2932.72000000", "time": "2025-07-12T16:37:23.927989Z", "fetched_at": "2025-07-12T16:39:33.693668+00:00", "symbol": "ETH-USD"}, {"trade_id": 666027740, "side": "sell", "size": "0.00066176", "price": "2932.73000000", "time": "2025-07-12T16:37:23.036751Z", "fetched_at": "2025-07-12T16:39:33.693668+00:00", "symbol": "ETH-USD"}, {"trade_id": 666027739, "side": "sell", "size": "0.20000000", "price": "2932.69000000", "time": "2025-07-12T16:37:22.360089Z", "fetched_at": "2025-07-12T16:39:33.693668+00:00", "symbol": "ETH-USD"}, {"trade_id": 666027738, "side": "sell", "size": "0.80000000", "price": "2932.69000000", "time": "2025-07-12T16:37:22.360089Z", "fetched_at": "2025-07-12T16:39:33.693668+00:00", "symbol": "ETH-USD"}, {"trade_id": 666027737, "side": "sell", "size": "0.40000000", "price": "2932.69000000", "time": "2025-07-12T16:37:22.360089Z", "fetched_at": "2025-07-12T16:39:33.693668+00:00", "symbol": "ETH-USD"}, {"trade_id": 666027736, "side": "sell", "size": "1.08296614", "price": "2932.68000000", "time": "2025-07-12T16:37:22.360089Z", "fetched_at": "2025-07-12T16:39:33.693668+00:00", "symbol": "ETH-USD"}, {"trade_id": 666027735, "side": "sell", "size": "0.24269000", "price": "2932.68000000", "time": "2025-07-12T16:37:22.360089Z", "fetched_at": "2025-07-12T16:39:33.693668+00:00", "symbol": "ETH-USD"}, {"trade_id": 666027734, "side": "sell", "size": "0.00100000", "price": "2932.60000000", "time": "2025-07-12T16:37:22.360089Z", "fetched_at": "2025-07-12T16:39:33.693668+00:00", "symbol": "ETH-USD"}, {"trade_id": 666027733, "side": "sell", "size": "0.00010334", "price": "2932.52000000", "time": "2025-07-12T16:37:22.360089Z", "fetched_at": "2025-07-12T16:39:33.693668+00:00", "symbol": "ETH-USD"}, {"trade_id": 666027732, "side": "sell", "size": "0.02348815", "price": "2932.47000000", "time": "2025-07-12T16:37:22.360089Z", "fetched_at": "2025-07-12T16:39:33.693668+00:00", "symbol": "ETH-USD"}, {"trade_id": 666027731, "side": "sell", "size": "0.00460806", "price": "2932.17000000", "time": "2025-07-12T16:37:16.887120Z", "fetched_at": "2025-07-12T16:39:33.693668+00:00", "symbol": "ETH-USD"}, {"trade_id": 666027730, "side": "sell", "size": "0.01343719", "price": "2932.16000000", "time": "2025-07-12T16:37:15.357023Z", "fetched_at": "2025-07-12T16:39:33.693668+00:00", "symbol": "ETH-USD"}, {"trade_id": 666027729, "side": "buy", "size": "0.00015689", "price": "2931.94000000", "time": "2025-07-12T16:37:13.550379Z", "fetched_at": "2025-07-12T16:39:33.693668+00:00", "symbol": "ETH-USD"}, {"trade_id": 666027728, "side": "buy", "size": "0.00086425", "price": "2931.94000000", "time": "2025-07-12T16:37:11.632770Z", "fetched_at": "2025-07-12T16:39:33.693668+00:00", "symbol": "ETH-USD"}, {"trade_id": 666027727, "side": "buy", "size": "0.00100000", "price": "2931.94000000", "time": "2025-07-12T16:37:11.632770Z", "fetched_at": "2025-07-12T16:39:33.693668+00:00", "symbol": "ETH-USD"}, {"trade_id": 666027726, "side": "sell", "size": "0.08284773", "price": "2932.11000000", "time": "2025-07-12T16:37:11.150615Z", "fetched_at": "2025-07-12T16:39:33.693668+00:00", "symbol": "ETH-USD"}, {"trade_id": 666027725, "side": "sell", "size": "0.00336911", "price": "2932.06000000", "time": "2025-07-12T16:37:10.474032Z", "fetched_at": "2025-07-12T16:39:33.693668+00:00", "symbol": "ETH-USD"}, {"trade_id": 666027724, "side": "buy", "size": "0.61517623", "price": "2932.15000000", "time": "2025-07-12T16:37:10.449196Z", "fetched_at": "2025-07-12T16:39:33.693668+00:00", "symbol": "ETH-USD"}, {"trade_id": 666027723, "side": "buy", "size": "0.00095834", "price": "2932.15000000", "time": "2025-07-12T16:37:10.449196Z", "fetched_at": "2025-07-12T16:39:33.693668+00:00", "symbol": "ETH-USD"}, {"trade_id": 666027722, "side": "buy", "size": "0.00609450", "price": "2932.15000000", "time": "2025-07-12T16:37:10.449196Z", "fetched_at": "2025-07-12T16:39:33.693668+00:00", "symbol": "ETH-USD"}, {"trade_id": 666027721, "side": "buy", "size": "0.01413287", "price": "2932.15000000", "time": "2025-07-12T16:37:10.449196Z", "fetched_at": "2025-07-12T16:39:33.693668+00:00", "symbol": "ETH-USD"}, {"trade_id": 666027720, "side": "buy", "size": "0.03000000", "price": "2932.15000000", "time": "2025-07-12T16:37:10.409638Z", "fetched_at": "2025-07-12T16:39:33.693668+00:00", "symbol": "ETH-USD"}, {"trade_id": 666027719, "side": "buy", "size": "0.04800000", "price": "2932.15000000", "time": "2025-07-12T16:37:09.707204Z", "fetched_at": "2025-07-12T16:39:33.693668+00:00", "symbol": "ETH-USD"}, {"trade_id": 666027718, "side": "buy", "size": "0.00100000", "price": "2932.16000000", "time": "2025-07-12T16:37:09.707204Z", "fetched_at": "2025-07-12T16:39:33.693668+00:00", "symbol": "ETH-USD"}, {"trade_id": 666027717, "side": "buy", "size": "0.01908432", "price": "2932.25000000", "time": "2025-07-12T16:37:08.932799Z", "fetched_at": "2025-07-12T16:39:33.693668+00:00", "symbol": "ETH-USD"}, {"trade_id": 666027716, "side": "buy", "size": "0.00800409", "price": "2932.25000000", "time": "2025-07-12T16:37:08.932799Z", "fetched_at": "2025-07-12T16:39:33.693668+00:00", "symbol": "ETH-USD"}, {"trade_id": 666027715, "side": "buy", "size": "0.00760508", "price": "2932.25000000", "time": "2025-07-12T16:37:08.932799Z", "fetched_at": "2025-07-12T16:39:33.693668+00:00", "symbol": "ETH-USD"}, {"trade_id": 666027714, "side": "buy", "size": "0.01542160", "price": "2932.25000000", "time": "2025-07-12T16:37:08.932799Z", "fetched_at": "2025-07-12T16:39:33.693668+00:00", "symbol": "ETH-USD"}, {"trade_id": 666027713, "side": "buy", "size": "0.00001023", "price": "2932.27000000", "time": "2025-07-12T16:37:08.923087Z", "fetched_at": "2025-07-12T16:39:33.693668+00:00", "symbol": "ETH-USD"}, {"trade_id": 666027712, "side": "buy", "size": "0.06250925", "price": "2932.27000000", "time": "2025-07-12T16:37:08.923087Z", "fetched_at": "2025-07-12T16:39:33.693668+00:00", "symbol": "ETH-USD"}, {"trade_id": 666027711, "side": "buy", "size": "0.50367906", "price": "2932.28000000", "time": "2025-07-12T16:37:08.923087Z", "fetched_at": "2025-07-12T16:39:33.693668+00:00", "symbol": "ETH-USD"}, {"trade_id": 666027710, "side": "buy", "size": "0.01093662", "price": "2932.35000000", "time": "2025-07-12T16:37:08.911983Z", "fetched_at": "2025-07-12T16:39:33.693668+00:00", "symbol": "ETH-USD"}, {"trade_id": 666027709, "side": "buy", "size": "1.36076758", "price": "2932.51000000", "time": "2025-07-12T16:37:08.819167Z", "fetched_at": "2025-07-12T16:39:33.693668+00:00", "symbol": "ETH-USD"}, {"trade_id": 666027708, "side": "buy", "size": "0.03388740", "price": "2932.56000000", "time": "2025-07-12T16:37:08.559086Z", "fetched_at": "2025-07-12T16:39:33.693668+00:00", "symbol": "ETH-USD"}, {"trade_id": 666027707, "side": "buy", "size": "0.01606400", "price": "2932.51000000", "time": "2025-07-12T16:37:07.885998Z", "fetched_at": "2025-07-12T16:39:33.693668+00:00", "symbol": "ETH-USD"}, {"trade_id": 666027706, "side": "buy", "size": "0.08586400", "price": "2932.51000000", "time": "2025-07-12T16:37:07.449725Z", "fetched_at": "2025-07-12T16:39:33.693668+00:00", "symbol": "ETH-USD"}, {"trade_id": 666027705, "side": "buy", "size": "0.02188412", "price": "2932.72000000", "time": "2025-07-12T16:37:07.367935Z", "fetched_at": "2025-07-12T16:39:33.693668+00:00", "symbol": "ETH-USD"}, {"trade_id": 666027704, "side": "buy", "size": "0.05833833", "price": "2932.72000000", "time": "2025-07-12T16:37:07.367935Z", "fetched_at": "2025-07-12T16:39:33.693668+00:00", "symbol": "ETH-USD"}, {"trade_id": 666027703, "side": "sell", "size": "0.14388131", "price": "2932.74000000", "time": "2025-07-12T16:37:05.303182Z", "fetched_at": "2025-07-12T16:39:33.693668+00:00", "symbol": "ETH-USD"}, {"trade_id": 666027702, "side": "sell", "size": "0.17049195", "price": "2932.69000000", "time": "2025-07-12T16:37:05.303182Z", "fetched_at": "2025-07-12T16:39:33.693668+00:00", "symbol": "ETH-USD"}, {"trade_id": 666027701, "side": "sell", "size": "0.00100000", "price": "2932.60000000", "time": "2025-07-12T16:37:05.303182Z", "fetched_at": "2025-07-12T16:39:33.693668+00:00", "symbol": "ETH-USD"}, {"trade_id": 666027700, "side": "sell", "size": "0.00027956", "price": "2932.52000000", "time": "2025-07-12T16:37:05.303182Z", "fetched_at": "2025-07-12T16:39:33.693668+00:00", "symbol": "ETH-USD"}, {"trade_id": 666027699, "side": "sell", "size": "0.00010335", "price": "2932.52000000", "time": "2025-07-12T16:37:05.303182Z", "fetched_at": "2025-07-12T16:39:33.693668+00:00", "symbol": "ETH-USD"}, {"trade_id": 666027698, "side": "sell", "size": "0.00055913", "price": "2932.52000000", "time": "2025-07-12T16:37:05.303182Z", "fetched_at": "2025-07-12T16:39:33.693668+00:00", "symbol": "ETH-USD"}, {"trade_id": 666027697, "side": "sell", "size": "0.00111825", "price": "2932.52000000", "time": "2025-07-12T16:37:05.303182Z", "fetched_at": "2025-07-12T16:39:33.693668+00:00", "symbol": "ETH-USD"}, {"trade_id": 666027696, "side": "sell", "size": "0.00005589", "price": "2932.52000000", "time": "2025-07-12T16:37:05.303182Z", "fetched_at": "2025-07-12T16:39:33.693668+00:00", "symbol": "ETH-USD"}, {"trade_id": 666027695, "side": "sell", "size": "0.00024001", "price": "2932.52000000", "time": "2025-07-12T16:37:05.303182Z", "fetched_at": "2025-07-12T16:39:33.693668+00:00", "symbol": "ETH-USD"}, {"trade_id": 666027694, "side": "sell", "size": "0.00030999", "price": "2932.52000000", "time": "2025-07-12T16:37:05.303182Z", "fetched_at": "2025-07-12T16:39:33.693668+00:00", "symbol": "ETH-USD"}, {"trade_id": 666027693, "side": "sell", "size": "0.00223650", "price": "2932.52000000", "time": "2025-07-12T16:37:05.303182Z", "fetched_at": "2025-07-12T16:39:33.693668+00:00", "symbol": "ETH-USD"}, {"trade_id": 666027692, "side": "sell", "size": "0.01045425", "price": "2932.52000000", "time": "2025-07-12T16:37:05.303182Z", "fetched_at": "2025-07-12T16:39:33.693668+00:00", "symbol": "ETH-USD"}, {"trade_id": 666027691, "side": "sell", "size": "0.00496967", "price": "2932.52000000", "time": "2025-07-12T16:37:04.744878Z", "fetched_at": "2025-07-12T16:39:33.693668+00:00", "symbol": "ETH-USD"}, {"trade_id": 666027690, "side": "buy", "size": "0.00010000", "price": "2932.51000000", "time": "2025-07-12T16:37:03.748061Z", "fetched_at": "2025-07-12T16:39:33.693668+00:00", "symbol": "ETH-USD"}, {"trade_id": 666027689, "side": "buy", "size": "0.06522400", "price": "2932.51000000", "time": "2025-07-12T16:37:03.563221Z", "fetched_at": "2025-07-12T16:39:33.693668+00:00", "symbol": "ETH-USD"}, {"trade_id": 666027688, "side": "buy", "size": "0.00642400", "price": "2932.51000000", "time": "2025-07-12T16:37:03.419078Z", "fetched_at": "2025-07-12T16:39:33.693668+00:00", "symbol": "ETH-USD"}, {"trade_id": 666027687, "side": "buy", "size": "0.13267132", "price": "2932.51000000", "time": "2025-07-12T16:37:03.419078Z", "fetched_at": "2025-07-12T16:39:33.693668+00:00", "symbol": "ETH-USD"}, {"trade_id": 666027686, "side": "buy", "size": "0.03312151", "price": "2932.51000000", "time": "2025-07-12T16:37:03.419078Z", "fetched_at": "2025-07-12T16:39:33.693668+00:00", "symbol": "ETH-USD"}, {"trade_id": 666027685, "side": "buy", "size": "0.00516650", "price": "2932.51000000", "time": "2025-07-12T16:37:02.762326Z", "fetched_at": "2025-07-12T16:39:33.693668+00:00", "symbol": "ETH-USD"}, {"trade_id": 666027684, "side": "buy", "size": "0.01525100", "price": "2932.51000000", "time": "2025-07-12T16:37:01.459535Z", "fetched_at": "2025-07-12T16:39:33.693668+00:00", "symbol": "ETH-USD"}, {"trade_id": 666027683, "side": "sell", "size": "0.02005942", "price": "2932.49000000", "time": "2025-07-12T16:37:00.719510Z", "fetched_at": "2025-07-12T16:39:33.693668+00:00", "symbol": "ETH-USD"}, {"trade_id": 666027682, "side": "sell", "size": "0.01441359", "price": "2932.49000000", "time": "2025-07-12T16:37:00.719350Z", "fetched_at": "2025-07-12T16:39:33.693668+00:00", "symbol": "ETH-USD"}, {"trade_id": 666027681, "side": "sell", "size": "0.00030102", "price": "2932.49000000", "time": "2025-07-12T16:37:00.719350Z", "fetched_at": "2025-07-12T16:39:33.693668+00:00", "symbol": "ETH-USD"}, {"trade_id": 666027680, "side": "sell", "size": "0.00010336", "price": "2932.49000000", "time": "2025-07-12T16:37:00.719350Z", "fetched_at": "2025-07-12T16:39:33.693668+00:00", "symbol": "ETH-USD"}, {"trade_id": 666027679, "side": "sell", "size": "0.00060203", "price": "2932.49000000", "time": "2025-07-12T16:37:00.719350Z", "fetched_at": "2025-07-12T16:39:33.693668+00:00", "symbol": "ETH-USD"}, {"trade_id": 666027678, "side": "sell", "size": "0.00849107", "price": "2932.49000000", "time": "2025-07-12T16:36:58.957834Z", "fetched_at": "2025-07-12T16:39:33.693668+00:00", "symbol": "ETH-USD"}, {"trade_id": 666027677, "side": "sell", "size": "0.03810000", "price": "2932.49000000", "time": "2025-07-12T16:36:58.287014Z", "fetched_at": "2025-07-12T16:39:33.693668+00:00", "symbol": "ETH-USD"}, {"trade_id": 666027676, "side": "sell", "size": "0.01990393", "price": "2932.52000000", "time": "2025-07-12T16:36:58.141653Z", "fetched_at": "2025-07-12T16:39:33.693668+00:00", "symbol": "ETH-USD"}, {"trade_id": 666027675, "side": "sell", "size": "0.00285312", "price": "2932.52000000", "time": "2025-07-12T16:36:58.141653Z", "fetched_at": "2025-07-12T16:39:33.693668+00:00", "symbol": "ETH-USD"}, {"trade_id": 666027674, "side": "sell", "size": "0.00266393", "price": "2932.38000000", "time": "2025-07-12T16:36:58.141653Z", "fetched_at": "2025-07-12T16:39:33.693668+00:00", "symbol": "ETH-USD"}, {"trade_id": 666027673, "side": "sell", "size": "0.00014134", "price": "2932.37000000", "time": "2025-07-12T16:36:58.141653Z", "fetched_at": "2025-07-12T16:39:33.693668+00:00", "symbol": "ETH-USD"}, {"trade_id": 666027672, "side": "sell", "size": "0.00120407", "price": "2932.36000000", "time": "2025-07-12T16:36:58.141653Z", "fetched_at": "2025-07-12T16:39:33.693668+00:00", "symbol": "ETH-USD"}, {"trade_id": 666027671, "side": "sell", "size": "0.00009151", "price": "2932.36000000", "time": "2025-07-12T16:36:58.141653Z", "fetched_at": "2025-07-12T16:39:33.693668+00:00", "symbol": "ETH-USD"}, {"trade_id": 666027670, "side": "sell", "size": "0.00039203", "price": "2932.36000000", "time": "2025-07-12T16:36:58.141653Z", "fetched_at": "2025-07-12T16:39:33.693668+00:00", "symbol": "ETH-USD"}, {"trade_id": 666027669, "side": "sell", "size": "0.00050606", "price": "2932.36000000", "time": "2025-07-12T16:36:58.141653Z", "fetched_at": "2025-07-12T16:39:33.693668+00:00", "symbol": "ETH-USD"}, {"trade_id": 666027668, "side": "sell", "size": "0.00240813", "price": "2932.36000000", "time": "2025-07-12T16:36:58.141653Z", "fetched_at": "2025-07-12T16:39:33.693668+00:00", "symbol": "ETH-USD"}, {"trade_id": 666027667, "side": "sell", "size": "0.03481625", "price": "2932.36000000", "time": "2025-07-12T16:36:58.141653Z", "fetched_at": "2025-07-12T16:39:33.693668+00:00", "symbol": "ETH-USD"}, {"trade_id": 666027666, "side": "sell", "size": "0.00133196", "price": "2932.36000000", "time": "2025-07-12T16:36:58.141653Z", "fetched_at": "2025-07-12T16:39:33.693668+00:00", "symbol": "ETH-USD"}, {"trade_id": 666027665, "side": "sell", "size": "0.01677000", "price": "2932.36000000", "time": "2025-07-12T16:36:56.771571Z", "fetched_at": "2025-07-12T16:39:33.693668+00:00", "symbol": "ETH-USD"}, {"trade_id": 666027664, "side": "sell", "size": "0.00160446", "price": "2932.36000000", "time": "2025-07-12T16:36:55.461097Z", "fetched_at": "2025-07-12T16:39:33.693668+00:00", "symbol": "ETH-USD"}, {"trade_id": 666027663, "side": "sell", "size": "0.00323550", "price": "2932.35000000", "time": "2025-07-12T16:36:54.500915Z", "fetched_at": "2025-07-12T16:39:33.693668+00:00", "symbol": "ETH-USD"}, {"trade_id": 666027662, "side": "buy", "size": "0.00275418", "price": "2932.27000000", "time": "2025-07-12T16:36:54.461668Z", "fetched_at": "2025-07-12T16:39:33.693668+00:00", "symbol": "ETH-USD"}, {"trade_id": 666027661, "side": "buy", "size": "0.00185400", "price": "2932.28000000", "time": "2025-07-12T16:36:54.461668Z", "fetched_at": "2025-07-12T16:39:33.693668+00:00", "symbol": "ETH-USD"}, {"trade_id": 666027660, "side": "sell", "size": "0.09421101", "price": "2932.46000000", "time": "2025-07-12T16:36:52.942743Z", "fetched_at": "2025-07-12T16:39:33.693668+00:00", "symbol": "ETH-USD"}, {"trade_id": 666027659, "side": "sell", "size": "0.04693773", "price": "2932.46000000", "time": "2025-07-12T16:36:52.942743Z", "fetched_at": "2025-07-12T16:39:33.693668+00:00", "symbol": "ETH-USD"}, {"trade_id": 666027658, "side": "sell", "size": "0.10000000", "price": "2932.45000000", "time": "2025-07-12T16:36:52.942743Z", "fetched_at": "2025-07-12T16:39:33.693668+00:00", "symbol": "ETH-USD"}, {"trade_id": 666027657, "side": "sell", "size": "0.10000000", "price": "2932.44000000", "time": "2025-07-12T16:36:52.942743Z", "fetched_at": "2025-07-12T16:39:33.693668+00:00", "symbol": "ETH-USD"}, {"trade_id": 666027656, "side": "sell", "size": "0.00323593", "price": "2932.52000000", "time": "2025-07-12T16:36:50.248603Z", "fetched_at": "2025-07-12T16:39:33.693668+00:00", "symbol": "ETH-USD"}, {"trade_id": 666027655, "side": "sell", "size": "0.00160424", "price": "2932.52000000", "time": "2025-07-12T16:36:49.853934Z", "fetched_at": "2025-07-12T16:39:33.693668+00:00", "symbol": "ETH-USD"}, {"trade_id": 666027654, "side": "sell", "size": "0.00160446", "price": "2932.52000000", "time": "2025-07-12T16:36:49.686246Z", "fetched_at": "2025-07-12T16:39:33.693668+00:00", "symbol": "ETH-USD"}, {"trade_id": 666027653, "side": "buy", "size": "0.01677000", "price": "2932.47000000", "time": "2025-07-12T16:36:48.597082Z", "fetched_at": "2025-07-12T16:39:33.693668+00:00", "symbol": "ETH-USD"}, {"trade_id": 666027652, "side": "sell", "size": "0.00100000", "price": "2932.38000000", "time": "2025-07-12T16:36:48.507483Z", "fetched_at": "2025-07-12T16:39:33.693668+00:00", "symbol": "ETH-USD"}, {"trade_id": 666027651, "side": "sell", "size": "0.17882407", "price": "2932.37000000", "time": "2025-07-12T16:36:48.507483Z", "fetched_at": "2025-07-12T16:39:33.693668+00:00", "symbol": "ETH-USD"}, {"trade_id": 666027650, "side": "sell", "size": "0.32603846", "price": "2932.19000000", "time": "2025-07-12T16:36:48.502980Z", "fetched_at": "2025-07-12T16:39:33.693668+00:00", "symbol": "ETH-USD"}, {"trade_id": 666027649, "side": "sell", "size": "0.17125577", "price": "2932.16000000", "time": "2025-07-12T16:36:48.502980Z", "fetched_at": "2025-07-12T16:39:33.693668+00:00", "symbol": "ETH-USD"}, {"trade_id": 666027648, "side": "sell", "size": "0.00100000", "price": "2932.16000000", "time": "2025-07-12T16:36:48.502980Z", "fetched_at": "2025-07-12T16:39:33.693668+00:00", "symbol": "ETH-USD"}, {"trade_id": 666027647, "side": "sell", "size": "0.00011396", "price": "2931.94000000", "time": "2025-07-12T16:36:48.502980Z", "fetched_at": "2025-07-12T16:39:33.693668+00:00", "symbol": "ETH-USD"}, {"trade_id": 666027646, "side": "sell", "size": "0.00008799", "price": "2931.94000000", "time": "2025-07-12T16:36:48.502980Z", "fetched_at": "2025-07-12T16:39:33.693668+00:00", "symbol": "ETH-USD"}, {"trade_id": 666027645, "side": "sell", "size": "0.00002028", "price": "2931.94000000", "time": "2025-07-12T16:36:48.502980Z", "fetched_at": "2025-07-12T16:39:33.693668+00:00", "symbol": "ETH-USD"}, {"trade_id": 666027644, "side": "sell", "size": "0.00100000", "price": "2931.94000000", "time": "2025-07-12T16:36:48.502980Z", "fetched_at": "2025-07-12T16:39:33.693668+00:00", "symbol": "ETH-USD"}, {"trade_id": 666027643, "side": "sell", "size": "0.13945777", "price": "2931.76000000", "time": "2025-07-12T16:36:48.441548Z", "fetched_at": "2025-07-12T16:39:33.693668+00:00", "symbol": "ETH-USD"}, {"trade_id": 666027642, "side": "sell", "size": "0.08570625", "price": "2931.72000000", "time": "2025-07-12T16:36:48.441548Z", "fetched_at": "2025-07-12T16:39:33.693668+00:00", "symbol": "ETH-USD"}, {"trade_id": 666027641, "side": "sell", "size": "0.00024004", "price": "2931.72000000", "time": "2025-07-12T16:36:48.441548Z", "fetched_at": "2025-07-12T16:39:33.693668+00:00", "symbol": "ETH-USD"}, {"trade_id": 666027640, "side": "sell", "size": "0.00031003", "price": "2931.72000000", "time": "2025-07-12T16:36:48.441548Z", "fetched_at": "2025-07-12T16:39:33.693668+00:00", "symbol": "ETH-USD"}, {"trade_id": 666027639, "side": "sell", "size": "0.00005588", "price": "2931.72000000", "time": "2025-07-12T16:36:48.441548Z", "fetched_at": "2025-07-12T16:39:33.693668+00:00", "symbol": "ETH-USD"}, {"trade_id": 666027638, "side": "sell", "size": "0.00006536", "price": "2931.72000000", "time": "2025-07-12T16:36:48.441548Z", "fetched_at": "2025-07-12T16:39:33.693668+00:00", "symbol": "ETH-USD"}, {"trade_id": 666027637, "side": "sell", "size": "0.00100000", "price": "2931.72000000", "time": "2025-07-12T16:36:48.441548Z", "fetched_at": "2025-07-12T16:39:33.693668+00:00", "symbol": "ETH-USD"}, {"trade_id": 666027636, "side": "buy", "size": "0.00020000", "price": "2931.71000000", "time": "2025-07-12T16:36:47.953380Z", "fetched_at": "2025-07-12T16:39:33.693668+00:00", "symbol": "ETH-USD"}, {"trade_id": 666027635, "side": "sell", "size": "0.00100000", "price": "2931.50000000", "time": "2025-07-12T16:36:46.962903Z", "fetched_at": "2025-07-12T16:39:33.693668+00:00", "symbol": "ETH-USD"}, {"trade_id": 666027634, "side": "sell", "size": "0.00001830", "price": "2931.47000000", "time": "2025-07-12T16:36:46.958811Z", "fetched_at": "2025-07-12T16:39:33.693668+00:00", "symbol": "ETH-USD"}, {"trade_id": 666027633, "side": "sell", "size": "0.00070176", "price": "2931.47000000", "time": "2025-07-12T16:36:46.954920Z", "fetched_at": "2025-07-12T16:39:33.693668+00:00", "symbol": "ETH-USD"}, {"trade_id": 666027632, "side": "sell", "size": "0.00093003", "price": "2931.47000000", "time": "2025-07-12T16:36:46.954920Z", "fetched_at": "2025-07-12T16:39:33.693668+00:00", "symbol": "ETH-USD"}, {"trade_id": 666027631, "side": "sell", "size": "0.00046991", "price": "2931.47000000", "time": "2025-07-12T16:36:46.954920Z", "fetched_at": "2025-07-12T16:39:33.693668+00:00", "symbol": "ETH-USD"}, {"trade_id": 666027630, "side": "sell", "size": "0.00016768", "price": "2931.47000000", "time": "2025-07-12T16:36:46.954920Z", "fetched_at": "2025-07-12T16:39:33.693668+00:00", "symbol": "ETH-USD"}, {"trade_id": 666027629, "side": "sell", "size": "0.02812062", "price": "2931.47000000", "time": "2025-07-12T16:36:46.954920Z", "fetched_at": "2025-07-12T16:39:33.693668+00:00", "symbol": "ETH-USD"}, {"trade_id": 666027628, "side": "sell", "size": "0.00101321", "price": "2931.47000000", "time": "2025-07-12T16:36:45.130242Z", "fetched_at": "2025-07-12T16:39:33.693668+00:00", "symbol": "ETH-USD"}, {"trade_id": 666027627, "side": "sell", "size": "0.01839280", "price": "2931.47000000", "time": "2025-07-12T16:36:44.893157Z", "fetched_at": "2025-07-12T16:39:33.693668+00:00", "symbol": "ETH-USD"}, {"trade_id": 666027626, "side": "sell", "size": "0.00033533", "price": "2931.47000000", "time": "2025-07-12T16:36:44.893157Z", "fetched_at": "2025-07-12T16:39:33.693668+00:00", "symbol": "ETH-USD"}, {"trade_id": 666027625, "side": "sell", "size": "0.00144013", "price": "2931.47000000", "time": "2025-07-12T16:36:44.893157Z", "fetched_at": "2025-07-12T16:39:33.693668+00:00", "symbol": "ETH-USD"}, {"trade_id": 666027624, "side": "sell", "size": "0.00062010", "price": "2931.47000000", "time": "2025-07-12T16:36:44.893157Z", "fetched_at": "2025-07-12T16:39:33.693668+00:00", "symbol": "ETH-USD"}, {"trade_id": 666027623, "side": "sell", "size": "0.00185999", "price": "2931.47000000", "time": "2025-07-12T16:36:44.893157Z", "fetched_at": "2025-07-12T16:39:33.693668+00:00", "symbol": "ETH-USD"}, {"trade_id": 666027622, "side": "sell", "size": "0.30000000", "price": "2931.30000000", "time": "2025-07-12T16:36:43.702809Z", "fetched_at": "2025-07-12T16:39:33.693668+00:00", "symbol": "ETH-USD"}, {"trade_id": 666027621, "side": "sell", "size": "0.09335336", "price": "2931.29000000", "time": "2025-07-12T16:36:43.702809Z", "fetched_at": "2025-07-12T16:39:33.693668+00:00", "symbol": "ETH-USD"}, {"trade_id": 666027620, "side": "sell", "size": "0.00857978", "price": "2931.29000000", "time": "2025-07-12T16:36:43.702809Z", "fetched_at": "2025-07-12T16:39:33.693668+00:00", "symbol": "ETH-USD"}, {"trade_id": 666027619, "side": "sell", "size": "0.50000000", "price": "2931.05000000", "time": "2025-07-12T16:36:43.682764Z", "fetched_at": "2025-07-12T16:39:33.693668+00:00", "symbol": "ETH-USD"}, {"trade_id": 666027618, "side": "sell", "size": "0.09706002", "price": "2930.93000000", "time": "2025-07-12T16:36:42.957471Z", "fetched_at": "2025-07-12T16:39:33.693668+00:00", "symbol": "ETH-USD"}, {"trade_id": 666027617, "side": "sell", "size": "0.00192054", "price": "2930.93000000", "time": "2025-07-12T16:36:42.717038Z", "fetched_at": "2025-07-12T16:39:33.693668+00:00", "symbol": "ETH-USD"}, {"trade_id": 666027616, "side": "sell", "size": "0.00865408", "price": "2930.93000000", "time": "2025-07-12T16:36:40.885706Z", "fetched_at": "2025-07-12T16:39:33.693668+00:00", "symbol": "ETH-USD"}, {"trade_id": 666027615, "side": "sell", "size": "0.30000000", "price": "2930.90000000", "time": "2025-07-12T16:36:40.885706Z", "fetched_at": "2025-07-12T16:39:33.693668+00:00", "symbol": "ETH-USD"}, {"trade_id": 666027614, "side": "buy", "size": "0.00100000", "price": "2931.06000000", "time": "2025-07-12T16:36:39.995704Z", "fetched_at": "2025-07-12T16:39:33.693668+00:00", "symbol": "ETH-USD"}, {"trade_id": 666027613, "side": "buy", "size": "0.00000341", "price": "2931.28000000", "time": "2025-07-12T16:36:39.860634Z", "fetched_at": "2025-07-12T16:39:33.693668+00:00", "symbol": "ETH-USD"}, {"trade_id": 666027612, "side": "buy", "size": "0.04376927", "price": "2931.28000000", "time": "2025-07-12T16:36:39.860634Z", "fetched_at": "2025-07-12T16:39:33.693668+00:00", "symbol": "ETH-USD"}, {"trade_id": 666027611, "side": "buy", "size": "0.06752193", "price": "2931.28000000", "time": "2025-07-12T16:36:39.860634Z", "fetched_at": "2025-07-12T16:39:33.693668+00:00", "symbol": "ETH-USD"}, {"trade_id": 666027610, "side": "buy", "size": "0.44510852", "price": "2931.28000000", "time": "2025-07-12T16:36:39.071735Z", "fetched_at": "2025-07-12T16:39:33.693668+00:00", "symbol": "ETH-USD"}, {"trade_id": 666027609, "side": "buy", "size": "0.82332256", "price": "2931.28000000", "time": "2025-07-12T16:36:39.068214Z", "fetched_at": "2025-07-12T16:39:33.693668+00:00", "symbol": "ETH-USD"}, {"trade_id": 666027608, "side": "buy", "size": "0.01640921", "price": "2931.28000000", "time": "2025-07-12T16:36:39.068214Z", "fetched_at": "2025-07-12T16:39:33.693668+00:00", "symbol": "ETH-USD"}, {"trade_id": 666027607, "side": "buy", "size": "0.02014478", "price": "2931.28000000", "time": "2025-07-12T16:36:39.068214Z", "fetched_at": "2025-07-12T16:39:33.693668+00:00", "symbol": "ETH-USD"}, {"trade_id": 666027606, "side": "buy", "size": "0.00585759", "price": "2931.28000000", "time": "2025-07-12T16:36:39.068214Z", "fetched_at": "2025-07-12T16:39:33.693668+00:00", "symbol": "ETH-USD"}, {"trade_id": 666027605, "side": "sell", "size": "0.00301306", "price": "2931.29000000", "time": "2025-07-12T16:36:38.840606Z", "fetched_at": "2025-07-12T16:39:33.693668+00:00", "symbol": "ETH-USD"}, {"trade_id": 666027604, "side": "sell", "size": "0.01477851", "price": "2931.29000000", "time": "2025-07-12T16:36:38.840606Z", "fetched_at": "2025-07-12T16:39:33.693668+00:00", "symbol": "ETH-USD"}, {"trade_id": 666027603, "side": "buy", "size": "0.00072997", "price": "2931.28000000", "time": "2025-07-12T16:36:35.534492Z", "fetched_at": "2025-07-12T16:39:33.693668+00:00", "symbol": "ETH-USD"}, {"trade_id": 666027602, "side": "buy", "size": "0.00100000", "price": "2931.28000000", "time": "2025-07-12T16:36:35.534492Z", "fetched_at": "2025-07-12T16:39:33.693668+00:00", "symbol": "ETH-USD"}, {"trade_id": 666027601, "side": "sell", "size": "0.00339782", "price": "2931.29000000", "time": "2025-07-12T16:36:33.172749Z", "fetched_at": "2025-07-12T16:39:33.693668+00:00", "symbol": "ETH-USD"}, {"trade_id": 666027600, "side": "sell", "size": "0.02183338", "price": "2931.29000000", "time": "2025-07-12T16:36:32.881621Z", "fetched_at": "2025-07-12T16:39:33.693668+00:00", "symbol": "ETH-USD"}, {"trade_id": 666027599, "side": "sell", "size": "0.10965804", "price": "2931.29000000", "time": "2025-07-12T16:36:32.881621Z", "fetched_at": "2025-07-12T16:39:33.693668+00:00", "symbol": "ETH-USD"}, {"trade_id": 666027598, "side": "sell", "size": "0.00109569", "price": "2931.29000000", "time": "2025-07-12T16:36:32.881621Z", "fetched_at": "2025-07-12T16:39:33.693668+00:00", "symbol": "ETH-USD"}, {"trade_id": 666027597, "side": "buy", "size": "0.00341120", "price": "2931.52000000", "time": "2025-07-12T16:36:32.034745Z", "fetched_at": "2025-07-12T16:39:33.693668+00:00", "symbol": "ETH-USD"}, {"trade_id": 666027596, "side": "buy", "size": "0.49417416", "price": "2931.35000000", "time": "2025-07-12T16:36:32.017710Z", "fetched_at": "2025-07-12T16:39:33.693668+00:00", "symbol": "ETH-USD"}, {"trade_id": 666027595, "side": "buy", "size": "0.56545922", "price": "2931.37000000", "time": "2025-07-12T16:36:32.017710Z", "fetched_at": "2025-07-12T16:39:33.693668+00:00", "symbol": "ETH-USD"}, {"trade_id": 666027594, "side": "buy", "size": "0.07890811", "price": "2931.38000000", "time": "2025-07-12T16:36:32.017710Z", "fetched_at": "2025-07-12T16:39:33.693668+00:00", "symbol": "ETH-USD"}, {"trade_id": 666027593, "side": "buy", "size": "0.13641792", "price": "2931.42000000", "time": "2025-07-12T16:36:32.017710Z", "fetched_at": "2025-07-12T16:39:33.693668+00:00", "symbol": "ETH-USD"}, {"trade_id": 666027592, "side": "buy", "size": "0.36558404", "price": "2931.50000000", "time": "2025-07-12T16:36:32.017710Z", "fetched_at": "2025-07-12T16:39:33.693668+00:00", "symbol": "ETH-USD"}, {"trade_id": 666027591, "side": "buy", "size": "0.00100000", "price": "2931.50000000", "time": "2025-07-12T16:36:32.017710Z", "fetched_at": "2025-07-12T16:39:33.693668+00:00", "symbol": "ETH-USD"}, {"trade_id": 666027590, "side": "buy", "size": "0.00092197", "price": "2931.51000000", "time": "2025-07-12T16:36:32.017710Z", "fetched_at": "2025-07-12T16:39:33.693668+00:00", "symbol": "ETH-USD"}, {"trade_id": 666027589, "side": "buy", "size": "0.13249826", "price": "2931.51000000", "time": "2025-07-12T16:36:32.017710Z", "fetched_at": "2025-07-12T16:39:33.693668+00:00", "symbol": "ETH-USD"}, {"trade_id": 666027588, "side": "buy", "size": "0.05057461", "price": "2931.51000000", "time": "2025-07-12T16:36:32.017710Z", "fetched_at": "2025-07-12T16:39:33.693668+00:00", "symbol": "ETH-USD"}, {"trade_id": 666027587, "side": "buy", "size": "0.00341120", "price": "2931.52000000", "time": "2025-07-12T16:36:32.017710Z", "fetched_at": "2025-07-12T16:39:33.693668+00:00", "symbol": "ETH-USD"}, {"trade_id": 666027586, "side": "buy", "size": "0.00001364", "price": "2931.74000000", "time": "2025-07-12T16:36:32.016125Z", "fetched_at": "2025-07-12T16:39:33.693668+00:00", "symbol": "ETH-USD"}, {"trade_id": 666027585, "side": "buy", "size": "0.01657036", "price": "2931.74000000", "time": "2025-07-12T16:36:32.016125Z", "fetched_at": "2025-07-12T16:39:33.693668+00:00", "symbol": "ETH-USD"}, {"trade_id": 666027584, "side": "buy", "size": "0.00048435", "price": "2931.74000000", "time": "2025-07-12T16:36:32.016125Z", "fetched_at": "2025-07-12T16:39:33.693668+00:00", "symbol": "ETH-USD"}, {"trade_id": 666027583, "side": "buy", "size": "0.00096870", "price": "2931.74000000", "time": "2025-07-12T16:36:32.016125Z", "fetched_at": "2025-07-12T16:39:33.693668+00:00", "symbol": "ETH-USD"}, {"trade_id": 666027582, "side": "sell", "size": "0.00662711", "price": "2931.75000000", "time": "2025-07-12T16:36:29.732590Z", "fetched_at": "2025-07-12T16:39:33.693668+00:00", "symbol": "ETH-USD"}, {"trade_id": 666027581, "side": "sell", "size": "0.00337615", "price": "2931.75000000", "time": "2025-07-12T16:36:28.242487Z", "fetched_at": "2025-07-12T16:39:33.693668+00:00", "symbol": "ETH-USD"}, {"trade_id": 666027580, "side": "buy", "size": "0.01023477", "price": "2931.52000000", "time": "2025-07-12T16:36:27.800415Z", "fetched_at": "2025-07-12T16:39:33.693668+00:00", "symbol": "ETH-USD"}, {"trade_id": 666027579, "side": "buy", "size": "0.00341119", "price": "2931.53000000", "time": "2025-07-12T16:36:27.800415Z", "fetched_at": "2025-07-12T16:39:33.693668+00:00", "symbol": "ETH-USD"}, {"trade_id": 666027578, "side": "buy", "size": "0.00193058", "price": "2931.75000000", "time": "2025-07-12T16:36:27.800415Z", "fetched_at": "2025-07-12T16:39:33.693668+00:00", "symbol": "ETH-USD"}, {"trade_id": 666027577, "side": "buy", "size": "0.00386458", "price": "2931.75000000", "time": "2025-07-12T16:36:27.800415Z", "fetched_at": "2025-07-12T16:39:33.693668+00:00", "symbol": "ETH-USD"}, {"trade_id": 666027576, "side": "sell", "size": "0.04838134", "price": "2931.79000000", "time": "2025-07-12T16:36:25.256187Z", "fetched_at": "2025-07-12T16:39:33.693668+00:00", "symbol": "ETH-USD"}, {"trade_id": 666027575, "side": "buy", "size": "0.16359761", "price": "2931.54000000", "time": "2025-07-12T16:36:24.743824Z", "fetched_at": "2025-07-12T16:39:33.693668+00:00", "symbol": "ETH-USD"}, {"trade_id": 666027574, "side": "buy", "size": "0.48467768", "price": "2931.55000000", "time": "2025-07-12T16:36:24.743824Z", "fetched_at": "2025-07-12T16:39:33.693668+00:00", "symbol": "ETH-USD"}, {"trade_id": 666027573, "side": "buy", "size": "0.14205862", "price": "2931.56000000", "time": "2025-07-12T16:36:24.743824Z", "fetched_at": "2025-07-12T16:39:33.693668+00:00", "symbol": "ETH-USD"}, {"trade_id": 666027572, "side": "buy", "size": "0.00341115", "price": "2931.57000000", "time": "2025-07-12T16:36:24.743824Z", "fetched_at": "2025-07-12T16:39:33.693668+00:00", "symbol": "ETH-USD"}, {"trade_id": 666027571, "side": "buy", "size": "0.00100000", "price": "2931.72000000", "time": "2025-07-12T16:36:24.743824Z", "fetched_at": "2025-07-12T16:39:33.693668+00:00", "symbol": "ETH-USD"}, {"trade_id": 666027570, "side": "buy", "size": "0.00060000", "price": "2931.89000000", "time": "2025-07-12T16:36:24.743824Z", "fetched_at": "2025-07-12T16:39:33.693668+00:00", "symbol": "ETH-USD"}, {"trade_id": 666027569, "side": "buy", "size": "0.02188690", "price": "2931.89000000", "time": "2025-07-12T16:36:24.743824Z", "fetched_at": "2025-07-12T16:39:33.693668+00:00", "symbol": "ETH-USD"}, {"trade_id": 666027568, "side": "buy", "size": "0.08759196", "price": "2931.89000000", "time": "2025-07-12T16:36:24.743824Z", "fetched_at": "2025-07-12T16:39:33.693668+00:00", "symbol": "ETH-USD"}, {"trade_id": 666027567, "side": "sell", "size": "0.04851856", "price": "2931.90000000", "time": "2025-07-12T16:36:23.292630Z", "fetched_at": "2025-07-12T16:39:33.693668+00:00", "symbol": "ETH-USD"}, {"trade_id": 666027566, "side": "sell", "size": "0.05922236", "price": "2931.90000000", "time": "2025-07-12T16:36:20.810979Z", "fetched_at": "2025-07-12T16:39:33.693668+00:00", "symbol": "ETH-USD"}, {"trade_id": 666027565, "side": "sell", "size": "0.27179000", "price": "2931.90000000", "time": "2025-07-12T16:36:20.810979Z", "fetched_at": "2025-07-12T16:39:33.693668+00:00", "symbol": "ETH-USD"}, {"trade_id": 666027564, "side": "buy", "size": "0.00890000", "price": "2931.94000000", "time": "2025-07-12T16:36:20.748368Z", "fetched_at": "2025-07-12T16:39:33.693668+00:00", "symbol": "ETH-USD"}, {"trade_id": 666027563, "side": "buy", "size": "0.00100000", "price": "2931.94000000", "time": "2025-07-12T16:36:20.748368Z", "fetched_at": "2025-07-12T16:39:33.693668+00:00", "symbol": "ETH-USD"}, {"trade_id": 666027562, "side": "sell", "size": "0.00670000", "price": "2931.95000000", "time": "2025-07-12T16:36:20.160470Z", "fetched_at": "2025-07-12T16:39:33.693668+00:00", "symbol": "ETH-USD"}, {"trade_id": 666027561, "side": "sell", "size": "0.09280000", "price": "2931.95000000", "time": "2025-07-12T16:36:19.749904Z", "fetched_at": "2025-07-12T16:39:33.693668+00:00", "symbol": "ETH-USD"}, {"trade_id": 666027560, "side": "sell", "size": "0.26772164", "price": "2932.09000000", "time": "2025-07-12T16:36:17.943688Z", "fetched_at": "2025-07-12T16:39:33.693668+00:00", "symbol": "ETH-USD"}, {"trade_id": 666027559, "side": "sell", "size": "0.00091255", "price": "2932.08000000", "time": "2025-07-12T16:36:17.943688Z", "fetched_at": "2025-07-12T16:39:33.693668+00:00", "symbol": "ETH-USD"}, {"trade_id": 666027558, "side": "sell", "size": "0.15000000", "price": "2931.98000000", "time": "2025-07-12T16:36:17.943688Z", "fetched_at": "2025-07-12T16:39:33.693668+00:00", "symbol": "ETH-USD"}, {"trade_id": 666027557, "side": "sell", "size": "0.17053322", "price": "2931.98000000", "time": "2025-07-12T16:36:17.943688Z", "fetched_at": "2025-07-12T16:39:33.693668+00:00", "symbol": "ETH-USD"}, {"trade_id": 666027556, "side": "buy", "size": "0.03281914", "price": "2932.13000000", "time": "2025-07-12T16:36:17.606926Z", "fetched_at": "2025-07-12T16:39:33.693668+00:00", "symbol": "ETH-USD"}, {"trade_id": 666027555, "side": "buy", "size": "0.08750294", "price": "2932.13000000", "time": "2025-07-12T16:36:17.606926Z", "fetched_at": "2025-07-12T16:39:33.693668+00:00", "symbol": "ETH-USD"}, {"trade_id": 666027554, "side": "buy", "size": "0.07895102", "price": "2932.13000000", "time": "2025-07-12T16:36:17.606926Z", "fetched_at": "2025-07-12T16:39:33.693668+00:00", "symbol": "ETH-USD"}, {"trade_id": 666027553, "side": "buy", "size": "0.04456000", "price": "2932.16000000", "time": "2025-07-12T16:36:17.596709Z", "fetched_at": "2025-07-12T16:39:33.693668+00:00", "symbol": "ETH-USD"}, {"trade_id": 666027552, "side": "buy", "size": "0.00150000", "price": "2932.16000000", "time": "2025-07-12T16:36:17.596709Z", "fetched_at": "2025-07-12T16:39:33.693668+00:00", "symbol": "ETH-USD"}