[{"trade_id": 665988425, "side": "sell", "size": "0.00572863", "price": "2936.73000000", "time": "2025-07-12T14:39:28.637521Z", "fetched_at": "2025-07-12T14:39:35.154127+00:00", "symbol": "ETH-USD"}, {"trade_id": 665988424, "side": "sell", "size": "0.00010335", "price": "2936.69000000", "time": "2025-07-12T14:39:28.637521Z", "fetched_at": "2025-07-12T14:39:35.154127+00:00", "symbol": "ETH-USD"}, {"trade_id": 665988423, "side": "sell", "size": "0.00034322", "price": "2936.69000000", "time": "2025-07-12T14:39:28.637521Z", "fetched_at": "2025-07-12T14:39:35.154127+00:00", "symbol": "ETH-USD"}, {"trade_id": 665988422, "side": "buy", "size": "0.37560305", "price": "2936.67000000", "time": "2025-07-12T14:39:28.344267Z", "fetched_at": "2025-07-12T14:39:35.154127+00:00", "symbol": "ETH-USD"}, {"trade_id": 665988421, "side": "buy", "size": "0.47398695", "price": "2936.68000000", "time": "2025-07-12T14:39:28.344267Z", "fetched_at": "2025-07-12T14:39:35.154127+00:00", "symbol": "ETH-USD"}, {"trade_id": 665988420, "side": "buy", "size": "0.00041000", "price": "2936.68000000", "time": "2025-07-12T14:39:28.344267Z", "fetched_at": "2025-07-12T14:39:35.154127+00:00", "symbol": "ETH-USD"}, {"trade_id": 665988419, "side": "buy", "size": "0.15000000", "price": "2936.68000000", "time": "2025-07-12T14:39:28.344267Z", "fetched_at": "2025-07-12T14:39:35.154127+00:00", "symbol": "ETH-USD"}, {"trade_id": 665988418, "side": "sell", "size": "0.16443585", "price": "2936.81000000", "time": "2025-07-12T14:39:26.559488Z", "fetched_at": "2025-07-12T14:39:35.154127+00:00", "symbol": "ETH-USD"}, {"trade_id": 665988417, "side": "sell", "size": "0.00005589", "price": "2936.79000000", "time": "2025-07-12T14:39:26.559488Z", "fetched_at": "2025-07-12T14:39:35.154127+00:00", "symbol": "ETH-USD"}, {"trade_id": 665988416, "side": "sell", "size": "0.00024001", "price": "2936.79000000", "time": "2025-07-12T14:39:26.559488Z", "fetched_at": "2025-07-12T14:39:35.154127+00:00", "symbol": "ETH-USD"}, {"trade_id": 665988415, "side": "sell", "size": "0.00031002", "price": "2936.79000000", "time": "2025-07-12T14:39:26.559488Z", "fetched_at": "2025-07-12T14:39:35.154127+00:00", "symbol": "ETH-USD"}, {"trade_id": 665988414, "side": "sell", "size": "0.00034527", "price": "2936.69000000", "time": "2025-07-12T14:39:26.559488Z", "fetched_at": "2025-07-12T14:39:35.154127+00:00", "symbol": "ETH-USD"}, {"trade_id": 665988413, "side": "sell", "size": "0.00034529", "price": "2936.67000000", "time": "2025-07-12T14:39:26.498204Z", "fetched_at": "2025-07-12T14:39:35.154127+00:00", "symbol": "ETH-USD"}, {"trade_id": 665988412, "side": "buy", "size": "0.02721600", "price": "2936.66000000", "time": "2025-07-12T14:39:26.190750Z", "fetched_at": "2025-07-12T14:39:35.154127+00:00", "symbol": "ETH-USD"}, {"trade_id": 665988411, "side": "sell", "size": "0.00006332", "price": "2936.64000000", "time": "2025-07-12T14:39:25.597344Z", "fetched_at": "2025-07-12T14:39:35.154127+00:00", "symbol": "ETH-USD"}, {"trade_id": 665988410, "side": "sell", "size": "0.00524924", "price": "2936.79000000", "time": "2025-07-12T14:39:25.077837Z", "fetched_at": "2025-07-12T14:39:35.154127+00:00", "symbol": "ETH-USD"}, {"trade_id": 665988409, "side": "sell", "size": "0.00035076", "price": "2936.64000000", "time": "2025-07-12T14:39:25.077837Z", "fetched_at": "2025-07-12T14:39:35.154127+00:00", "symbol": "ETH-USD"}, {"trade_id": 665988408, "side": "sell", "size": "0.16099724", "price": "2936.89000000", "time": "2025-07-12T14:39:23.767810Z", "fetched_at": "2025-07-12T14:39:35.154127+00:00", "symbol": "ETH-USD"}, {"trade_id": 665988407, "side": "sell", "size": "0.00034352", "price": "2936.63000000", "time": "2025-07-12T14:39:23.767810Z", "fetched_at": "2025-07-12T14:39:35.154127+00:00", "symbol": "ETH-USD"}, {"trade_id": 665988406, "side": "sell", "size": "0.00635685", "price": "2936.89000000", "time": "2025-07-12T14:39:23.605236Z", "fetched_at": "2025-07-12T14:39:35.154127+00:00", "symbol": "ETH-USD"}, {"trade_id": 665988405, "side": "sell", "size": "0.00010334", "price": "2936.73000000", "time": "2025-07-12T14:39:23.605236Z", "fetched_at": "2025-07-12T14:39:35.154127+00:00", "symbol": "ETH-USD"}, {"trade_id": 665988404, "side": "sell", "size": "0.01654835", "price": "2936.73000000", "time": "2025-07-12T14:39:23.501262Z", "fetched_at": "2025-07-12T14:39:35.154127+00:00", "symbol": "ETH-USD"}, {"trade_id": 665988403, "side": "sell", "size": "0.01654647", "price": "2936.65000000", "time": "2025-07-12T14:39:22.924677Z", "fetched_at": "2025-07-12T14:39:35.154127+00:00", "symbol": "ETH-USD"}, {"trade_id": 665988402, "side": "sell", "size": "0.00168586", "price": "2936.65000000", "time": "2025-07-12T14:39:22.818225Z", "fetched_at": "2025-07-12T14:39:35.154127+00:00", "symbol": "ETH-USD"}, {"trade_id": 665988401, "side": "sell", "size": "0.02209410", "price": "2936.53000000", "time": "2025-07-12T14:39:22.727287Z", "fetched_at": "2025-07-12T14:39:35.154127+00:00", "symbol": "ETH-USD"}, {"trade_id": 665988400, "side": "sell", "size": "0.00160156", "price": "2936.53000000", "time": "2025-07-12T14:39:22.655692Z", "fetched_at": "2025-07-12T14:39:35.154127+00:00", "symbol": "ETH-USD"}, {"trade_id": 665988399, "side": "sell", "size": "0.00125211", "price": "2936.81000000", "time": "2025-07-12T14:39:22.367270Z", "fetched_at": "2025-07-12T14:39:35.154127+00:00", "symbol": "ETH-USD"}, {"trade_id": 665988398, "side": "sell", "size": "0.00036276", "price": "2936.52000000", "time": "2025-07-12T14:39:22.367270Z", "fetched_at": "2025-07-12T14:39:35.154127+00:00", "symbol": "ETH-USD"}, {"trade_id": 665988397, "side": "sell", "size": "0.00005588", "price": "2936.44000000", "time": "2025-07-12T14:39:21.939847Z", "fetched_at": "2025-07-12T14:39:35.154127+00:00", "symbol": "ETH-USD"}, {"trade_id": 665988396, "side": "sell", "size": "0.00024001", "price": "2936.44000000", "time": "2025-07-12T14:39:21.939847Z", "fetched_at": "2025-07-12T14:39:35.154127+00:00", "symbol": "ETH-USD"}, {"trade_id": 665988395, "side": "sell", "size": "0.00031002", "price": "2936.44000000", "time": "2025-07-12T14:39:21.939847Z", "fetched_at": "2025-07-12T14:39:35.154127+00:00", "symbol": "ETH-USD"}, {"trade_id": 665988394, "side": "buy", "size": "0.00183864", "price": "2936.43000000", "time": "2025-07-12T14:39:21.381952Z", "fetched_at": "2025-07-12T14:39:35.154127+00:00", "symbol": "ETH-USD"}, {"trade_id": 665988393, "side": "sell", "size": "0.00594072", "price": "2936.48000000", "time": "2025-07-12T14:39:20.847157Z", "fetched_at": "2025-07-12T14:39:35.154127+00:00", "symbol": "ETH-USD"}, {"trade_id": 665988392, "side": "sell", "size": "0.00035928", "price": "2936.44000000", "time": "2025-07-12T14:39:20.847157Z", "fetched_at": "2025-07-12T14:39:35.154127+00:00", "symbol": "ETH-USD"}, {"trade_id": 665988391, "side": "sell", "size": "0.00496230", "price": "2936.48000000", "time": "2025-07-12T14:39:20.651260Z", "fetched_at": "2025-07-12T14:39:35.154127+00:00", "symbol": "ETH-USD"}, {"trade_id": 665988390, "side": "sell", "size": "0.01011514", "price": "2936.48000000", "time": "2025-07-12T14:39:20.555081Z", "fetched_at": "2025-07-12T14:39:35.154127+00:00", "symbol": "ETH-USD"}, {"trade_id": 665988389, "side": "sell", "size": "0.00609666", "price": "2936.48000000", "time": "2025-07-12T14:39:20.355126Z", "fetched_at": "2025-07-12T14:39:35.154127+00:00", "symbol": "ETH-USD"}, {"trade_id": 665988388, "side": "sell", "size": "0.00010334", "price": "2936.43000000", "time": "2025-07-12T14:39:20.355126Z", "fetched_at": "2025-07-12T14:39:35.154127+00:00", "symbol": "ETH-USD"}, {"trade_id": 665988387, "side": "buy", "size": "0.00337200", "price": "2936.42000000", "time": "2025-07-12T14:39:20.329859Z", "fetched_at": "2025-07-12T14:39:35.154127+00:00", "symbol": "ETH-USD"}, {"trade_id": 665988386, "side": "sell", "size": "0.12127882", "price": "2936.43000000", "time": "2025-07-12T14:39:20.240165Z", "fetched_at": "2025-07-12T14:39:35.154127+00:00", "symbol": "ETH-USD"}, {"trade_id": 665988385, "side": "buy", "size": "0.00119200", "price": "2936.42000000", "time": "2025-07-12T14:39:18.827781Z", "fetched_at": "2025-07-12T14:39:35.154127+00:00", "symbol": "ETH-USD"}, {"trade_id": 665988384, "side": "sell", "size": "0.00006331", "price": "2936.43000000", "time": "2025-07-12T14:39:18.544579Z", "fetched_at": "2025-07-12T14:39:35.154127+00:00", "symbol": "ETH-USD"}, {"trade_id": 665988383, "side": "buy", "size": "0.61496249", "price": "2936.58000000", "time": "2025-07-12T14:39:17.375648Z", "fetched_at": "2025-07-12T14:39:35.154127+00:00", "symbol": "ETH-USD"}, {"trade_id": 665988382, "side": "sell", "size": "0.03236738", "price": "2936.67000000", "time": "2025-07-12T14:39:17.106203Z", "fetched_at": "2025-07-12T14:39:35.154127+00:00", "symbol": "ETH-USD"}, {"trade_id": 665988381, "side": "sell", "size": "0.00005589", "price": "2936.62000000", "time": "2025-07-12T14:39:17.106203Z", "fetched_at": "2025-07-12T14:39:35.154127+00:00", "symbol": "ETH-USD"}, {"trade_id": 665988380, "side": "sell", "size": "0.00031006", "price": "2936.62000000", "time": "2025-07-12T14:39:17.106203Z", "fetched_at": "2025-07-12T14:39:35.154127+00:00", "symbol": "ETH-USD"}, {"trade_id": 665988379, "side": "sell", "size": "0.00024004", "price": "2936.62000000", "time": "2025-07-12T14:39:17.106203Z", "fetched_at": "2025-07-12T14:39:35.154127+00:00", "symbol": "ETH-USD"}, {"trade_id": 665988378, "side": "sell", "size": "0.00074369", "price": "2936.62000000", "time": "2025-07-12T14:39:17.106203Z", "fetched_at": "2025-07-12T14:39:35.154127+00:00", "symbol": "ETH-USD"}, {"trade_id": 665988377, "side": "buy", "size": "0.04965000", "price": "2936.60000000", "time": "2025-07-12T14:39:15.329280Z", "fetched_at": "2025-07-12T14:39:35.154127+00:00", "symbol": "ETH-USD"}, {"trade_id": 665988376, "side": "sell", "size": "0.01707064", "price": "2936.62000000", "time": "2025-07-12T14:39:15.101762Z", "fetched_at": "2025-07-12T14:39:35.154127+00:00", "symbol": "ETH-USD"}, {"trade_id": 665988375, "side": "sell", "size": "0.00645155", "price": "2936.86000000", "time": "2025-07-12T14:39:13.633300Z", "fetched_at": "2025-07-12T14:39:35.154127+00:00", "symbol": "ETH-USD"}, {"trade_id": 665988374, "side": "sell", "size": "0.00100000", "price": "2936.78000000", "time": "2025-07-12T14:39:13.633300Z", "fetched_at": "2025-07-12T14:39:35.154127+00:00", "symbol": "ETH-USD"}, {"trade_id": 665988373, "side": "sell", "size": "0.00024001", "price": "2936.74000000", "time": "2025-07-12T14:39:13.633300Z", "fetched_at": "2025-07-12T14:39:35.154127+00:00", "symbol": "ETH-USD"}, {"trade_id": 665988372, "side": "sell", "size": "0.00031002", "price": "2936.74000000", "time": "2025-07-12T14:39:13.633300Z", "fetched_at": "2025-07-12T14:39:35.154127+00:00", "symbol": "ETH-USD"}, {"trade_id": 665988371, "side": "sell", "size": "0.00005590", "price": "2936.57000000", "time": "2025-07-12T14:39:13.633300Z", "fetched_at": "2025-07-12T14:39:35.154127+00:00", "symbol": "ETH-USD"}, {"trade_id": 665988370, "side": "sell", "size": "0.00060264", "price": "2936.53000000", "time": "2025-07-12T14:39:13.633300Z", "fetched_at": "2025-07-12T14:39:35.154127+00:00", "symbol": "ETH-USD"}, {"trade_id": 665988369, "side": "sell", "size": "0.00010634", "price": "2936.53000000", "time": "2025-07-12T14:39:13.633300Z", "fetched_at": "2025-07-12T14:39:35.154127+00:00", "symbol": "ETH-USD"}, {"trade_id": 665988368, "side": "buy", "size": "0.03401025", "price": "2936.52000000", "time": "2025-07-12T14:39:13.134968Z", "fetched_at": "2025-07-12T14:39:35.154127+00:00", "symbol": "ETH-USD"}, {"trade_id": 665988367, "side": "buy", "size": "0.09526002", "price": "2936.52000000", "time": "2025-07-12T14:39:11.885330Z", "fetched_at": "2025-07-12T14:39:35.154127+00:00", "symbol": "ETH-USD"}, {"trade_id": 665988366, "side": "buy", "size": "0.04658986", "price": "2936.53000000", "time": "2025-07-12T14:39:11.885330Z", "fetched_at": "2025-07-12T14:39:35.154127+00:00", "symbol": "ETH-USD"}, {"trade_id": 665988365, "side": "buy", "size": "0.36175000", "price": "2936.54000000", "time": "2025-07-12T14:39:11.885330Z", "fetched_at": "2025-07-12T14:39:35.154127+00:00", "symbol": "ETH-USD"}, {"trade_id": 665988364, "side": "buy", "size": "0.15000000", "price": "2936.54000000", "time": "2025-07-12T14:39:11.885330Z", "fetched_at": "2025-07-12T14:39:35.154127+00:00", "symbol": "ETH-USD"}, {"trade_id": 665988363, "side": "sell", "size": "0.03894551", "price": "2936.62000000", "time": "2025-07-12T14:39:11.148783Z", "fetched_at": "2025-07-12T14:39:35.154127+00:00", "symbol": "ETH-USD"}, {"trade_id": 665988362, "side": "sell", "size": "0.00100000", "price": "2936.56000000", "time": "2025-07-12T14:39:11.148783Z", "fetched_at": "2025-07-12T14:39:35.154127+00:00", "symbol": "ETH-USD"}, {"trade_id": 665988361, "side": "sell", "size": "0.00063441", "price": "2936.53000000", "time": "2025-07-12T14:39:11.148783Z", "fetched_at": "2025-07-12T14:39:35.154127+00:00", "symbol": "ETH-USD"}, {"trade_id": 665988360, "side": "sell", "size": "0.03942008", "price": "2936.53000000", "time": "2025-07-12T14:39:11.148783Z", "fetched_at": "2025-07-12T14:39:35.154127+00:00", "symbol": "ETH-USD"}, {"trade_id": 665988359, "side": "sell", "size": "0.00006333", "price": "2936.53000000", "time": "2025-07-12T14:39:10.603690Z", "fetched_at": "2025-07-12T14:39:35.154127+00:00", "symbol": "ETH-USD"}, {"trade_id": 665988358, "side": "sell", "size": "0.16045825", "price": "2936.53000000", "time": "2025-07-12T14:39:09.620698Z", "fetched_at": "2025-07-12T14:39:35.154127+00:00", "symbol": "ETH-USD"}, {"trade_id": 665988357, "side": "sell", "size": "0.00064416", "price": "2936.52000000", "time": "2025-07-12T14:39:09.620698Z", "fetched_at": "2025-07-12T14:39:35.154127+00:00", "symbol": "ETH-USD"}, {"trade_id": 665988356, "side": "sell", "size": "0.00100000", "price": "2936.34000000", "time": "2025-07-12T14:39:09.620698Z", "fetched_at": "2025-07-12T14:39:35.154127+00:00", "symbol": "ETH-USD"}, {"trade_id": 665988355, "side": "sell", "size": "0.00010738", "price": "2936.20000000", "time": "2025-07-12T14:39:08.697343Z", "fetched_at": "2025-07-12T14:39:35.154127+00:00", "symbol": "ETH-USD"}, {"trade_id": 665988354, "side": "sell", "size": "0.05400000", "price": "2936.20000000", "time": "2025-07-12T14:39:08.697343Z", "fetched_at": "2025-07-12T14:39:35.154127+00:00", "symbol": "ETH-USD"}, {"trade_id": 665988353, "side": "sell", "size": "0.22922719", "price": "2936.20000000", "time": "2025-07-12T14:39:08.697343Z", "fetched_at": "2025-07-12T14:39:35.154127+00:00", "symbol": "ETH-USD"}, {"trade_id": 665988352, "side": "sell", "size": "0.01676372", "price": "2936.20000000", "time": "2025-07-12T14:39:08.194070Z", "fetched_at": "2025-07-12T14:39:35.154127+00:00", "symbol": "ETH-USD"}, {"trade_id": 665988351, "side": "sell", "size": "0.00009291", "price": "2936.19000000", "time": "2025-07-12T14:39:08.194070Z", "fetched_at": "2025-07-12T14:39:35.154127+00:00", "symbol": "ETH-USD"}, {"trade_id": 665988350, "side": "sell", "size": "0.00098320", "price": "2936.16000000", "time": "2025-07-12T14:39:07.003181Z", "fetched_at": "2025-07-12T14:39:35.154127+00:00", "symbol": "ETH-USD"}, {"trade_id": 665988349, "side": "sell", "size": "0.00005846", "price": "2936.16000000", "time": "2025-07-12T14:39:07.003181Z", "fetched_at": "2025-07-12T14:39:35.154127+00:00", "symbol": "ETH-USD"}, {"trade_id": 665988348, "side": "sell", "size": "0.00025024", "price": "2936.16000000", "time": "2025-07-12T14:39:07.003181Z", "fetched_at": "2025-07-12T14:39:35.154127+00:00", "symbol": "ETH-USD"}, {"trade_id": 665988347, "side": "sell", "size": "0.00032297", "price": "2936.16000000", "time": "2025-07-12T14:39:07.003181Z", "fetched_at": "2025-07-12T14:39:35.154127+00:00", "symbol": "ETH-USD"}, {"trade_id": 665988346, "side": "sell", "size": "0.00000340", "price": "2936.19000000", "time": "2025-07-12T14:39:03.043394Z", "fetched_at": "2025-07-12T14:39:35.154127+00:00", "symbol": "ETH-USD"}, {"trade_id": 665988345, "side": "sell", "size": "0.00002383", "price": "2936.20000000", "time": "2025-07-12T14:39:03.025600Z", "fetched_at": "2025-07-12T14:39:35.154127+00:00", "symbol": "ETH-USD"}, {"trade_id": 665988344, "side": "sell", "size": "0.05398526", "price": "2936.20000000", "time": "2025-07-12T14:39:03.002184Z", "fetched_at": "2025-07-12T14:39:35.154127+00:00", "symbol": "ETH-USD"}, {"trade_id": 665988343, "side": "sell", "size": "0.00085595", "price": "2936.19000000", "time": "2025-07-12T14:39:03.002184Z", "fetched_at": "2025-07-12T14:39:35.154127+00:00", "symbol": "ETH-USD"}, {"trade_id": 665988342, "side": "sell", "size": "0.00010334", "price": "2936.12000000", "time": "2025-07-12T14:39:03.002184Z", "fetched_at": "2025-07-12T14:39:35.154127+00:00", "symbol": "ETH-USD"}, {"trade_id": 665988341, "side": "sell", "size": "0.00100000", "price": "2936.12000000", "time": "2025-07-12T14:39:03.002184Z", "fetched_at": "2025-07-12T14:39:35.154127+00:00", "symbol": "ETH-USD"}, {"trade_id": 665988340, "side": "sell", "size": "0.00022980", "price": "2935.90000000", "time": "2025-07-12T14:39:01.097168Z", "fetched_at": "2025-07-12T14:39:35.154127+00:00", "symbol": "ETH-USD"}, {"trade_id": 665988339, "side": "sell", "size": "0.00029704", "price": "2935.90000000", "time": "2025-07-12T14:39:01.097168Z", "fetched_at": "2025-07-12T14:39:35.154127+00:00", "symbol": "ETH-USD"}, {"trade_id": 665988338, "side": "sell", "size": "0.00005331", "price": "2935.90000000", "time": "2025-07-12T14:39:01.097168Z", "fetched_at": "2025-07-12T14:39:35.154127+00:00", "symbol": "ETH-USD"}, {"trade_id": 665988337, "side": "sell", "size": "0.00100000", "price": "2935.90000000", "time": "2025-07-12T14:39:01.097168Z", "fetched_at": "2025-07-12T14:39:35.154127+00:00", "symbol": "ETH-USD"}, {"trade_id": 665988336, "side": "sell", "size": "0.30000000", "price": "2935.70000000", "time": "2025-07-12T14:39:00.943265Z", "fetched_at": "2025-07-12T14:39:35.154127+00:00", "symbol": "ETH-USD"}, {"trade_id": 665988335, "side": "sell", "size": "0.00092998", "price": "2935.69000000", "time": "2025-07-12T14:39:00.943265Z", "fetched_at": "2025-07-12T14:39:35.154127+00:00", "symbol": "ETH-USD"}, {"trade_id": 665988334, "side": "sell", "size": "0.00016766", "price": "2935.69000000", "time": "2025-07-12T14:39:00.943265Z", "fetched_at": "2025-07-12T14:39:35.154127+00:00", "symbol": "ETH-USD"}, {"trade_id": 665988333, "side": "sell", "size": "0.00020668", "price": "2935.69000000", "time": "2025-07-12T14:39:00.943265Z", "fetched_at": "2025-07-12T14:39:35.154127+00:00", "symbol": "ETH-USD"}, {"trade_id": 665988332, "side": "sell", "size": "0.00072010", "price": "2935.69000000", "time": "2025-07-12T14:39:00.943265Z", "fetched_at": "2025-07-12T14:39:35.154127+00:00", "symbol": "ETH-USD"}, {"trade_id": 665988331, "side": "buy", "size": "0.00166951", "price": "2935.28000000", "time": "2025-07-12T14:39:00.016276Z", "fetched_at": "2025-07-12T14:39:35.154127+00:00", "symbol": "ETH-USD"}, {"trade_id": 665988330, "side": "buy", "size": "0.00213111", "price": "2935.35000000", "time": "2025-07-12T14:39:00.016276Z", "fetched_at": "2025-07-12T14:39:35.154127+00:00", "symbol": "ETH-USD"}, {"trade_id": 665988329, "side": "buy", "size": "0.05691227", "price": "2935.24000000", "time": "2025-07-12T14:38:58.759490Z", "fetched_at": "2025-07-12T14:39:35.154127+00:00", "symbol": "ETH-USD"}, {"trade_id": 665988328, "side": "buy", "size": "0.00003406", "price": "2935.24000000", "time": "2025-07-12T14:38:58.759490Z", "fetched_at": "2025-07-12T14:39:35.154127+00:00", "symbol": "ETH-USD"}, {"trade_id": 665988327, "side": "buy", "size": "0.00100000", "price": "2935.24000000", "time": "2025-07-12T14:38:58.759490Z", "fetched_at": "2025-07-12T14:39:35.154127+00:00", "symbol": "ETH-USD"}, {"trade_id": 665988326, "side": "buy", "size": "0.15000000", "price": "2935.25000000", "time": "2025-07-12T14:38:58.759490Z", "fetched_at": "2025-07-12T14:39:35.154127+00:00", "symbol": "ETH-USD"}, {"trade_id": 665988325, "side": "buy", "size": "0.00202301", "price": "2935.26000000", "time": "2025-07-12T14:38:58.759490Z", "fetched_at": "2025-07-12T14:39:35.154127+00:00", "symbol": "ETH-USD"}, {"trade_id": 665988324, "side": "buy", "size": "0.00003066", "price": "2935.26000000", "time": "2025-07-12T14:38:58.759490Z", "fetched_at": "2025-07-12T14:39:35.154127+00:00", "symbol": "ETH-USD"}, {"trade_id": 665988323, "side": "buy", "size": "0.89427213", "price": "2935.46000000", "time": "2025-07-12T14:38:58.235272Z", "fetched_at": "2025-07-12T14:39:35.154127+00:00", "symbol": "ETH-USD"}, {"trade_id": 665988322, "side": "buy", "size": "0.00185722", "price": "2935.46000000", "time": "2025-07-12T14:38:58.235272Z", "fetched_at": "2025-07-12T14:39:35.154127+00:00", "symbol": "ETH-USD"}, {"trade_id": 665988321, "side": "buy", "size": "0.01222636", "price": "2935.46000000", "time": "2025-07-12T14:38:58.235272Z", "fetched_at": "2025-07-12T14:39:35.154127+00:00", "symbol": "ETH-USD"}, {"trade_id": 665988320, "side": "buy", "size": "2.41719406", "price": "2935.46000000", "time": "2025-07-12T14:38:58.235272Z", "fetched_at": "2025-07-12T14:39:35.154127+00:00", "symbol": "ETH-USD"}, {"trade_id": 665988319, "side": "sell", "size": "0.05056989", "price": "2935.47000000", "time": "2025-07-12T14:38:57.986688Z", "fetched_at": "2025-07-12T14:39:35.154127+00:00", "symbol": "ETH-USD"}, {"trade_id": 665988318, "side": "buy", "size": "0.00196101", "price": "2935.53000000", "time": "2025-07-12T14:38:57.739561Z", "fetched_at": "2025-07-12T14:39:35.154127+00:00", "symbol": "ETH-USD"}, {"trade_id": 665988317, "side": "buy", "size": "0.00195110", "price": "2935.52000000", "time": "2025-07-12T14:38:57.715402Z", "fetched_at": "2025-07-12T14:39:35.154127+00:00", "symbol": "ETH-USD"}, {"trade_id": 665988316, "side": "buy", "size": "0.00196973", "price": "2935.46000000", "time": "2025-07-12T14:38:57.671477Z", "fetched_at": "2025-07-12T14:39:35.154127+00:00", "symbol": "ETH-USD"}, {"trade_id": 665988315, "side": "buy", "size": "0.00100000", "price": "2935.46000000", "time": "2025-07-12T14:38:57.671477Z", "fetched_at": "2025-07-12T14:39:35.154127+00:00", "symbol": "ETH-USD"}, {"trade_id": 665988314, "side": "buy", "size": "0.43194675", "price": "2935.54000000", "time": "2025-07-12T14:38:57.649409Z", "fetched_at": "2025-07-12T14:39:35.154127+00:00", "symbol": "ETH-USD"}, {"trade_id": 665988313, "side": "buy", "size": "0.00197669", "price": "2935.54000000", "time": "2025-07-12T14:38:57.649409Z", "fetched_at": "2025-07-12T14:39:35.154127+00:00", "symbol": "ETH-USD"}, {"trade_id": 665988312, "side": "buy", "size": "0.00728656", "price": "2935.54000000", "time": "2025-07-12T14:38:57.649409Z", "fetched_at": "2025-07-12T14:39:35.154127+00:00", "symbol": "ETH-USD"}, {"trade_id": 665988311, "side": "buy", "size": "0.00733766", "price": "2935.54000000", "time": "2025-07-12T14:38:57.649409Z", "fetched_at": "2025-07-12T14:39:35.154127+00:00", "symbol": "ETH-USD"}, {"trade_id": 665988310, "side": "sell", "size": "0.12470984", "price": "2935.47000000", "time": "2025-07-12T14:38:56.681690Z", "fetched_at": "2025-07-12T14:39:35.154127+00:00", "symbol": "ETH-USD"}, {"trade_id": 665988309, "side": "sell", "size": "0.15000000", "price": "2935.47000000", "time": "2025-07-12T14:38:56.681690Z", "fetched_at": "2025-07-12T14:39:35.154127+00:00", "symbol": "ETH-USD"}, {"trade_id": 665988308, "side": "sell", "size": "0.12912000", "price": "2935.47000000", "time": "2025-07-12T14:38:56.681690Z", "fetched_at": "2025-07-12T14:39:35.154127+00:00", "symbol": "ETH-USD"}, {"trade_id": 665988307, "side": "buy", "size": "0.00091973", "price": "2935.63000000", "time": "2025-07-12T14:38:56.434142Z", "fetched_at": "2025-07-12T14:39:35.154127+00:00", "symbol": "ETH-USD"}, {"trade_id": 665988306, "side": "buy", "size": "0.08739401", "price": "2935.67000000", "time": "2025-07-12T14:38:56.393229Z", "fetched_at": "2025-07-12T14:39:35.154127+00:00", "symbol": "ETH-USD"}, {"trade_id": 665988305, "side": "buy", "size": "0.00000681", "price": "2935.67000000", "time": "2025-07-12T14:38:56.393229Z", "fetched_at": "2025-07-12T14:39:35.154127+00:00", "symbol": "ETH-USD"}, {"trade_id": 665988304, "side": "buy", "size": "0.13719478", "price": "2935.68000000", "time": "2025-07-12T14:38:56.393229Z", "fetched_at": "2025-07-12T14:39:35.154127+00:00", "symbol": "ETH-USD"}, {"trade_id": 665988303, "side": "buy", "size": "0.00544677", "price": "2935.68000000", "time": "2025-07-12T14:38:56.393229Z", "fetched_at": "2025-07-12T14:39:35.154127+00:00", "symbol": "ETH-USD"}, {"trade_id": 665988302, "side": "buy", "size": "0.00100000", "price": "2935.68000000", "time": "2025-07-12T14:38:56.393229Z", "fetched_at": "2025-07-12T14:39:35.154127+00:00", "symbol": "ETH-USD"}, {"trade_id": 665988301, "side": "buy", "size": "0.00100000", "price": "2935.90000000", "time": "2025-07-12T14:38:56.271482Z", "fetched_at": "2025-07-12T14:39:35.154127+00:00", "symbol": "ETH-USD"}, {"trade_id": 665988300, "side": "buy", "size": "0.01900249", "price": "2935.93000000", "time": "2025-07-12T14:38:56.251282Z", "fetched_at": "2025-07-12T14:39:35.154127+00:00", "symbol": "ETH-USD"}, {"trade_id": 665988299, "side": "buy", "size": "0.43504156", "price": "2935.99000000", "time": "2025-07-12T14:38:56.124562Z", "fetched_at": "2025-07-12T14:39:35.154127+00:00", "symbol": "ETH-USD"}, {"trade_id": 665988298, "side": "buy", "size": "0.73100001", "price": "2936.15000000", "time": "2025-07-12T14:38:56.118074Z", "fetched_at": "2025-07-12T14:39:35.154127+00:00", "symbol": "ETH-USD"}, {"trade_id": 665988297, "side": "buy", "size": "0.14709648", "price": "2936.02000000", "time": "2025-07-12T14:38:55.792826Z", "fetched_at": "2025-07-12T14:39:35.154127+00:00", "symbol": "ETH-USD"}, {"trade_id": 665988296, "side": "buy", "size": "0.00238986", "price": "2936.13000000", "time": "2025-07-12T14:38:55.792826Z", "fetched_at": "2025-07-12T14:39:35.154127+00:00", "symbol": "ETH-USD"}, {"trade_id": 665988295, "side": "buy", "size": "0.64396001", "price": "2936.13000000", "time": "2025-07-12T14:38:55.792826Z", "fetched_at": "2025-07-12T14:39:35.154127+00:00", "symbol": "ETH-USD"}, {"trade_id": 665988294, "side": "buy", "size": "0.22462223", "price": "2936.13000000", "time": "2025-07-12T14:38:55.792826Z", "fetched_at": "2025-07-12T14:39:35.154127+00:00", "symbol": "ETH-USD"}, {"trade_id": 665988293, "side": "buy", "size": "0.14785960", "price": "2936.52000000", "time": "2025-07-12T14:38:55.706321Z", "fetched_at": "2025-07-12T14:39:35.154127+00:00", "symbol": "ETH-USD"}, {"trade_id": 665988292, "side": "sell", "size": "0.17031357", "price": "2936.52000000", "time": "2025-07-12T14:38:55.700049Z", "fetched_at": "2025-07-12T14:39:35.154127+00:00", "symbol": "ETH-USD"}, {"trade_id": 665988291, "side": "sell", "size": "0.62724868", "price": "2936.52000000", "time": "2025-07-12T14:38:55.700049Z", "fetched_at": "2025-07-12T14:39:35.154127+00:00", "symbol": "ETH-USD"}, {"trade_id": 665988290, "side": "sell", "size": "0.47250000", "price": "2936.50000000", "time": "2025-07-12T14:38:55.700049Z", "fetched_at": "2025-07-12T14:39:35.154127+00:00", "symbol": "ETH-USD"}, {"trade_id": 665988289, "side": "sell", "size": "0.32717219", "price": "2936.46000000", "time": "2025-07-12T14:38:55.700049Z", "fetched_at": "2025-07-12T14:39:35.154127+00:00", "symbol": "ETH-USD"}, {"trade_id": 665988288, "side": "sell", "size": "1.50559001", "price": "2936.42000000", "time": "2025-07-12T14:38:55.700049Z", "fetched_at": "2025-07-12T14:39:35.154127+00:00", "symbol": "ETH-USD"}, {"trade_id": 665988287, "side": "sell", "size": "0.15000000", "price": "2936.41000000", "time": "2025-07-12T14:38:55.700049Z", "fetched_at": "2025-07-12T14:39:35.154127+00:00", "symbol": "ETH-USD"}, {"trade_id": 665988286, "side": "sell", "size": "0.02924019", "price": "2936.40000000", "time": "2025-07-12T14:38:55.700049Z", "fetched_at": "2025-07-12T14:39:35.154127+00:00", "symbol": "ETH-USD"}, {"trade_id": 665988285, "side": "sell", "size": "0.53959696", "price": "2936.30000000", "time": "2025-07-12T14:38:55.700049Z", "fetched_at": "2025-07-12T14:39:35.154127+00:00", "symbol": "ETH-USD"}, {"trade_id": 665988284, "side": "sell", "size": "0.00261795", "price": "2936.29000000", "time": "2025-07-12T14:38:55.700049Z", "fetched_at": "2025-07-12T14:39:35.154127+00:00", "symbol": "ETH-USD"}, {"trade_id": 665988283, "side": "sell", "size": "0.12912000", "price": "2936.13000000", "time": "2025-07-12T14:38:55.700049Z", "fetched_at": "2025-07-12T14:39:35.154127+00:00", "symbol": "ETH-USD"}, {"trade_id": 665988282, "side": "sell", "size": "0.10115509", "price": "2936.53000000", "time": "2025-07-12T14:38:55.360705Z", "fetched_at": "2025-07-12T14:39:35.154127+00:00", "symbol": "ETH-USD"}, {"trade_id": 665988281, "side": "sell", "size": "0.00142000", "price": "2936.53000000", "time": "2025-07-12T14:38:55.360705Z", "fetched_at": "2025-07-12T14:39:35.154127+00:00", "symbol": "ETH-USD"}, {"trade_id": 665988280, "side": "sell", "size": "0.00017966", "price": "2936.53000000", "time": "2025-07-12T14:38:55.360705Z", "fetched_at": "2025-07-12T14:39:35.154127+00:00", "symbol": "ETH-USD"}, {"trade_id": 665988279, "side": "sell", "size": "0.00007287", "price": "2936.53000000", "time": "2025-07-12T14:38:55.360705Z", "fetched_at": "2025-07-12T14:39:35.154127+00:00", "symbol": "ETH-USD"}, {"trade_id": 665988278, "side": "sell", "size": "0.00031207", "price": "2936.53000000", "time": "2025-07-12T14:38:55.360705Z", "fetched_at": "2025-07-12T14:39:35.154127+00:00", "symbol": "ETH-USD"}, {"trade_id": 665988277, "side": "sell", "size": "0.00040292", "price": "2936.53000000", "time": "2025-07-12T14:38:55.360705Z", "fetched_at": "2025-07-12T14:39:35.154127+00:00", "symbol": "ETH-USD"}, {"trade_id": 665988276, "side": "sell", "size": "0.04557465", "price": "2936.53000000", "time": "2025-07-12T14:38:55.360705Z", "fetched_at": "2025-07-12T14:39:35.154127+00:00", "symbol": "ETH-USD"}, {"trade_id": 665988275, "side": "sell", "size": "0.45734584", "price": "2936.47000000", "time": "2025-07-12T14:38:55.360705Z", "fetched_at": "2025-07-12T14:39:35.154127+00:00", "symbol": "ETH-USD"}, {"trade_id": 665988274, "side": "sell", "size": "0.63191147", "price": "2936.46000000", "time": "2025-07-12T14:38:55.360705Z", "fetched_at": "2025-07-12T14:39:35.154127+00:00", "symbol": "ETH-USD"}, {"trade_id": 665988273, "side": "sell", "size": "0.15000000", "price": "2936.45000000", "time": "2025-07-12T14:38:55.360705Z", "fetched_at": "2025-07-12T14:39:35.154127+00:00", "symbol": "ETH-USD"}, {"trade_id": 665988272, "side": "sell", "size": "0.02924018", "price": "2936.44000000", "time": "2025-07-12T14:38:55.360705Z", "fetched_at": "2025-07-12T14:39:35.154127+00:00", "symbol": "ETH-USD"}, {"trade_id": 665988271, "side": "sell", "size": "0.07331145", "price": "2936.37000000", "time": "2025-07-12T14:38:55.360705Z", "fetched_at": "2025-07-12T14:39:35.154127+00:00", "symbol": "ETH-USD"}, {"trade_id": 665988270, "side": "sell", "size": "0.07321436", "price": "2936.37000000", "time": "2025-07-12T14:38:55.360705Z", "fetched_at": "2025-07-12T14:39:35.154127+00:00", "symbol": "ETH-USD"}, {"trade_id": 665988269, "side": "sell", "size": "0.00258081", "price": "2936.36000000", "time": "2025-07-12T14:38:55.360705Z", "fetched_at": "2025-07-12T14:39:35.154127+00:00", "symbol": "ETH-USD"}, {"trade_id": 665988268, "side": "sell", "size": "0.12087839", "price": "2935.98000000", "time": "2025-07-12T14:38:55.360705Z", "fetched_at": "2025-07-12T14:39:35.154127+00:00", "symbol": "ETH-USD"}, {"trade_id": 665988267, "side": "sell", "size": "0.00824161", "price": "2935.98000000", "time": "2025-07-12T14:38:55.352386Z", "fetched_at": "2025-07-12T14:39:35.154127+00:00", "symbol": "ETH-USD"}, {"trade_id": 665988266, "side": "buy", "size": "0.00177005", "price": "2936.36000000", "time": "2025-07-12T14:38:55.258021Z", "fetched_at": "2025-07-12T14:39:35.154127+00:00", "symbol": "ETH-USD"}, {"trade_id": 665988265, "side": "buy", "size": "0.00197375", "price": "2936.36000000", "time": "2025-07-12T14:38:55.258021Z", "fetched_at": "2025-07-12T14:39:35.154127+00:00", "symbol": "ETH-USD"}, {"trade_id": 665988264, "side": "buy", "size": "0.55290626", "price": "2936.36000000", "time": "2025-07-12T14:38:55.220733Z", "fetched_at": "2025-07-12T14:39:35.154127+00:00", "symbol": "ETH-USD"}, {"trade_id": 665988263, "side": "buy", "size": "0.00177005", "price": "2936.36000000", "time": "2025-07-12T14:38:55.220733Z", "fetched_at": "2025-07-12T14:39:35.154127+00:00", "symbol": "ETH-USD"}, {"trade_id": 665988262, "side": "buy", "size": "0.60000000", "price": "2936.36000000", "time": "2025-07-12T14:38:55.220733Z", "fetched_at": "2025-07-12T14:39:35.154127+00:00", "symbol": "ETH-USD"}, {"trade_id": 665988261, "side": "buy", "size": "0.44169633", "price": "2936.49000000", "time": "2025-07-12T14:38:55.193280Z", "fetched_at": "2025-07-12T14:39:35.154127+00:00", "symbol": "ETH-USD"}, {"trade_id": 665988260, "side": "buy", "size": "0.00022476", "price": "2936.49000000", "time": "2025-07-12T14:38:55.190147Z", "fetched_at": "2025-07-12T14:39:35.154127+00:00", "symbol": "ETH-USD"}, {"trade_id": 665988259, "side": "buy", "size": "0.04783553", "price": "2936.52000000", "time": "2025-07-12T14:38:55.182789Z", "fetched_at": "2025-07-12T14:39:35.154127+00:00", "symbol": "ETH-USD"}, {"trade_id": 665988258, "side": "buy", "size": "0.78200001", "price": "2936.52000000", "time": "2025-07-12T14:38:55.182789Z", "fetched_at": "2025-07-12T14:39:35.154127+00:00", "symbol": "ETH-USD"}, {"trade_id": 665988257, "side": "buy", "size": "1.76953001", "price": "2936.52000000", "time": "2025-07-12T14:38:55.182789Z", "fetched_at": "2025-07-12T14:39:35.154127+00:00", "symbol": "ETH-USD"}, {"trade_id": 665988256, "side": "buy", "size": "0.07173859", "price": "2936.52000000", "time": "2025-07-12T14:38:54.285474Z", "fetched_at": "2025-07-12T14:39:35.154127+00:00", "symbol": "ETH-USD"}, {"trade_id": 665988255, "side": "buy", "size": "0.00607862", "price": "2936.52000000", "time": "2025-07-12T14:38:54.285474Z", "fetched_at": "2025-07-12T14:39:35.154127+00:00", "symbol": "ETH-USD"}, {"trade_id": 665988254, "side": "buy", "size": "0.09829321", "price": "2936.52000000", "time": "2025-07-12T14:38:54.285474Z", "fetched_at": "2025-07-12T14:39:35.154127+00:00", "symbol": "ETH-USD"}, {"trade_id": 665988253, "side": "buy", "size": "0.00090454", "price": "2936.52000000", "time": "2025-07-12T14:38:54.285474Z", "fetched_at": "2025-07-12T14:39:35.154127+00:00", "symbol": "ETH-USD"}, {"trade_id": 665988252, "side": "buy", "size": "0.02730783", "price": "2936.52000000", "time": "2025-07-12T14:38:54.285474Z", "fetched_at": "2025-07-12T14:39:35.154127+00:00", "symbol": "ETH-USD"}, {"trade_id": 665988251, "side": "sell", "size": "0.11582697", "price": "2936.53000000", "time": "2025-07-12T14:38:53.217542Z", "fetched_at": "2025-07-12T14:39:35.154127+00:00", "symbol": "ETH-USD"}, {"trade_id": 665988250, "side": "sell", "size": "0.06742652", "price": "2936.53000000", "time": "2025-07-12T14:38:50.909177Z", "fetched_at": "2025-07-12T14:39:35.154127+00:00", "symbol": "ETH-USD"}, {"trade_id": 665988249, "side": "sell", "size": "0.00006331", "price": "2936.53000000", "time": "2025-07-12T14:38:50.089856Z", "fetched_at": "2025-07-12T14:39:35.154127+00:00", "symbol": "ETH-USD"}, {"trade_id": 665988248, "side": "sell", "size": "0.02393638", "price": "2936.53000000", "time": "2025-07-12T14:38:49.097392Z", "fetched_at": "2025-07-12T14:39:35.154127+00:00", "symbol": "ETH-USD"}, {"trade_id": 665988247, "side": "sell", "size": "0.02037355", "price": "2936.53000000", "time": "2025-07-12T14:38:49.097392Z", "fetched_at": "2025-07-12T14:39:35.154127+00:00", "symbol": "ETH-USD"}, {"trade_id": 665988246, "side": "sell", "size": "0.00695053", "price": "2936.53000000", "time": "2025-07-12T14:38:48.970750Z", "fetched_at": "2025-07-12T14:39:35.154127+00:00", "symbol": "ETH-USD"}, {"trade_id": 665988245, "side": "sell", "size": "0.00030000", "price": "2936.53000000", "time": "2025-07-12T14:38:47.683155Z", "fetched_at": "2025-07-12T14:39:35.154127+00:00", "symbol": "ETH-USD"}, {"trade_id": 665988244, "side": "sell", "size": "0.01654709", "price": "2936.53000000", "time": "2025-07-12T14:38:47.607217Z", "fetched_at": "2025-07-12T14:39:35.154127+00:00", "symbol": "ETH-USD"}, {"trade_id": 665988243, "side": "sell", "size": "0.14331550", "price": "2936.53000000", "time": "2025-07-12T14:38:43.343411Z", "fetched_at": "2025-07-12T14:39:35.154127+00:00", "symbol": "ETH-USD"}, {"trade_id": 665988242, "side": "sell", "size": "0.00160187", "price": "2936.53000000", "time": "2025-07-12T14:38:42.753351Z", "fetched_at": "2025-07-12T14:39:35.154127+00:00", "symbol": "ETH-USD"}, {"trade_id": 665988241, "side": "buy", "size": "0.00817697", "price": "2936.52000000", "time": "2025-07-12T14:38:42.256189Z", "fetched_at": "2025-07-12T14:39:35.154127+00:00", "symbol": "ETH-USD"}, {"trade_id": 665988240, "side": "sell", "size": "0.00006331", "price": "2936.37000000", "time": "2025-07-12T14:38:40.787442Z", "fetched_at": "2025-07-12T14:39:35.154127+00:00", "symbol": "ETH-USD"}, {"trade_id": 665988239, "side": "buy", "size": "0.07537777", "price": "2936.33000000", "time": "2025-07-12T14:38:38.527927Z", "fetched_at": "2025-07-12T14:39:35.154127+00:00", "symbol": "ETH-USD"}, {"trade_id": 665988238, "side": "buy", "size": "0.21634571", "price": "2936.33000000", "time": "2025-07-12T14:38:38.046442Z", "fetched_at": "2025-07-12T14:39:35.154127+00:00", "symbol": "ETH-USD"}, {"trade_id": 665988237, "side": "buy", "size": "0.21219781", "price": "2936.33000000", "time": "2025-07-12T14:38:36.957355Z", "fetched_at": "2025-07-12T14:39:35.154127+00:00", "symbol": "ETH-USD"}, {"trade_id": 665988236, "side": "buy", "size": "0.02184677", "price": "2936.36000000", "time": "2025-07-12T14:38:36.957355Z", "fetched_at": "2025-07-12T14:39:35.154127+00:00", "symbol": "ETH-USD"}, {"trade_id": 665988235, "side": "buy", "size": "0.04369014", "price": "2936.36000000", "time": "2025-07-12T14:38:36.957355Z", "fetched_at": "2025-07-12T14:39:35.154127+00:00", "symbol": "ETH-USD"}, {"trade_id": 665988234, "side": "sell", "size": "0.00449645", "price": "2936.49000000", "time": "2025-07-12T14:38:36.802751Z", "fetched_at": "2025-07-12T14:39:35.154127+00:00", "symbol": "ETH-USD"}, {"trade_id": 665988233, "side": "sell", "size": "0.00292423", "price": "2936.48000000", "time": "2025-07-12T14:38:36.802751Z", "fetched_at": "2025-07-12T14:39:35.154127+00:00", "symbol": "ETH-USD"}, {"trade_id": 665988232, "side": "sell", "size": "0.00554868", "price": "2936.53000000", "time": "2025-07-12T14:38:35.807118Z", "fetched_at": "2025-07-12T14:39:35.154127+00:00", "symbol": "ETH-USD"}, {"trade_id": 665988231, "side": "sell", "size": "0.00288134", "price": "2936.37000000", "time": "2025-07-12T14:38:35.807118Z", "fetched_at": "2025-07-12T14:39:35.154127+00:00", "symbol": "ETH-USD"}, {"trade_id": 665988230, "side": "sell", "size": "0.00535923", "price": "2936.53000000", "time": "2025-07-12T14:38:35.559985Z", "fetched_at": "2025-07-12T14:39:35.154127+00:00", "symbol": "ETH-USD"}, {"trade_id": 665988229, "side": "sell", "size": "0.00288134", "price": "2936.52000000", "time": "2025-07-12T14:38:35.559985Z", "fetched_at": "2025-07-12T14:39:35.154127+00:00", "symbol": "ETH-USD"}, {"trade_id": 665988228, "side": "sell", "size": "0.00100000", "price": "2936.34000000", "time": "2025-07-12T14:38:35.559985Z", "fetched_at": "2025-07-12T14:39:35.154127+00:00", "symbol": "ETH-USD"}, {"trade_id": 665988227, "side": "sell", "size": "0.00002703", "price": "2936.18000000", "time": "2025-07-12T14:38:35.559985Z", "fetched_at": "2025-07-12T14:39:35.154127+00:00", "symbol": "ETH-USD"}, {"trade_id": 665988226, "side": "sell", "size": "0.00003890", "price": "2936.18000000", "time": "2025-07-12T14:38:35.559985Z", "fetched_at": "2025-07-12T14:39:35.154127+00:00", "symbol": "ETH-USD"}, {"trade_id": 665988225, "side": "sell", "size": "0.00016798", "price": "2936.18000000", "time": "2025-07-12T14:38:35.559985Z", "fetched_at": "2025-07-12T14:39:35.154127+00:00", "symbol": "ETH-USD"}, {"trade_id": 665988224, "side": "sell", "size": "0.00021709", "price": "2936.18000000", "time": "2025-07-12T14:38:35.559985Z", "fetched_at": "2025-07-12T14:39:35.154127+00:00", "symbol": "ETH-USD"}, {"trade_id": 665988223, "side": "sell", "size": "0.00528552", "price": "2936.13000000", "time": "2025-07-12T14:38:34.647861Z", "fetched_at": "2025-07-12T14:39:35.154127+00:00", "symbol": "ETH-USD"}, {"trade_id": 665988222, "side": "sell", "size": "0.05848037", "price": "2936.12000000", "time": "2025-07-12T14:38:34.647861Z", "fetched_at": "2025-07-12T14:39:35.154127+00:00", "symbol": "ETH-USD"}, {"trade_id": 665988221, "side": "sell", "size": "0.00100000", "price": "2936.12000000", "time": "2025-07-12T14:38:34.647861Z", "fetched_at": "2025-07-12T14:39:35.154127+00:00", "symbol": "ETH-USD"}, {"trade_id": 665988220, "side": "sell", "size": "0.00288892", "price": "2936.11000000", "time": "2025-07-12T14:38:34.647861Z", "fetched_at": "2025-07-12T14:39:35.154127+00:00", "symbol": "ETH-USD"}, {"trade_id": 665988219, "side": "sell", "size": "0.00026772", "price": "2935.90000000", "time": "2025-07-12T14:38:34.647861Z", "fetched_at": "2025-07-12T14:39:35.154127+00:00", "symbol": "ETH-USD"}, {"trade_id": 665988218, "side": "sell", "size": "0.00100000", "price": "2935.90000000", "time": "2025-07-12T14:38:34.647861Z", "fetched_at": "2025-07-12T14:39:35.154127+00:00", "symbol": "ETH-USD"}, {"trade_id": 665988217, "side": "sell", "size": "0.00024001", "price": "2935.68000000", "time": "2025-07-12T14:38:34.647861Z", "fetched_at": "2025-07-12T14:39:35.154127+00:00", "symbol": "ETH-USD"}, {"trade_id": 665988216, "side": "sell", "size": "0.00030999", "price": "2935.68000000", "time": "2025-07-12T14:38:34.647861Z", "fetched_at": "2025-07-12T14:39:35.154127+00:00", "symbol": "ETH-USD"}, {"trade_id": 665988215, "side": "sell", "size": "0.00005589", "price": "2935.68000000", "time": "2025-07-12T14:38:34.647861Z", "fetched_at": "2025-07-12T14:39:35.154127+00:00", "symbol": "ETH-USD"}, {"trade_id": 665988214, "side": "sell", "size": "0.06159552", "price": "2935.89000000", "time": "2025-07-12T14:38:33.433082Z", "fetched_at": "2025-07-12T14:39:35.154127+00:00", "symbol": "ETH-USD"}, {"trade_id": 665988213, "side": "sell", "size": "0.00004231", "price": "2935.81000000", "time": "2025-07-12T14:38:33.433082Z", "fetched_at": "2025-07-12T14:39:35.154127+00:00", "symbol": "ETH-USD"}, {"trade_id": 665988212, "side": "sell", "size": "0.00005589", "price": "2935.68000000", "time": "2025-07-12T14:38:33.433082Z", "fetched_at": "2025-07-12T14:39:35.154127+00:00", "symbol": "ETH-USD"}, {"trade_id": 665988211, "side": "sell", "size": "0.00031003", "price": "2935.68000000", "time": "2025-07-12T14:38:33.433082Z", "fetched_at": "2025-07-12T14:39:35.154127+00:00", "symbol": "ETH-USD"}, {"trade_id": 665988210, "side": "sell", "size": "0.00024001", "price": "2935.68000000", "time": "2025-07-12T14:38:33.433082Z", "fetched_at": "2025-07-12T14:39:35.154127+00:00", "symbol": "ETH-USD"}, {"trade_id": 665988209, "side": "sell", "size": "0.00100000", "price": "2935.68000000", "time": "2025-07-12T14:38:33.433082Z", "fetched_at": "2025-07-12T14:39:35.154127+00:00", "symbol": "ETH-USD"}, {"trade_id": 665988208, "side": "sell", "size": "0.00297571", "price": "2935.64000000", "time": "2025-07-12T14:38:33.433082Z", "fetched_at": "2025-07-12T14:39:35.154127+00:00", "symbol": "ETH-USD"}, {"trade_id": 665988207, "side": "buy", "size": "1.16884801", "price": "2935.49000000", "time": "2025-07-12T14:38:29.533100Z", "fetched_at": "2025-07-12T14:39:35.154127+00:00", "symbol": "ETH-USD"}, {"trade_id": 665988206, "side": "buy", "size": "0.15000000", "price": "2935.50000000", "time": "2025-07-12T14:38:29.533100Z", "fetched_at": "2025-07-12T14:39:35.154127+00:00", "symbol": "ETH-USD"}, {"trade_id": 665988205, "side": "buy", "size": "0.30000000", "price": "2935.50000000", "time": "2025-07-12T14:38:29.533100Z", "fetched_at": "2025-07-12T14:39:35.154127+00:00", "symbol": "ETH-USD"}, {"trade_id": 665988204, "side": "buy", "size": "0.00040164", "price": "2935.51000000", "time": "2025-07-12T14:38:29.533100Z", "fetched_at": "2025-07-12T14:39:35.154127+00:00", "symbol": "ETH-USD"}, {"trade_id": 665988203, "side": "buy", "size": "0.00273872", "price": "2935.67000000", "time": "2025-07-12T14:38:29.262238Z", "fetched_at": "2025-07-12T14:39:35.154127+00:00", "symbol": "ETH-USD"}, {"trade_id": 665988202, "side": "buy", "size": "0.00546042", "price": "2935.67000000", "time": "2025-07-12T14:38:29.262238Z", "fetched_at": "2025-07-12T14:39:35.154127+00:00", "symbol": "ETH-USD"}, {"trade_id": 665988201, "side": "buy", "size": "0.00061898", "price": "2935.67000000", "time": "2025-07-12T14:38:28.128931Z", "fetched_at": "2025-07-12T14:39:35.154127+00:00", "symbol": "ETH-USD"}, {"trade_id": 665988200, "side": "buy", "size": "0.03200638", "price": "2935.39000000", "time": "2025-07-12T14:38:26.838845Z", "fetched_at": "2025-07-12T14:39:35.154127+00:00", "symbol": "ETH-USD"}, {"trade_id": 665988199, "side": "buy", "size": "0.00039828", "price": "2935.39000000", "time": "2025-07-12T14:38:26.838845Z", "fetched_at": "2025-07-12T14:39:35.154127+00:00", "symbol": "ETH-USD"}, {"trade_id": 665988198, "side": "sell", "size": "0.00161416", "price": "2935.56000000", "time": "2025-07-12T14:38:26.607489Z", "fetched_at": "2025-07-12T14:39:35.154127+00:00", "symbol": "ETH-USD"}, {"trade_id": 665988197, "side": "sell", "size": "0.30141505", "price": "2935.48000000", "time": "2025-07-12T14:38:26.512635Z", "fetched_at": "2025-07-12T14:39:35.154127+00:00", "symbol": "ETH-USD"}, {"trade_id": 665988196, "side": "sell", "size": "0.10713246", "price": "2935.48000000", "time": "2025-07-12T14:38:26.512635Z", "fetched_at": "2025-07-12T14:39:35.154127+00:00", "symbol": "ETH-USD"}, {"trade_id": 665988195, "side": "sell", "size": "0.87734744", "price": "2935.47000000", "time": "2025-07-12T14:38:26.512635Z", "fetched_at": "2025-07-12T14:39:35.154127+00:00", "symbol": "ETH-USD"}, {"trade_id": 665988194, "side": "sell", "size": "0.17033220", "price": "2935.45000000", "time": "2025-07-12T14:38:26.512635Z", "fetched_at": "2025-07-12T14:39:35.154127+00:00", "symbol": "ETH-USD"}, {"trade_id": 665988193, "side": "sell", "size": "0.42181318", "price": "2935.35000000", "time": "2025-07-12T14:38:26.512635Z", "fetched_at": "2025-07-12T14:39:35.154127+00:00", "symbol": "ETH-USD"}, {"trade_id": 665988192, "side": "sell", "size": "0.95114593", "price": "2935.35000000", "time": "2025-07-12T14:38:26.512635Z", "fetched_at": "2025-07-12T14:39:35.154127+00:00", "symbol": "ETH-USD"}, {"trade_id": 665988191, "side": "sell", "size": "0.00008910", "price": "2935.35000000", "time": "2025-07-12T14:38:26.512635Z", "fetched_at": "2025-07-12T14:39:35.154127+00:00", "symbol": "ETH-USD"}, {"trade_id": 665988190, "side": "sell", "size": "0.00038180", "price": "2935.35000000", "time": "2025-07-12T14:38:26.512635Z", "fetched_at": "2025-07-12T14:39:35.154127+00:00", "symbol": "ETH-USD"}, {"trade_id": 665988189, "side": "sell", "size": "0.00049294", "price": "2935.35000000", "time": "2025-07-12T14:38:26.512635Z", "fetched_at": "2025-07-12T14:39:35.154127+00:00", "symbol": "ETH-USD"}, {"trade_id": 665988188, "side": "sell", "size": "0.36247362", "price": "2935.34000000", "time": "2025-07-12T14:38:26.512635Z", "fetched_at": "2025-07-12T14:39:35.154127+00:00", "symbol": "ETH-USD"}, {"trade_id": 665988187, "side": "sell", "size": "0.15295021", "price": "2935.33000000", "time": "2025-07-12T14:38:26.512635Z", "fetched_at": "2025-07-12T14:39:35.154127+00:00", "symbol": "ETH-USD"}, {"trade_id": 665988186, "side": "sell", "size": "0.41203955", "price": "2935.22000000", "time": "2025-07-12T14:38:26.512511Z", "fetched_at": "2025-07-12T14:39:35.154127+00:00", "symbol": "ETH-USD"}, {"trade_id": 665988185, "side": "sell", "size": "0.30000000", "price": "2935.20000000", "time": "2025-07-12T14:38:26.512511Z", "fetched_at": "2025-07-12T14:39:35.154127+00:00", "symbol": "ETH-USD"}, {"trade_id": 665988184, "side": "sell", "size": "0.24269000", "price": "2935.19000000", "time": "2025-07-12T14:38:26.512511Z", "fetched_at": "2025-07-12T14:39:35.154127+00:00", "symbol": "ETH-USD"}, {"trade_id": 665988183, "side": "sell", "size": "0.00292932", "price": "2935.10000000", "time": "2025-07-12T14:38:26.511773Z", "fetched_at": "2025-07-12T14:39:35.154127+00:00", "symbol": "ETH-USD"}, {"trade_id": 665988182, "side": "sell", "size": "0.29707068", "price": "2935.10000000", "time": "2025-07-12T14:38:26.511492Z", "fetched_at": "2025-07-12T14:39:35.154127+00:00", "symbol": "ETH-USD"}, {"trade_id": 665988181, "side": "sell", "size": "0.00292932", "price": "2935.04000000", "time": "2025-07-12T14:38:26.511492Z", "fetched_at": "2025-07-12T14:39:35.154127+00:00", "symbol": "ETH-USD"}, {"trade_id": 665988180, "side": "sell", "size": "0.06614610", "price": "2935.04000000", "time": "2025-07-12T14:38:25.911959Z", "fetched_at": "2025-07-12T14:39:35.154127+00:00", "symbol": "ETH-USD"}, {"trade_id": 665988179, "side": "sell", "size": "0.05766878", "price": "2935.34000000", "time": "2025-07-12T14:38:24.506204Z", "fetched_at": "2025-07-12T14:39:35.154127+00:00", "symbol": "ETH-USD"}, {"trade_id": 665988178, "side": "sell", "size": "0.15100753", "price": "2935.29000000", "time": "2025-07-12T14:38:24.506204Z", "fetched_at": "2025-07-12T14:39:35.154127+00:00", "symbol": "ETH-USD"}, {"trade_id": 665988177, "side": "sell", "size": "0.30141505", "price": "2935.29000000", "time": "2025-07-12T14:38:24.506204Z", "fetched_at": "2025-07-12T14:39:35.154127+00:00", "symbol": "ETH-USD"}, {"trade_id": 665988176, "side": "sell", "size": "0.43351277", "price": "2935.27000000", "time": "2025-07-12T14:38:24.506204Z", "fetched_at": "2025-07-12T14:39:35.154127+00:00", "symbol": "ETH-USD"}, {"trade_id": 665988175, "side": "sell", "size": "0.08222863", "price": "2935.26000000", "time": "2025-07-12T14:38:24.506204Z", "fetched_at": "2025-07-12T14:39:35.154127+00:00", "symbol": "ETH-USD"}, {"trade_id": 665988174, "side": "sell", "size": "0.17034406", "price": "2935.24000000", "time": "2025-07-12T14:38:24.506204Z", "fetched_at": "2025-07-12T14:39:35.154127+00:00", "symbol": "ETH-USD"}, {"trade_id": 665988173, "side": "sell", "size": "0.30000000", "price": "2935.20000000", "time": "2025-07-12T14:38:24.506204Z", "fetched_at": "2025-07-12T14:39:35.154127+00:00", "symbol": "ETH-USD"}, {"trade_id": 665988172, "side": "sell", "size": "0.00294080", "price": "2935.18000000", "time": "2025-07-12T14:38:24.506204Z", "fetched_at": "2025-07-12T14:39:35.154127+00:00", "symbol": "ETH-USD"}, {"trade_id": 665988171, "side": "sell", "size": "0.30000000", "price": "2935.10000000", "time": "2025-07-12T14:38:24.506204Z", "fetched_at": "2025-07-12T14:39:35.154127+00:00", "symbol": "ETH-USD"}, {"trade_id": 665988170, "side": "sell", "size": "0.36000000", "price": "2935.09000000", "time": "2025-07-12T14:38:24.506204Z", "fetched_at": "2025-07-12T14:39:35.154127+00:00", "symbol": "ETH-USD"}, {"trade_id": 665988169, "side": "sell", "size": "0.15000000", "price": "2935.08000000", "time": "2025-07-12T14:38:24.506204Z", "fetched_at": "2025-07-12T14:39:35.154127+00:00", "symbol": "ETH-USD"}, {"trade_id": 665988168, "side": "buy", "size": "0.00000340", "price": "2935.02000000", "time": "2025-07-12T14:38:23.824718Z", "fetched_at": "2025-07-12T14:39:35.154127+00:00", "symbol": "ETH-USD"}, {"trade_id": 665988167, "side": "buy", "size": "0.00003407", "price": "2935.02000000", "time": "2025-07-12T14:38:23.824718Z", "fetched_at": "2025-07-12T14:39:35.154127+00:00", "symbol": "ETH-USD"}, {"trade_id": 665988166, "side": "buy", "size": "0.83120643", "price": "2935.02000000", "time": "2025-07-12T14:38:23.824718Z", "fetched_at": "2025-07-12T14:39:35.154127+00:00", "symbol": "ETH-USD"}, {"trade_id": 665988165, "side": "buy", "size": "0.07371000", "price": "2935.02000000", "time": "2025-07-12T14:38:23.812109Z", "fetched_at": "2025-07-12T14:39:35.154127+00:00", "symbol": "ETH-USD"}, {"trade_id": 665988164, "side": "buy", "size": "0.01577000", "price": "2935.02000000", "time": "2025-07-12T14:38:23.806325Z", "fetched_at": "2025-07-12T14:39:35.154127+00:00", "symbol": "ETH-USD"}, {"trade_id": 665988163, "side": "buy", "size": "0.00100000", "price": "2935.02000000", "time": "2025-07-12T14:38:23.806325Z", "fetched_at": "2025-07-12T14:39:35.154127+00:00", "symbol": "ETH-USD"}, {"trade_id": 665988162, "side": "sell", "size": "0.03310998", "price": "2935.07000000", "time": "2025-07-12T14:38:23.362951Z", "fetched_at": "2025-07-12T14:39:35.154127+00:00", "symbol": "ETH-USD"}, {"trade_id": 665988161, "side": "sell", "size": "0.00895937", "price": "2935.07000000", "time": "2025-07-12T14:38:23.280464Z", "fetched_at": "2025-07-12T14:39:35.154127+00:00", "symbol": "ETH-USD"}, {"trade_id": 665988160, "side": "buy", "size": "0.00640189", "price": "2935.07000000", "time": "2025-07-12T14:38:22.574758Z", "fetched_at": "2025-07-12T14:39:35.154127+00:00", "symbol": "ETH-USD"}, {"trade_id": 665988159, "side": "buy", "size": "0.03824440", "price": "2935.07000000", "time": "2025-07-12T14:38:22.574758Z", "fetched_at": "2025-07-12T14:39:35.154127+00:00", "symbol": "ETH-USD"}, {"trade_id": 665988158, "side": "buy", "size": "0.00000340", "price": "2935.07000000", "time": "2025-07-12T14:38:22.574758Z", "fetched_at": "2025-07-12T14:39:35.154127+00:00", "symbol": "ETH-USD"}, {"trade_id": 665988157, "side": "buy", "size": "0.00001362", "price": "2935.07000000", "time": "2025-07-12T14:38:22.574758Z", "fetched_at": "2025-07-12T14:39:35.154127+00:00", "symbol": "ETH-USD"}, {"trade_id": 665988156, "side": "sell", "size": "0.01353300", "price": "2935.34000000", "time": "2025-07-12T14:38:21.236689Z", "fetched_at": "2025-07-12T14:39:35.154127+00:00", "symbol": "ETH-USD"}, {"trade_id": 665988155, "side": "sell", "size": "0.00295232", "price": "2935.33000000", "time": "2025-07-12T14:38:21.236689Z", "fetched_at": "2025-07-12T14:39:35.154127+00:00", "symbol": "ETH-USD"}, {"trade_id": 665988154, "side": "buy", "size": "1.02661593", "price": "2935.46000000", "time": "2025-07-12T14:38:21.032606Z", "fetched_at": "2025-07-12T14:39:35.154127+00:00", "symbol": "ETH-USD"}, {"trade_id": 665988153, "side": "buy", "size": "0.01639606", "price": "2935.46000000", "time": "2025-07-12T14:38:21.032606Z", "fetched_at": "2025-07-12T14:39:35.154127+00:00", "symbol": "ETH-USD"}, {"trade_id": 665988152, "side": "buy", "size": "0.05738112", "price": "2935.46000000", "time": "2025-07-12T14:38:21.032606Z", "fetched_at": "2025-07-12T14:39:35.154127+00:00", "symbol": "ETH-USD"}, {"trade_id": 665988151, "side": "buy", "size": "0.00000001", "price": "2935.53000000", "time": "2025-07-12T14:38:20.515760Z", "fetched_at": "2025-07-12T14:39:35.154127+00:00", "symbol": "ETH-USD"}, {"trade_id": 665988150, "side": "sell", "size": "0.30000000", "price": "2935.60000000", "time": "2025-07-12T14:38:20.396096Z", "fetched_at": "2025-07-12T14:39:35.154127+00:00", "symbol": "ETH-USD"}, {"trade_id": 665988149, "side": "sell", "size": "0.37727534", "price": "2935.57000000", "time": "2025-07-12T14:38:20.396096Z", "fetched_at": "2025-07-12T14:39:35.154127+00:00", "symbol": "ETH-USD"}, {"trade_id": 665988148, "side": "sell", "size": "0.29349000", "price": "2935.50000000", "time": "2025-07-12T14:38:20.392200Z", "fetched_at": "2025-07-12T14:39:35.154127+00:00", "symbol": "ETH-USD"}, {"trade_id": 665988147, "side": "sell", "size": "0.00020668", "price": "2935.47000000", "time": "2025-07-12T14:38:20.392200Z", "fetched_at": "2025-07-12T14:39:35.154127+00:00", "symbol": "ETH-USD"}, {"trade_id": 665988146, "side": "sell", "size": "0.07466840", "price": "2935.47000000", "time": "2025-07-12T14:38:20.392200Z", "fetched_at": "2025-07-12T14:39:35.154127+00:00", "symbol": "ETH-USD"}, {"trade_id": 665988145, "side": "sell", "size": "0.00100000", "price": "2935.24000000", "time": "2025-07-12T14:38:19.825136Z", "fetched_at": "2025-07-12T14:39:35.154127+00:00", "symbol": "ETH-USD"}, {"trade_id": 665988144, "side": "sell", "size": "0.35580477", "price": "2934.97000000", "time": "2025-07-12T14:38:19.678642Z", "fetched_at": "2025-07-12T14:39:35.154127+00:00", "symbol": "ETH-USD"}, {"trade_id": 665988143, "side": "sell", "size": "0.30000000", "price": "2934.95000000", "time": "2025-07-12T14:38:19.678642Z", "fetched_at": "2025-07-12T14:39:35.154127+00:00", "symbol": "ETH-USD"}, {"trade_id": 665988142, "side": "sell", "size": "0.00651263", "price": "2934.90000000", "time": "2025-07-12T14:38:19.619435Z", "fetched_at": "2025-07-12T14:39:35.154127+00:00", "symbol": "ETH-USD"}, {"trade_id": 665988141, "side": "sell", "size": "0.00010335", "price": "2934.78000000", "time": "2025-07-12T14:38:19.619435Z", "fetched_at": "2025-07-12T14:39:35.154127+00:00", "symbol": "ETH-USD"}, {"trade_id": 665988140, "side": "sell", "size": "0.00233814", "price": "2934.76000000", "time": "2025-07-12T14:38:19.332169Z", "fetched_at": "2025-07-12T14:39:35.154127+00:00", "symbol": "ETH-USD"}, {"trade_id": 665988139, "side": "buy", "size": "0.05900763", "price": "2934.66000000", "time": "2025-07-12T14:38:18.947961Z", "fetched_at": "2025-07-12T14:39:35.154127+00:00", "symbol": "ETH-USD"}, {"trade_id": 665988138, "side": "buy", "size": "0.26646000", "price": "2934.69000000", "time": "2025-07-12T14:38:18.947961Z", "fetched_at": "2025-07-12T14:39:35.154127+00:00", "symbol": "ETH-USD"}, {"trade_id": 665988137, "side": "buy", "size": "0.47250000", "price": "2934.69000000", "time": "2025-07-12T14:38:18.947961Z", "fetched_at": "2025-07-12T14:39:35.154127+00:00", "symbol": "ETH-USD"}, {"trade_id": 665988136, "side": "buy", "size": "0.13016000", "price": "2935.03000000", "time": "2025-07-12T14:38:18.711797Z", "fetched_at": "2025-07-12T14:39:35.154127+00:00", "symbol": "ETH-USD"}, {"trade_id": 665988135, "side": "sell", "size": "0.03057676", "price": "2935.04000000", "time": "2025-07-12T14:38:18.703753Z", "fetched_at": "2025-07-12T14:39:35.154127+00:00", "symbol": "ETH-USD"}, {"trade_id": 665988134, "side": "sell", "size": "0.17036123", "price": "2934.94000000", "time": "2025-07-12T14:38:18.703753Z", "fetched_at": "2025-07-12T14:39:35.154127+00:00", "symbol": "ETH-USD"}, {"trade_id": 665988133, "side": "sell", "size": "0.43630177", "price": "2934.93000000", "time": "2025-07-12T14:38:18.703753Z", "fetched_at": "2025-07-12T14:39:35.154127+00:00", "symbol": "ETH-USD"}, {"trade_id": 665988132, "side": "sell", "size": "0.00306024", "price": "2934.93000000", "time": "2025-07-12T14:38:18.703753Z", "fetched_at": "2025-07-12T14:39:35.154127+00:00", "symbol": "ETH-USD"}, {"trade_id": 665988131, "side": "sell", "size": "0.11203976", "price": "2934.95000000", "time": "2025-07-12T14:38:18.407621Z", "fetched_at": "2025-07-12T14:39:35.154127+00:00", "symbol": "ETH-USD"}, {"trade_id": 665988130, "side": "sell", "size": "0.00306024", "price": "2934.95000000", "time": "2025-07-12T14:38:18.407621Z", "fetched_at": "2025-07-12T14:39:35.154127+00:00", "symbol": "ETH-USD"}, {"trade_id": 665988129, "side": "sell", "size": "0.00306024", "price": "2934.37000000", "time": "2025-07-12T14:38:18.207588Z", "fetched_at": "2025-07-12T14:39:35.154127+00:00", "symbol": "ETH-USD"}, {"trade_id": 665988128, "side": "sell", "size": "0.12912000", "price": "2934.37000000", "time": "2025-07-12T14:38:18.193991Z", "fetched_at": "2025-07-12T14:39:35.154127+00:00", "symbol": "ETH-USD"}, {"trade_id": 665988127, "side": "buy", "size": "0.00100000", "price": "2934.36000000", "time": "2025-07-12T14:38:18.166651Z", "fetched_at": "2025-07-12T14:39:35.154127+00:00", "symbol": "ETH-USD"}, {"trade_id": 665988126, "side": "buy", "size": "0.00100000", "price": "2934.58000000", "time": "2025-07-12T14:38:18.156479Z", "fetched_at": "2025-07-12T14:39:35.154127+00:00", "symbol": "ETH-USD"}, {"trade_id": 665988125, "side": "buy", "size": "2.99989106", "price": "2934.65000000", "time": "2025-07-12T14:38:18.145154Z", "fetched_at": "2025-07-12T14:39:35.154127+00:00", "symbol": "ETH-USD"}, {"trade_id": 665988124, "side": "buy", "size": "0.04253295", "price": "2934.67000000", "time": "2025-07-12T14:38:18.132609Z", "fetched_at": "2025-07-12T14:39:35.154127+00:00", "symbol": "ETH-USD"}, {"trade_id": 665988123, "side": "sell", "size": "0.01991000", "price": "2934.89000000", "time": "2025-07-12T14:38:18.110470Z", "fetched_at": "2025-07-12T14:39:35.154127+00:00", "symbol": "ETH-USD"}, {"trade_id": 665988122, "side": "sell", "size": "0.22279000", "price": "2934.84000000", "time": "2025-07-12T14:38:18.110470Z", "fetched_at": "2025-07-12T14:39:35.154127+00:00", "symbol": "ETH-USD"}, {"trade_id": 665988121, "side": "buy", "size": "0.01677000", "price": "2934.66000000", "time": "2025-07-12T14:38:18.097736Z", "fetched_at": "2025-07-12T14:39:35.154127+00:00", "symbol": "ETH-USD"}, {"trade_id": 665988120, "side": "buy", "size": "0.01677000", "price": "2934.66000000", "time": "2025-07-12T14:38:18.097539Z", "fetched_at": "2025-07-12T14:39:35.154127+00:00", "symbol": "ETH-USD"}, {"trade_id": 665988119, "side": "buy", "size": "0.00100000", "price": "2934.80000000", "time": "2025-07-12T14:38:18.095318Z", "fetched_at": "2025-07-12T14:39:35.154127+00:00", "symbol": "ETH-USD"}, {"trade_id": 665988118, "side": "sell", "size": "0.06921569", "price": "2935.25000000", "time": "2025-07-12T14:38:17.809132Z", "fetched_at": "2025-07-12T14:39:35.154127+00:00", "symbol": "ETH-USD"}, {"trade_id": 665988117, "side": "sell", "size": "0.10000000", "price": "2935.25000000", "time": "2025-07-12T14:38:17.809132Z", "fetched_at": "2025-07-12T14:39:35.154127+00:00", "symbol": "ETH-USD"}, {"trade_id": 665988116, "side": "sell", "size": "0.15000000", "price": "2935.24000000", "time": "2025-07-12T14:38:17.809132Z", "fetched_at": "2025-07-12T14:39:35.154127+00:00", "symbol": "ETH-USD"}, {"trade_id": 665988115, "side": "sell", "size": "0.00308431", "price": "2935.23000000", "time": "2025-07-12T14:38:17.809132Z", "fetched_at": "2025-07-12T14:39:35.154127+00:00", "symbol": "ETH-USD"}, {"trade_id": 665988114, "side": "sell", "size": "0.06561175", "price": "2935.28000000", "time": "2025-07-12T14:38:17.509Z", "fetched_at": "2025-07-12T14:39:35.154127+00:00", "symbol": "ETH-USD"}, {"trade_id": 665988113, "side": "sell", "size": "0.15000000", "price": "2935.27000000", "time": "2025-07-12T14:38:17.509Z", "fetched_at": "2025-07-12T14:39:35.154127+00:00", "symbol": "ETH-USD"}, {"trade_id": 665988112, "side": "sell", "size": "0.24269000", "price": "2935.27000000", "time": "2025-07-12T14:38:17.509Z", "fetched_at": "2025-07-12T14:39:35.154127+00:00", "symbol": "ETH-USD"}, {"trade_id": 665988111, "side": "sell", "size": "0.01261394", "price": "2935.26000000", "time": "2025-07-12T14:38:17.509Z", "fetched_at": "2025-07-12T14:39:35.154127+00:00", "symbol": "ETH-USD"}, {"trade_id": 665988110, "side": "sell", "size": "0.00308431", "price": "2935.25000000", "time": "2025-07-12T14:38:17.509Z", "fetched_at": "2025-07-12T14:39:35.154127+00:00", "symbol": "ETH-USD"}, {"trade_id": 665988109, "side": "sell", "size": "0.00010000", "price": "2934.86000000", "time": "2025-07-12T14:38:17.322897Z", "fetched_at": "2025-07-12T14:39:35.154127+00:00", "symbol": "ETH-USD"}, {"trade_id": 665988108, "side": "buy", "size": "3.76644136", "price": "2935.34000000", "time": "2025-07-12T14:38:17.315010Z", "fetched_at": "2025-07-12T14:39:35.154127+00:00", "symbol": "ETH-USD"}, {"trade_id": 665988107, "side": "sell", "size": "0.05348449", "price": "2935.26000000", "time": "2025-07-12T14:38:17.301731Z", "fetched_at": "2025-07-12T14:39:35.154127+00:00", "symbol": "ETH-USD"}, {"trade_id": 665988106, "side": "sell", "size": "0.07737212", "price": "2935.25000000", "time": "2025-07-12T14:38:17.301731Z", "fetched_at": "2025-07-12T14:39:35.154127+00:00", "symbol": "ETH-USD"}, {"trade_id": 665988105, "side": "sell", "size": "0.06542102", "price": "2935.24000000", "time": "2025-07-12T14:38:17.301731Z", "fetched_at": "2025-07-12T14:39:35.154127+00:00", "symbol": "ETH-USD"}, {"trade_id": 665988104, "side": "sell", "size": "0.03596000", "price": "2935.18000000", "time": "2025-07-12T14:38:17.301731Z", "fetched_at": "2025-07-12T14:39:35.154127+00:00", "symbol": "ETH-USD"}, {"trade_id": 665988103, "side": "sell", "size": "0.02892092", "price": "2935.17000000", "time": "2025-07-12T14:38:17.301731Z", "fetched_at": "2025-07-12T14:39:35.154127+00:00", "symbol": "ETH-USD"}, {"trade_id": 665988102, "side": "sell", "size": "0.01953035", "price": "2935.16000000", "time": "2025-07-12T14:38:17.301731Z", "fetched_at": "2025-07-12T14:39:35.154127+00:00", "symbol": "ETH-USD"}, {"trade_id": 665988101, "side": "buy", "size": "0.00100000", "price": "2935.02000000", "time": "2025-07-12T14:38:17.296141Z", "fetched_at": "2025-07-12T14:39:35.154127+00:00", "symbol": "ETH-USD"}, {"trade_id": 665988100, "side": "buy", "size": "0.47983416", "price": "2935.16000000", "time": "2025-07-12T14:38:17.268180Z", "fetched_at": "2025-07-12T14:39:35.154127+00:00", "symbol": "ETH-USD"}, {"trade_id": 665988099, "side": "buy", "size": "0.00100000", "price": "2935.24000000", "time": "2025-07-12T14:38:17.268180Z", "fetched_at": "2025-07-12T14:39:35.154127+00:00", "symbol": "ETH-USD"}, {"trade_id": 665988098, "side": "buy", "size": "0.28073901", "price": "2935.39000000", "time": "2025-07-12T14:38:17.268180Z", "fetched_at": "2025-07-12T14:39:35.154127+00:00", "symbol": "ETH-USD"}, {"trade_id": 665988097, "side": "buy", "size": "0.00819297", "price": "2935.44000000", "time": "2025-07-12T14:38:17.268180Z", "fetched_at": "2025-07-12T14:39:35.154127+00:00", "symbol": "ETH-USD"}, {"trade_id": 665988096, "side": "buy", "size": "0.78904625", "price": "2935.44000000", "time": "2025-07-12T14:38:17.268180Z", "fetched_at": "2025-07-12T14:39:35.154127+00:00", "symbol": "ETH-USD"}, {"trade_id": 665988095, "side": "buy", "size": "0.00002384", "price": "2935.44000000", "time": "2025-07-12T14:38:17.268180Z", "fetched_at": "2025-07-12T14:39:35.154127+00:00", "symbol": "ETH-USD"}, {"trade_id": 665988094, "side": "sell", "size": "0.11398208", "price": "2935.66000000", "time": "2025-07-12T14:38:17.226950Z", "fetched_at": "2025-07-12T14:39:35.154127+00:00", "symbol": "ETH-USD"}, {"trade_id": 665988093, "side": "sell", "size": "0.00281792", "price": "2935.45000000", "time": "2025-07-12T14:38:17.226950Z", "fetched_at": "2025-07-12T14:39:35.154127+00:00", "symbol": "ETH-USD"}, {"trade_id": 665988092, "side": "sell", "size": "0.08251418", "price": "2935.69000000", "time": "2025-07-12T14:38:16.937148Z", "fetched_at": "2025-07-12T14:39:35.154127+00:00", "symbol": "ETH-USD"}, {"trade_id": 665988091, "side": "sell", "size": "0.04000684", "price": "2935.68000000", "time": "2025-07-12T14:38:16.937148Z", "fetched_at": "2025-07-12T14:39:35.154127+00:00", "symbol": "ETH-USD"}, {"trade_id": 665988090, "side": "sell", "size": "0.12465002", "price": "2935.67000000", "time": "2025-07-12T14:38:16.937148Z", "fetched_at": "2025-07-12T14:39:35.154127+00:00", "symbol": "ETH-USD"}, {"trade_id": 665988089, "side": "sell", "size": "0.00282896", "price": "2935.45000000", "time": "2025-07-12T14:38:16.937148Z", "fetched_at": "2025-07-12T14:39:35.154127+00:00", "symbol": "ETH-USD"}, {"trade_id": 665988088, "side": "sell", "size": "0.11536548", "price": "2935.45000000", "time": "2025-07-12T14:38:16.655111Z", "fetched_at": "2025-07-12T14:39:35.154127+00:00", "symbol": "ETH-USD"}, {"trade_id": 665988087, "side": "sell", "size": "0.00313452", "price": "2935.45000000", "time": "2025-07-12T14:38:16.655111Z", "fetched_at": "2025-07-12T14:39:35.154127+00:00", "symbol": "ETH-USD"}, {"trade_id": 665988086, "side": "buy", "size": "0.46799969", "price": "2935.54000000", "time": "2025-07-12T14:38:16.629633Z", "fetched_at": "2025-07-12T14:39:35.154127+00:00", "symbol": "ETH-USD"}, {"trade_id": 665988085, "side": "buy", "size": "0.00100000", "price": "2935.46000000", "time": "2025-07-12T14:38:16.603645Z", "fetched_at": "2025-07-12T14:39:35.154127+00:00", "symbol": "ETH-USD"}, {"trade_id": 665988084, "side": "buy", "size": "0.39603309", "price": "2935.49000000", "time": "2025-07-12T14:38:16.603645Z", "fetched_at": "2025-07-12T14:39:35.154127+00:00", "symbol": "ETH-USD"}, {"trade_id": 665988083, "side": "buy", "size": "0.18725621", "price": "2935.54000000", "time": "2025-07-12T14:38:16.603645Z", "fetched_at": "2025-07-12T14:39:35.154127+00:00", "symbol": "ETH-USD"}, {"trade_id": 665988082, "side": "buy", "size": "0.00638352", "price": "2935.68000000", "time": "2025-07-12T14:38:16.603645Z", "fetched_at": "2025-07-12T14:39:35.154127+00:00", "symbol": "ETH-USD"}, {"trade_id": 665988081, "side": "buy", "size": "0.00100000", "price": "2935.68000000", "time": "2025-07-12T14:38:16.603645Z", "fetched_at": "2025-07-12T14:39:35.154127+00:00", "symbol": "ETH-USD"}, {"trade_id": 665988080, "side": "buy", "size": "0.00000340", "price": "2935.97000000", "time": "2025-07-12T14:38:16.599124Z", "fetched_at": "2025-07-12T14:39:35.154127+00:00", "symbol": "ETH-USD"}, {"trade_id": 665988079, "side": "buy", "size": "0.64940001", "price": "2935.97000000", "time": "2025-07-12T14:38:16.599124Z", "fetched_at": "2025-07-12T14:39:35.154127+00:00", "symbol": "ETH-USD"}, {"trade_id": 665988078, "side": "buy", "size": "0.39172529", "price": "2935.97000000", "time": "2025-07-12T14:38:16.599124Z", "fetched_at": "2025-07-12T14:39:35.154127+00:00", "symbol": "ETH-USD"}, {"trade_id": 665988077, "side": "buy", "size": "0.01677000", "price": "2935.97000000", "time": "2025-07-12T14:38:16.598905Z", "fetched_at": "2025-07-12T14:39:35.154127+00:00", "symbol": "ETH-USD"}, {"trade_id": 665988076, "side": "sell", "size": "0.11850000", "price": "2935.98000000", "time": "2025-07-12T14:38:16.371239Z", "fetched_at": "2025-07-12T14:39:35.154127+00:00", "symbol": "ETH-USD"}, {"trade_id": 665988075, "side": "buy", "size": "0.07371000", "price": "2935.97000000", "time": "2025-07-12T14:38:16.237492Z", "fetched_at": "2025-07-12T14:39:35.154127+00:00", "symbol": "ETH-USD"}, {"trade_id": 665988074, "side": "buy", "size": "0.13016000", "price": "2936.13000000", "time": "2025-07-12T14:38:16.148108Z", "fetched_at": "2025-07-12T14:39:35.154127+00:00", "symbol": "ETH-USD"}, {"trade_id": 665988073, "side": "sell", "size": "0.18803780", "price": "2936.08000000", "time": "2025-07-12T14:38:16.075139Z", "fetched_at": "2025-07-12T14:39:35.154127+00:00", "symbol": "ETH-USD"}, {"trade_id": 665988072, "side": "sell", "size": "0.15000000", "price": "2936.07000000", "time": "2025-07-12T14:38:16.075139Z", "fetched_at": "2025-07-12T14:39:35.154127+00:00", "symbol": "ETH-USD"}, {"trade_id": 665988071, "side": "sell", "size": "0.00314220", "price": "2935.98000000", "time": "2025-07-12T14:38:16.075139Z", "fetched_at": "2025-07-12T14:39:35.154127+00:00", "symbol": "ETH-USD"}, {"trade_id": 665988070, "side": "sell", "size": "0.12912000", "price": "2935.98000000", "time": "2025-07-12T14:38:16.075139Z", "fetched_at": "2025-07-12T14:39:35.154127+00:00", "symbol": "ETH-USD"}, {"trade_id": 665988069, "side": "buy", "size": "0.15000000", "price": "2936.15000000", "time": "2025-07-12T14:38:15.954708Z", "fetched_at": "2025-07-12T14:39:35.154127+00:00", "symbol": "ETH-USD"}, {"trade_id": 665988068, "side": "buy", "size": "0.01638216", "price": "2936.12000000", "time": "2025-07-12T14:38:15.936412Z", "fetched_at": "2025-07-12T14:39:35.154127+00:00", "symbol": "ETH-USD"}, {"trade_id": 665988067, "side": "buy", "size": "0.28833147", "price": "2936.15000000", "time": "2025-07-12T14:38:15.936412Z", "fetched_at": "2025-07-12T14:39:35.154127+00:00", "symbol": "ETH-USD"}, {"trade_id": 665988066, "side": "buy", "size": "0.13016000", "price": "2936.15000000", "time": "2025-07-12T14:38:15.936412Z", "fetched_at": "2025-07-12T14:39:35.154127+00:00", "symbol": "ETH-USD"}, {"trade_id": 665988065, "side": "buy", "size": "0.01500945", "price": "2936.15000000", "time": "2025-07-12T14:38:15.936412Z", "fetched_at": "2025-07-12T14:39:35.154127+00:00", "symbol": "ETH-USD"}, {"trade_id": 665988064, "side": "sell", "size": "0.00033851", "price": "2936.35000000", "time": "2025-07-12T14:38:15.821375Z", "fetched_at": "2025-07-12T14:39:35.154127+00:00", "symbol": "ETH-USD"}, {"trade_id": 665988063, "side": "sell", "size": "0.05832451", "price": "2936.34000000", "time": "2025-07-12T14:38:15.821375Z", "fetched_at": "2025-07-12T14:39:35.154127+00:00", "symbol": "ETH-USD"}, {"trade_id": 665988062, "side": "sell", "size": "0.00459021", "price": "2936.33000000", "time": "2025-07-12T14:38:15.821375Z", "fetched_at": "2025-07-12T14:39:35.154127+00:00", "symbol": "ETH-USD"}, {"trade_id": 665988061, "side": "sell", "size": "0.00291532", "price": "2936.16000000", "time": "2025-07-12T14:38:15.821375Z", "fetched_at": "2025-07-12T14:39:35.154127+00:00", "symbol": "ETH-USD"}, {"trade_id": 665988060, "side": "sell", "size": "0.36938468", "price": "2936.33000000", "time": "2025-07-12T14:38:15.785314Z", "fetched_at": "2025-07-12T14:39:35.154127+00:00", "symbol": "ETH-USD"}, {"trade_id": 665988059, "side": "sell", "size": "0.10000000", "price": "2936.33000000", "time": "2025-07-12T14:38:15.785314Z", "fetched_at": "2025-07-12T14:39:35.154127+00:00", "symbol": "ETH-USD"}, {"trade_id": 665988058, "side": "sell", "size": "0.00291532", "price": "2936.16000000", "time": "2025-07-12T14:38:15.785314Z", "fetched_at": "2025-07-12T14:39:35.154127+00:00", "symbol": "ETH-USD"}, {"trade_id": 665988057, "side": "sell", "size": "0.11408469", "price": "2936.22000000", "time": "2025-07-12T14:38:15.488077Z", "fetched_at": "2025-07-12T14:39:35.154127+00:00", "symbol": "ETH-USD"}, {"trade_id": 665988056, "side": "sell", "size": "0.00291531", "price": "2936.21000000", "time": "2025-07-12T14:38:15.488077Z", "fetched_at": "2025-07-12T14:39:35.154127+00:00", "symbol": "ETH-USD"}, {"trade_id": 665988055, "side": "sell", "size": "0.05240260", "price": "2936.22000000", "time": "2025-07-12T14:38:15.229285Z", "fetched_at": "2025-07-12T14:39:35.154127+00:00", "symbol": "ETH-USD"}, {"trade_id": 665988054, "side": "sell", "size": "0.24269000", "price": "2936.21000000", "time": "2025-07-12T14:38:15.229285Z", "fetched_at": "2025-07-12T14:39:35.154127+00:00", "symbol": "ETH-USD"}, {"trade_id": 665988053, "side": "sell", "size": "0.03384000", "price": "2936.13000000", "time": "2025-07-12T14:38:15.229285Z", "fetched_at": "2025-07-12T14:39:35.154127+00:00", "symbol": "ETH-USD"}, {"trade_id": 665988052, "side": "sell", "size": "0.00188617", "price": "2936.13000000", "time": "2025-07-12T14:38:15.229285Z", "fetched_at": "2025-07-12T14:39:35.154127+00:00", "symbol": "ETH-USD"}, {"trade_id": 665988051, "side": "sell", "size": "0.00259383", "price": "2936.39000000", "time": "2025-07-12T14:38:15.078701Z", "fetched_at": "2025-07-12T14:39:35.154127+00:00", "symbol": "ETH-USD"}, {"trade_id": 665988050, "side": "sell", "size": "0.00188617", "price": "2936.13000000", "time": "2025-07-12T14:38:15.078701Z", "fetched_at": "2025-07-12T14:39:35.154127+00:00", "symbol": "ETH-USD"}, {"trade_id": 665988049, "side": "sell", "size": "0.12912000", "price": "2936.13000000", "time": "2025-07-12T14:38:15.078701Z", "fetched_at": "2025-07-12T14:39:35.154127+00:00", "symbol": "ETH-USD"}, {"trade_id": 665988048, "side": "buy", "size": "0.07538069", "price": "2935.90000000", "time": "2025-07-12T14:38:14.753679Z", "fetched_at": "2025-07-12T14:39:35.154127+00:00", "symbol": "ETH-USD"}, {"trade_id": 665988047, "side": "buy", "size": "0.00113229", "price": "2935.91000000", "time": "2025-07-12T14:38:14.753679Z", "fetched_at": "2025-07-12T14:39:35.154127+00:00", "symbol": "ETH-USD"}, {"trade_id": 665988046, "side": "buy", "size": "0.00001702", "price": "2936.12000000", "time": "2025-07-12T14:38:14.753679Z", "fetched_at": "2025-07-12T14:39:35.154127+00:00", "symbol": "ETH-USD"}, {"trade_id": 665988045, "side": "buy", "size": "0.00100000", "price": "2936.12000000", "time": "2025-07-12T14:38:14.753679Z", "fetched_at": "2025-07-12T14:39:35.154127+00:00", "symbol": "ETH-USD"}, {"trade_id": 665988044, "side": "sell", "size": "0.00006331", "price": "2936.40000000", "time": "2025-07-12T14:38:14.554611Z", "fetched_at": "2025-07-12T14:39:35.154127+00:00", "symbol": "ETH-USD"}, {"trade_id": 665988043, "side": "buy", "size": "0.46509926", "price": "2936.33000000", "time": "2025-07-12T14:38:14.495452Z", "fetched_at": "2025-07-12T14:39:35.154127+00:00", "symbol": "ETH-USD"}, {"trade_id": 665988042, "side": "buy", "size": "0.00106049", "price": "2936.34000000", "time": "2025-07-12T14:38:14.495452Z", "fetched_at": "2025-07-12T14:39:35.154127+00:00", "symbol": "ETH-USD"}, {"trade_id": 665988041, "side": "buy", "size": "0.00000340", "price": "2936.34000000", "time": "2025-07-12T14:38:14.495452Z", "fetched_at": "2025-07-12T14:39:35.154127+00:00", "symbol": "ETH-USD"}, {"trade_id": 665988040, "side": "buy", "size": "0.00100000", "price": "2936.34000000", "time": "2025-07-12T14:38:14.495452Z", "fetched_at": "2025-07-12T14:39:35.154127+00:00", "symbol": "ETH-USD"}, {"trade_id": 665988039, "side": "buy", "size": "0.00001362", "price": "2936.66000000", "time": "2025-07-12T14:38:14.096331Z", "fetched_at": "2025-07-12T14:39:35.154127+00:00", "symbol": "ETH-USD"}, {"trade_id": 665988038, "side": "buy", "size": "0.01324007", "price": "2936.68000000", "time": "2025-07-12T14:38:14.096331Z", "fetched_at": "2025-07-12T14:39:35.154127+00:00", "symbol": "ETH-USD"}, {"trade_id": 665988037, "side": "buy", "size": "0.01677000", "price": "2936.68000000", "time": "2025-07-12T14:38:14.091074Z", "fetched_at": "2025-07-12T14:39:35.154127+00:00", "symbol": "ETH-USD"}, {"trade_id": 665988036, "side": "sell", "size": "0.03979190", "price": "2936.85000000", "time": "2025-07-12T14:38:13.827010Z", "fetched_at": "2025-07-12T14:39:35.154127+00:00", "symbol": "ETH-USD"}, {"trade_id": 665988035, "side": "sell", "size": "0.10000000", "price": "2936.84000000", "time": "2025-07-12T14:38:13.827010Z", "fetched_at": "2025-07-12T14:39:35.154127+00:00", "symbol": "ETH-USD"}, {"trade_id": 665988034, "side": "sell", "size": "0.02927441", "price": "2936.83000000", "time": "2025-07-12T14:38:13.827010Z", "fetched_at": "2025-07-12T14:39:35.154127+00:00", "symbol": "ETH-USD"}, {"trade_id": 665988033, "side": "sell", "size": "0.00323369", "price": "2936.69000000", "time": "2025-07-12T14:38:13.827010Z", "fetched_at": "2025-07-12T14:39:35.154127+00:00", "symbol": "ETH-USD"}, {"trade_id": 665988032, "side": "sell", "size": "0.15000000", "price": "2936.69000000", "time": "2025-07-12T14:38:13.827010Z", "fetched_at": "2025-07-12T14:39:35.154127+00:00", "symbol": "ETH-USD"}, {"trade_id": 665988031, "side": "sell", "size": "0.31428448", "price": "2936.82000000", "time": "2025-07-12T14:38:13.755392Z", "fetched_at": "2025-07-12T14:39:35.154127+00:00", "symbol": "ETH-USD"}, {"trade_id": 665988030, "side": "sell", "size": "0.23921837", "price": "2936.76000000", "time": "2025-07-12T14:38:13.523765Z", "fetched_at": "2025-07-12T14:39:35.154127+00:00", "symbol": "ETH-USD"}, {"trade_id": 665988029, "side": "sell", "size": "0.00009822", "price": "2936.76000000", "time": "2025-07-12T14:38:13.523765Z", "fetched_at": "2025-07-12T14:39:35.154127+00:00", "symbol": "ETH-USD"}, {"trade_id": 665988028, "side": "sell", "size": "0.00012705", "price": "2936.76000000", "time": "2025-07-12T14:38:13.523765Z", "fetched_at": "2025-07-12T14:39:35.154127+00:00", "symbol": "ETH-USD"}, {"trade_id": 665988027, "side": "sell", "size": "0.00002267", "price": "2936.76000000", "time": "2025-07-12T14:38:13.523765Z", "fetched_at": "2025-07-12T14:39:35.154127+00:00", "symbol": "ETH-USD"}, {"trade_id": 665988026, "side": "sell", "size": "0.00323369", "price": "2936.67000000", "time": "2025-07-12T14:38:13.523765Z", "fetched_at": "2025-07-12T14:39:35.154127+00:00", "symbol": "ETH-USD"}, {"trade_id": 665988025, "side": "sell", "size": "0.03307082", "price": "2936.98000000", "time": "2025-07-12T14:38:13.198962Z", "fetched_at": "2025-07-12T14:39:35.154127+00:00", "symbol": "ETH-USD"}, {"trade_id": 665988024, "side": "sell", "size": "0.07426207", "price": "2936.96000000", "time": "2025-07-12T14:38:13.198962Z", "fetched_at": "2025-07-12T14:39:35.154127+00:00", "symbol": "ETH-USD"}, {"trade_id": 665988023, "side": "sell", "size": "0.00051094", "price": "2936.96000000", "time": "2025-07-12T14:38:13.198962Z", "fetched_at": "2025-07-12T14:39:35.154127+00:00", "symbol": "ETH-USD"}, {"trade_id": 665988022, "side": "sell", "size": "0.00517105", "price": "2936.94000000", "time": "2025-07-12T14:38:13.198962Z", "fetched_at": "2025-07-12T14:39:35.154127+00:00", "symbol": "ETH-USD"}, {"trade_id": 665988021, "side": "sell", "size": "0.00063664", "price": "2936.79000000", "time": "2025-07-12T14:38:13.198962Z", "fetched_at": "2025-07-12T14:39:35.154127+00:00", "symbol": "ETH-USD"}, {"trade_id": 665988020, "side": "sell", "size": "0.00049309", "price": "2936.79000000", "time": "2025-07-12T14:38:13.198962Z", "fetched_at": "2025-07-12T14:39:35.154127+00:00", "symbol": "ETH-USD"}, {"trade_id": 665988019, "side": "sell", "size": "0.00011500", "price": "2936.79000000", "time": "2025-07-12T14:38:13.198962Z", "fetched_at": "2025-07-12T14:39:35.154127+00:00", "symbol": "ETH-USD"}, {"trade_id": 665988018, "side": "sell", "size": "0.00020670", "price": "2936.79000000", "time": "2025-07-12T14:38:13.198962Z", "fetched_at": "2025-07-12T14:39:35.154127+00:00", "symbol": "ETH-USD"}, {"trade_id": 665988017, "side": "sell", "size": "0.00323369", "price": "2936.67000000", "time": "2025-07-12T14:38:13.198962Z", "fetched_at": "2025-07-12T14:39:35.154127+00:00", "symbol": "ETH-USD"}, {"trade_id": 665988016, "side": "sell", "size": "0.11606631", "price": "2936.66000000", "time": "2025-07-12T14:38:12.916739Z", "fetched_at": "2025-07-12T14:39:35.154127+00:00", "symbol": "ETH-USD"}, {"trade_id": 665988015, "side": "sell", "size": "0.00323369", "price": "2936.65000000", "time": "2025-07-12T14:38:12.916739Z", "fetched_at": "2025-07-12T14:39:35.154127+00:00", "symbol": "ETH-USD"}, {"trade_id": 665988014, "side": "buy", "size": "0.01166853", "price": "2936.34000000", "time": "2025-07-12T14:38:12.832136Z", "fetched_at": "2025-07-12T14:39:35.154127+00:00", "symbol": "ETH-USD"}, {"trade_id": 665988013, "side": "buy", "size": "0.00552326", "price": "2936.67000000", "time": "2025-07-12T14:38:12.832136Z", "fetched_at": "2025-07-12T14:39:35.154127+00:00", "symbol": "ETH-USD"}, {"trade_id": 665988012, "side": "sell", "size": "0.11590000", "price": "2936.78000000", "time": "2025-07-12T14:38:12.634193Z", "fetched_at": "2025-07-12T14:39:35.154127+00:00", "symbol": "ETH-USD"}, {"trade_id": 665988011, "side": "sell", "size": "0.15000000", "price": "2936.30000000", "time": "2025-07-12T14:38:12.530961Z", "fetched_at": "2025-07-12T14:39:35.154127+00:00", "symbol": "ETH-USD"}, {"trade_id": 665988010, "side": "sell", "size": "0.30000000", "price": "2936.30000000", "time": "2025-07-12T14:38:12.530961Z", "fetched_at": "2025-07-12T14:39:35.154127+00:00", "symbol": "ETH-USD"}, {"trade_id": 665988009, "side": "sell", "size": "0.00326760", "price": "2936.22000000", "time": "2025-07-12T14:38:12.530932Z", "fetched_at": "2025-07-12T14:39:35.154127+00:00", "symbol": "ETH-USD"}, {"trade_id": 665988008, "side": "sell", "size": "0.00070700", "price": "2936.13000000", "time": "2025-07-12T14:38:12.530932Z", "fetched_at": "2025-07-12T14:39:35.154127+00:00", "symbol": "ETH-USD"}, {"trade_id": 665988007, "side": "sell", "size": "0.00016443", "price": "2936.13000000", "time": "2025-07-12T14:38:12.530932Z", "fetched_at": "2025-07-12T14:39:35.154127+00:00", "symbol": "ETH-USD"}, {"trade_id": 665988006, "side": "sell", "size": "0.00091342", "price": "2936.13000000", "time": "2025-07-12T14:38:12.530932Z", "fetched_at": "2025-07-12T14:39:35.154127+00:00", "symbol": "ETH-USD"}, {"trade_id": 665988005, "side": "sell", "size": "0.51460872", "price": "2935.91000000", "time": "2025-07-12T14:38:12.438978Z", "fetched_at": "2025-07-12T14:39:35.154127+00:00", "symbol": "ETH-USD"}, {"trade_id": 665988004, "side": "sell", "size": "0.00326760", "price": "2935.89000000", "time": "2025-07-12T14:38:12.438978Z", "fetched_at": "2025-07-12T14:39:35.154127+00:00", "symbol": "ETH-USD"}, {"trade_id": 665988003, "side": "sell", "size": "0.11572132", "price": "2935.89000000", "time": "2025-07-12T14:38:12.438978Z", "fetched_at": "2025-07-12T14:39:35.154127+00:00", "symbol": "ETH-USD"}, {"trade_id": 665988002, "side": "sell", "size": "0.55413875", "price": "2935.82000000", "time": "2025-07-12T14:38:12.415715Z", "fetched_at": "2025-07-12T14:39:35.154127+00:00", "symbol": "ETH-USD"}, {"trade_id": 665988001, "side": "sell", "size": "0.00326760", "price": "2935.75000000", "time": "2025-07-12T14:38:12.415715Z", "fetched_at": "2025-07-12T14:39:35.154127+00:00", "symbol": "ETH-USD"}, {"trade_id": 665988000, "side": "sell", "size": "0.24269000", "price": "2935.69000000", "time": "2025-07-12T14:38:12.390958Z", "fetched_at": "2025-07-12T14:39:35.154127+00:00", "symbol": "ETH-USD"}, {"trade_id": 665987999, "side": "buy", "size": "0.00112169", "price": "2935.89000000", "time": "2025-07-12T14:38:12.119022Z", "fetched_at": "2025-07-12T14:39:35.154127+00:00", "symbol": "ETH-USD"}, {"trade_id": 665987998, "side": "buy", "size": "0.01677000", "price": "2935.89000000", "time": "2025-07-12T14:38:12.095884Z", "fetched_at": "2025-07-12T14:39:35.154127+00:00", "symbol": "ETH-USD"}, {"trade_id": 665987997, "side": "buy", "size": "1.20487939", "price": "2935.89000000", "time": "2025-07-12T14:38:12.095458Z", "fetched_at": "2025-07-12T14:39:35.154127+00:00", "symbol": "ETH-USD"}, {"trade_id": 665987996, "side": "buy", "size": "0.04029580", "price": "2935.90000000", "time": "2025-07-12T14:38:12.095458Z", "fetched_at": "2025-07-12T14:39:35.154127+00:00", "symbol": "ETH-USD"}, {"trade_id": 665987995, "side": "buy", "size": "0.01577000", "price": "2935.90000000", "time": "2025-07-12T14:38:12.095448Z", "fetched_at": "2025-07-12T14:39:35.154127+00:00", "symbol": "ETH-USD"}, {"trade_id": 665987994, "side": "buy", "size": "0.00100000", "price": "2935.90000000", "time": "2025-07-12T14:38:12.095448Z", "fetched_at": "2025-07-12T14:39:35.154127+00:00", "symbol": "ETH-USD"}, {"trade_id": 665987993, "side": "buy", "size": "0.28542601", "price": "2936.08000000", "time": "2025-07-12T14:38:12.094606Z", "fetched_at": "2025-07-12T14:39:35.154127+00:00", "symbol": "ETH-USD"}, {"trade_id": 665987992, "side": "buy", "size": "0.00100000", "price": "2936.12000000", "time": "2025-07-12T14:38:12.094606Z", "fetched_at": "2025-07-12T14:39:35.154127+00:00", "symbol": "ETH-USD"}, {"trade_id": 665987991, "side": "buy", "size": "0.00112152", "price": "2936.34000000", "time": "2025-07-12T14:38:12.089456Z", "fetched_at": "2025-07-12T14:39:35.154127+00:00", "symbol": "ETH-USD"}, {"trade_id": 665987990, "side": "buy", "size": "0.22673592", "price": "2936.34000000", "time": "2025-07-12T14:38:12.033240Z", "fetched_at": "2025-07-12T14:39:35.154127+00:00", "symbol": "ETH-USD"}, {"trade_id": 665987989, "side": "buy", "size": "0.00100000", "price": "2936.34000000", "time": "2025-07-12T14:38:12.033240Z", "fetched_at": "2025-07-12T14:39:35.154127+00:00", "symbol": "ETH-USD"}, {"trade_id": 665987988, "side": "buy", "size": "0.00172170", "price": "2936.43000000", "time": "2025-07-12T14:38:12.016427Z", "fetched_at": "2025-07-12T14:39:35.154127+00:00", "symbol": "ETH-USD"}, {"trade_id": 665987987, "side": "buy", "size": "0.00112146", "price": "2936.49000000", "time": "2025-07-12T14:38:12.004520Z", "fetched_at": "2025-07-12T14:39:35.154127+00:00", "symbol": "ETH-USD"}, {"trade_id": 665987986, "side": "buy", "size": "1.44232600", "price": "2936.49000000", "time": "2025-07-12T14:38:12.004520Z", "fetched_at": "2025-07-12T14:39:35.154127+00:00", "symbol": "ETH-USD"}, {"trade_id": 665987985, "side": "buy", "size": "0.00112143", "price": "2936.56000000", "time": "2025-07-12T14:38:11.968948Z", "fetched_at": "2025-07-12T14:39:35.154127+00:00", "symbol": "ETH-USD"}, {"trade_id": 665987984, "side": "buy", "size": "0.00184569", "price": "2936.56000000", "time": "2025-07-12T14:38:11.968948Z", "fetched_at": "2025-07-12T14:39:35.154127+00:00", "symbol": "ETH-USD"}, {"trade_id": 665987983, "side": "buy", "size": "0.00000340", "price": "2936.56000000", "time": "2025-07-12T14:38:11.968948Z", "fetched_at": "2025-07-12T14:39:35.154127+00:00", "symbol": "ETH-USD"}, {"trade_id": 665987982, "side": "buy", "size": "0.00100000", "price": "2936.56000000", "time": "2025-07-12T14:38:11.968948Z", "fetched_at": "2025-07-12T14:39:35.154127+00:00", "symbol": "ETH-USD"}, {"trade_id": 665987981, "side": "buy", "size": "0.33566357", "price": "2936.75000000", "time": "2025-07-12T14:38:11.621847Z", "fetched_at": "2025-07-12T14:39:35.154127+00:00", "symbol": "ETH-USD"}, {"trade_id": 665987980, "side": "buy", "size": "0.00119601", "price": "2936.78000000", "time": "2025-07-12T14:38:11.166382Z", "fetched_at": "2025-07-12T14:39:35.154127+00:00", "symbol": "ETH-USD"}, {"trade_id": 665987979, "side": "buy", "size": "0.00119601", "price": "2936.78000000", "time": "2025-07-12T14:38:11.118614Z", "fetched_at": "2025-07-12T14:39:35.154127+00:00", "symbol": "ETH-USD"}, {"trade_id": 665987978, "side": "buy", "size": "0.00119601", "price": "2936.78000000", "time": "2025-07-12T14:38:11.100883Z", "fetched_at": "2025-07-12T14:39:35.154127+00:00", "symbol": "ETH-USD"}, {"trade_id": 665987977, "side": "buy", "size": "0.01457399", "price": "2936.69000000", "time": "2025-07-12T14:38:11.091054Z", "fetched_at": "2025-07-12T14:39:35.154127+00:00", "symbol": "ETH-USD"}, {"trade_id": 665987976, "side": "buy", "size": "0.00119601", "price": "2936.78000000", "time": "2025-07-12T14:38:11.091054Z", "fetched_at": "2025-07-12T14:39:35.154127+00:00", "symbol": "ETH-USD"}, {"trade_id": 665987975, "side": "buy", "size": "0.00100000", "price": "2936.78000000", "time": "2025-07-12T14:38:11.091054Z", "fetched_at": "2025-07-12T14:39:35.154127+00:00", "symbol": "ETH-USD"}, {"trade_id": 665987974, "side": "buy", "size": "0.00002799", "price": "2937.16000000", "time": "2025-07-12T14:38:10.941728Z", "fetched_at": "2025-07-12T14:39:35.154127+00:00", "symbol": "ETH-USD"}, {"trade_id": 665987973, "side": "buy", "size": "0.34118947", "price": "2937.16000000", "time": "2025-07-12T14:38:10.933827Z", "fetched_at": "2025-07-12T14:39:35.154127+00:00", "symbol": "ETH-USD"}, {"trade_id": 665987972, "side": "buy", "size": "0.00002053", "price": "2937.19000000", "time": "2025-07-12T14:38:10.933827Z", "fetched_at": "2025-07-12T14:39:35.154127+00:00", "symbol": "ETH-USD"}, {"trade_id": 665987971, "side": "buy", "size": "0.04366408", "price": "2937.19000000", "time": "2025-07-12T14:38:10.932954Z", "fetched_at": "2025-07-12T14:39:35.154127+00:00", "symbol": "ETH-USD"}, {"trade_id": 665987970, "side": "buy", "size": "0.01638300", "price": "2937.19000000", "time": "2025-07-12T14:38:10.932954Z", "fetched_at": "2025-07-12T14:39:35.154127+00:00", "symbol": "ETH-USD"}, {"trade_id": 665987969, "side": "buy", "size": "0.00000340", "price": "2937.19000000", "time": "2025-07-12T14:38:10.932954Z", "fetched_at": "2025-07-12T14:39:35.154127+00:00", "symbol": "ETH-USD"}, {"trade_id": 665987968, "side": "buy", "size": "0.00000340", "price": "2937.19000000", "time": "2025-07-12T14:38:10.932954Z", "fetched_at": "2025-07-12T14:39:35.154127+00:00", "symbol": "ETH-USD"}, {"trade_id": 665987967, "side": "buy", "size": "0.01054409", "price": "2937.19000000", "time": "2025-07-12T14:38:10.932954Z", "fetched_at": "2025-07-12T14:39:35.154127+00:00", "symbol": "ETH-USD"}, {"trade_id": 665987966, "side": "buy", "size": "0.01124203", "price": "2937.19000000", "time": "2025-07-12T14:38:10.932954Z", "fetched_at": "2025-07-12T14:39:35.154127+00:00", "symbol": "ETH-USD"}, {"trade_id": 665987965, "side": "buy", "size": "0.00118821", "price": "2937.22000000", "time": "2025-07-12T14:38:10.929810Z", "fetched_at": "2025-07-12T14:39:35.154127+00:00", "symbol": "ETH-USD"}, {"trade_id": 665987964, "side": "sell", "size": "0.12565476", "price": "2937.22000000", "time": "2025-07-12T14:38:10.678835Z", "fetched_at": "2025-07-12T14:39:35.154127+00:00", "symbol": "ETH-USD"}, {"trade_id": 665987963, "side": "sell", "size": "0.12923008", "price": "2937.20000000", "time": "2025-07-12T14:38:10.678835Z", "fetched_at": "2025-07-12T14:39:35.154127+00:00", "symbol": "ETH-USD"}, {"trade_id": 665987962, "side": "sell", "size": "0.17025656", "price": "2937.20000000", "time": "2025-07-12T14:38:10.678835Z", "fetched_at": "2025-07-12T14:39:35.154127+00:00", "symbol": "ETH-USD"}, {"trade_id": 665987961, "side": "sell", "size": "0.57486795", "price": "2937.20000000", "time": "2025-07-12T14:38:10.678835Z", "fetched_at": "2025-07-12T14:39:35.154127+00:00", "symbol": "ETH-USD"}, {"trade_id": 665987960, "side": "sell", "size": "0.03240466", "price": "2937.20000000", "time": "2025-07-12T14:38:09.403914Z", "fetched_at": "2025-07-12T14:39:35.154127+00:00", "symbol": "ETH-USD"}, {"trade_id": 665987959, "side": "buy", "size": "0.00001021", "price": "2937.21000000", "time": "2025-07-12T14:38:08.004183Z", "fetched_at": "2025-07-12T14:39:35.154127+00:00", "symbol": "ETH-USD"}, {"trade_id": 665987958, "side": "buy", "size": "0.00002723", "price": "2937.21000000", "time": "2025-07-12T14:38:08.004183Z", "fetched_at": "2025-07-12T14:39:35.154127+00:00", "symbol": "ETH-USD"}, {"trade_id": 665987957, "side": "buy", "size": "0.00000680", "price": "2937.22000000", "time": "2025-07-12T14:38:08.004183Z", "fetched_at": "2025-07-12T14:39:35.154127+00:00", "symbol": "ETH-USD"}, {"trade_id": 665987956, "side": "buy", "size": "0.00001361", "price": "2937.22000000", "time": "2025-07-12T14:38:08.004183Z", "fetched_at": "2025-07-12T14:39:35.154127+00:00", "symbol": "ETH-USD"}, {"trade_id": 665987955, "side": "buy", "size": "0.00134942", "price": "2937.22000000", "time": "2025-07-12T14:38:08.004183Z", "fetched_at": "2025-07-12T14:39:35.154127+00:00", "symbol": "ETH-USD"}, {"trade_id": 665987954, "side": "buy", "size": "0.02066675", "price": "2937.22000000", "time": "2025-07-12T14:38:06.352720Z", "fetched_at": "2025-07-12T14:39:35.154127+00:00", "symbol": "ETH-USD"}, {"trade_id": 665987953, "side": "buy", "size": "0.00139325", "price": "2937.22000000", "time": "2025-07-12T14:38:06.352720Z", "fetched_at": "2025-07-12T14:39:35.154127+00:00", "symbol": "ETH-USD"}, {"trade_id": 665987952, "side": "buy", "size": "0.01637602", "price": "2937.22000000", "time": "2025-07-12T14:38:05.654458Z", "fetched_at": "2025-07-12T14:39:35.154127+00:00", "symbol": "ETH-USD"}, {"trade_id": 665987951, "side": "buy", "size": "0.04367395", "price": "2937.22000000", "time": "2025-07-12T14:38:05.654458Z", "fetched_at": "2025-07-12T14:39:35.154127+00:00", "symbol": "ETH-USD"}, {"trade_id": 665987950, "side": "buy", "size": "0.43155243", "price": "2937.22000000", "time": "2025-07-12T14:38:05.654458Z", "fetched_at": "2025-07-12T14:39:35.154127+00:00", "symbol": "ETH-USD"}, {"trade_id": 665987949, "side": "buy", "size": "0.00142091", "price": "2937.22000000", "time": "2025-07-12T14:38:05.654458Z", "fetched_at": "2025-07-12T14:39:35.154127+00:00", "symbol": "ETH-USD"}, {"trade_id": 665987948, "side": "buy", "size": "1.45756639", "price": "2936.97000000", "time": "2025-07-12T14:38:03.522662Z", "fetched_at": "2025-07-12T14:39:35.154127+00:00", "symbol": "ETH-USD"}, {"trade_id": 665987947, "side": "buy", "size": "0.00100000", "price": "2937.00000000", "time": "2025-07-12T14:38:03.522662Z", "fetched_at": "2025-07-12T14:39:35.154127+00:00", "symbol": "ETH-USD"}, {"trade_id": 665987946, "side": "buy", "size": "0.00143361", "price": "2937.21000000", "time": "2025-07-12T14:38:03.522662Z", "fetched_at": "2025-07-12T14:39:35.154127+00:00", "symbol": "ETH-USD"}, {"trade_id": 665987945, "side": "buy", "size": "1.27711041", "price": "2937.21000000", "time": "2025-07-12T14:38:03.510850Z", "fetched_at": "2025-07-12T14:39:35.154127+00:00", "symbol": "ETH-USD"}, {"trade_id": 665987944, "side": "buy", "size": "0.00143361", "price": "2937.21000000", "time": "2025-07-12T14:38:03.510850Z", "fetched_at": "2025-07-12T14:39:35.154127+00:00", "symbol": "ETH-USD"}, {"trade_id": 665987943, "side": "sell", "size": "0.00661389", "price": "2937.22000000", "time": "2025-07-12T14:38:03.271206Z", "fetched_at": "2025-07-12T14:39:35.154127+00:00", "symbol": "ETH-USD"}, {"trade_id": 665987942, "side": "buy", "size": "0.00136292", "price": "2937.14000000", "time": "2025-07-12T14:38:03.026349Z", "fetched_at": "2025-07-12T14:39:35.154127+00:00", "symbol": "ETH-USD"}, {"trade_id": 665987941, "side": "buy", "size": "0.00158914", "price": "2937.22000000", "time": "2025-07-12T14:38:03.026349Z", "fetched_at": "2025-07-12T14:39:35.154127+00:00", "symbol": "ETH-USD"}, {"trade_id": 665987940, "side": "buy", "size": "0.19863678", "price": "2937.14000000", "time": "2025-07-12T14:38:03.014531Z", "fetched_at": "2025-07-12T14:39:35.154127+00:00", "symbol": "ETH-USD"}, {"trade_id": 665987939, "side": "buy", "size": "0.00035657", "price": "2937.14000000", "time": "2025-07-12T14:38:03.014531Z", "fetched_at": "2025-07-12T14:39:35.154127+00:00", "symbol": "ETH-USD"}, {"trade_id": 665987938, "side": "buy", "size": "0.00034665", "price": "2937.21000000", "time": "2025-07-12T14:38:03.014531Z", "fetched_at": "2025-07-12T14:39:35.154127+00:00", "symbol": "ETH-USD"}, {"trade_id": 665987937, "side": "buy", "size": "0.00100000", "price": "2937.22000000", "time": "2025-07-12T14:38:03.014531Z", "fetched_at": "2025-07-12T14:39:35.154127+00:00", "symbol": "ETH-USD"}, {"trade_id": 665987936, "side": "buy", "size": "1.96877113", "price": "2937.44000000", "time": "2025-07-12T14:38:03.003329Z", "fetched_at": "2025-07-12T14:39:35.154127+00:00", "symbol": "ETH-USD"}, {"trade_id": 665987935, "side": "buy", "size": "0.01677000", "price": "2937.44000000", "time": "2025-07-12T14:38:03.001741Z", "fetched_at": "2025-07-12T14:39:35.154127+00:00", "symbol": "ETH-USD"}, {"trade_id": 665987934, "side": "buy", "size": "0.01516056", "price": "2937.44000000", "time": "2025-07-12T14:38:03.001719Z", "fetched_at": "2025-07-12T14:39:35.154127+00:00", "symbol": "ETH-USD"}, {"trade_id": 665987933, "side": "buy", "size": "0.00000340", "price": "2937.44000000", "time": "2025-07-12T14:38:03.001719Z", "fetched_at": "2025-07-12T14:39:35.154127+00:00", "symbol": "ETH-USD"}, {"trade_id": 665987932, "side": "buy", "size": "0.00001702", "price": "2937.44000000", "time": "2025-07-12T14:38:03.001719Z", "fetched_at": "2025-07-12T14:39:35.154127+00:00", "symbol": "ETH-USD"}, {"trade_id": 665987931, "side": "buy", "size": "0.00158902", "price": "2937.45000000", "time": "2025-07-12T14:38:03.001719Z", "fetched_at": "2025-07-12T14:39:35.154127+00:00", "symbol": "ETH-USD"}, {"trade_id": 665987930, "side": "buy", "size": "0.00161410", "price": "2937.44000000", "time": "2025-07-12T14:38:02.495640Z", "fetched_at": "2025-07-12T14:39:35.154127+00:00", "symbol": "ETH-USD"}, {"trade_id": 665987929, "side": "buy", "size": "0.00161410", "price": "2937.44000000", "time": "2025-07-12T14:38:02.484840Z", "fetched_at": "2025-07-12T14:39:35.154127+00:00", "symbol": "ETH-USD"}, {"trade_id": 665987928, "side": "buy", "size": "0.00100000", "price": "2937.44000000", "time": "2025-07-12T14:38:02.484840Z", "fetched_at": "2025-07-12T14:39:35.154127+00:00", "symbol": "ETH-USD"}, {"trade_id": 665987927, "side": "buy", "size": "0.00172170", "price": "2937.56000000", "time": "2025-07-12T14:38:02.360672Z", "fetched_at": "2025-07-12T14:39:35.154127+00:00", "symbol": "ETH-USD"}, {"trade_id": 665987926, "side": "buy", "size": "0.00044934", "price": "2937.65000000", "time": "2025-07-12T14:38:02.360672Z", "fetched_at": "2025-07-12T14:39:35.154127+00:00", "symbol": "ETH-USD"}, {"trade_id": 665987925, "side": "buy", "size": "1.78400000", "price": "2937.65000000", "time": "2025-07-12T14:38:02.360672Z", "fetched_at": "2025-07-12T14:39:35.154127+00:00", "symbol": "ETH-USD"}, {"trade_id": 665987924, "side": "buy", "size": "0.00166298", "price": "2937.66000000", "time": "2025-07-12T14:38:02.350587Z", "fetched_at": "2025-07-12T14:39:35.154127+00:00", "symbol": "ETH-USD"}, {"trade_id": 665987923, "side": "buy", "size": "2.39198800", "price": "2937.66000000", "time": "2025-07-12T14:38:02.350587Z", "fetched_at": "2025-07-12T14:39:35.154127+00:00", "symbol": "ETH-USD"}