[{"trade_id": 665981169, "side": "sell", "size": "0.00040172", "price": "2949.13000000", "time": "2025-07-12T14:10:48.768306Z", "fetched_at": "2025-07-12T14:10:51.567541+00:00", "symbol": "ETH-USD"}, {"trade_id": 665981168, "side": "sell", "size": "0.03573613", "price": "2949.13000000", "time": "2025-07-12T14:10:48.756219Z", "fetched_at": "2025-07-12T14:10:51.567541+00:00", "symbol": "ETH-USD"}, {"trade_id": 665981167, "side": "sell", "size": "0.12912000", "price": "2949.13000000", "time": "2025-07-12T14:10:48.756219Z", "fetched_at": "2025-07-12T14:10:51.567541+00:00", "symbol": "ETH-USD"}, {"trade_id": 665981166, "side": "buy", "size": "0.16677513", "price": "2949.20000000", "time": "2025-07-12T14:10:48.532165Z", "fetched_at": "2025-07-12T14:10:51.567541+00:00", "symbol": "ETH-USD"}, {"trade_id": 665981165, "side": "buy", "size": "0.00332964", "price": "2949.23000000", "time": "2025-07-12T14:10:48.532165Z", "fetched_at": "2025-07-12T14:10:51.567541+00:00", "symbol": "ETH-USD"}, {"trade_id": 665981164, "side": "buy", "size": "0.00332906", "price": "2949.75000000", "time": "2025-07-12T14:10:48.423141Z", "fetched_at": "2025-07-12T14:10:51.567541+00:00", "symbol": "ETH-USD"}, {"trade_id": 665981163, "side": "buy", "size": "0.22976857", "price": "2949.24000000", "time": "2025-07-12T14:10:48.384087Z", "fetched_at": "2025-07-12T14:10:51.567541+00:00", "symbol": "ETH-USD"}, {"trade_id": 665981162, "side": "buy", "size": "0.02196754", "price": "2949.24000000", "time": "2025-07-12T14:10:48.384087Z", "fetched_at": "2025-07-12T14:10:51.567541+00:00", "symbol": "ETH-USD"}, {"trade_id": 665981161, "side": "buy", "size": "0.00332906", "price": "2949.75000000", "time": "2025-07-12T14:10:48.384087Z", "fetched_at": "2025-07-12T14:10:51.567541+00:00", "symbol": "ETH-USD"}, {"trade_id": 665981160, "side": "sell", "size": "0.16969688", "price": "2949.73000000", "time": "2025-07-12T14:10:48.187702Z", "fetched_at": "2025-07-12T14:10:51.567541+00:00", "symbol": "ETH-USD"}, {"trade_id": 665981159, "side": "buy", "size": "0.00339016", "price": "2949.72000000", "time": "2025-07-12T14:10:48.182962Z", "fetched_at": "2025-07-12T14:10:51.567541+00:00", "symbol": "ETH-USD"}, {"trade_id": 665981158, "side": "sell", "size": "0.00024001", "price": "2949.13000000", "time": "2025-07-12T14:10:47.356677Z", "fetched_at": "2025-07-12T14:10:51.567541+00:00", "symbol": "ETH-USD"}, {"trade_id": 665981157, "side": "sell", "size": "0.12912000", "price": "2949.13000000", "time": "2025-07-12T14:10:47.356677Z", "fetched_at": "2025-07-12T14:10:51.567541+00:00", "symbol": "ETH-USD"}, {"trade_id": 665981156, "side": "sell", "size": "0.00100000", "price": "2948.88000000", "time": "2025-07-12T14:10:46.803233Z", "fetched_at": "2025-07-12T14:10:51.567541+00:00", "symbol": "ETH-USD"}, {"trade_id": 665981155, "side": "sell", "size": "0.01677000", "price": "2948.48000000", "time": "2025-07-12T14:10:46.742720Z", "fetched_at": "2025-07-12T14:10:51.567541+00:00", "symbol": "ETH-USD"}, {"trade_id": 665981154, "side": "sell", "size": "0.01677000", "price": "2948.48000000", "time": "2025-07-12T14:10:46.742469Z", "fetched_at": "2025-07-12T14:10:51.567541+00:00", "symbol": "ETH-USD"}, {"trade_id": 665981153, "side": "sell", "size": "0.56919719", "price": "2948.48000000", "time": "2025-07-12T14:10:46.742256Z", "fetched_at": "2025-07-12T14:10:51.567541+00:00", "symbol": "ETH-USD"}, {"trade_id": 665981152, "side": "sell", "size": "0.01677000", "price": "2948.48000000", "time": "2025-07-12T14:10:46.742089Z", "fetched_at": "2025-07-12T14:10:51.567541+00:00", "symbol": "ETH-USD"}, {"trade_id": 665981151, "side": "sell", "size": "0.57427458", "price": "2948.48000000", "time": "2025-07-12T14:10:46.742079Z", "fetched_at": "2025-07-12T14:10:51.567541+00:00", "symbol": "ETH-USD"}, {"trade_id": 665981150, "side": "sell", "size": "0.28323000", "price": "2948.46000000", "time": "2025-07-12T14:10:46.742079Z", "fetched_at": "2025-07-12T14:10:51.567541+00:00", "symbol": "ETH-USD"}, {"trade_id": 665981149, "side": "sell", "size": "0.01677000", "price": "2948.46000000", "time": "2025-07-12T14:10:46.742021Z", "fetched_at": "2025-07-12T14:10:51.567541+00:00", "symbol": "ETH-USD"}, {"trade_id": 665981148, "side": "sell", "size": "1.01102361", "price": "2948.48000000", "time": "2025-07-12T14:10:46.741522Z", "fetched_at": "2025-07-12T14:10:51.567541+00:00", "symbol": "ETH-USD"}, {"trade_id": 665981147, "side": "sell", "size": "0.30000000", "price": "2948.47000000", "time": "2025-07-12T14:10:46.741522Z", "fetched_at": "2025-07-12T14:10:51.567541+00:00", "symbol": "ETH-USD"}, {"trade_id": 665981146, "side": "sell", "size": "0.02645688", "price": "2948.48000000", "time": "2025-07-12T14:10:46.548277Z", "fetched_at": "2025-07-12T14:10:51.567541+00:00", "symbol": "ETH-USD"}, {"trade_id": 665981145, "side": "sell", "size": "0.14324000", "price": "2948.48000000", "time": "2025-07-12T14:10:46.548277Z", "fetched_at": "2025-07-12T14:10:51.567541+00:00", "symbol": "ETH-USD"}, {"trade_id": 665981144, "side": "sell", "size": "0.00005590", "price": "2948.00000000", "time": "2025-07-12T14:10:46.358433Z", "fetched_at": "2025-07-12T14:10:51.567541+00:00", "symbol": "ETH-USD"}, {"trade_id": 665981143, "side": "sell", "size": "0.16938689", "price": "2948.00000000", "time": "2025-07-12T14:10:46.211245Z", "fetched_at": "2025-07-12T14:10:51.567541+00:00", "symbol": "ETH-USD"}, {"trade_id": 665981142, "side": "sell", "size": "0.00030999", "price": "2948.00000000", "time": "2025-07-12T14:10:46.211245Z", "fetched_at": "2025-07-12T14:10:51.567541+00:00", "symbol": "ETH-USD"}, {"trade_id": 665981141, "side": "sell", "size": "0.04057688", "price": "2948.11000000", "time": "2025-07-12T14:10:45.955955Z", "fetched_at": "2025-07-12T14:10:51.567541+00:00", "symbol": "ETH-USD"}, {"trade_id": 665981140, "side": "sell", "size": "0.12912000", "price": "2948.11000000", "time": "2025-07-12T14:10:45.955955Z", "fetched_at": "2025-07-12T14:10:51.567541+00:00", "symbol": "ETH-USD"}, {"trade_id": 665981139, "side": "sell", "size": "0.04057688", "price": "2947.71000000", "time": "2025-07-12T14:10:45.596722Z", "fetched_at": "2025-07-12T14:10:51.567541+00:00", "symbol": "ETH-USD"}, {"trade_id": 665981138, "side": "sell", "size": "0.12912000", "price": "2947.71000000", "time": "2025-07-12T14:10:45.596722Z", "fetched_at": "2025-07-12T14:10:51.567541+00:00", "symbol": "ETH-USD"}, {"trade_id": 665981137, "side": "buy", "size": "0.59766259", "price": "2948.23000000", "time": "2025-07-12T14:10:45.345277Z", "fetched_at": "2025-07-12T14:10:51.567541+00:00", "symbol": "ETH-USD"}, {"trade_id": 665981136, "side": "buy", "size": "0.24269000", "price": "2948.24000000", "time": "2025-07-12T14:10:45.345277Z", "fetched_at": "2025-07-12T14:10:51.567541+00:00", "symbol": "ETH-USD"}, {"trade_id": 665981135, "side": "buy", "size": "0.00339171", "price": "2948.37000000", "time": "2025-07-12T14:10:45.338893Z", "fetched_at": "2025-07-12T14:10:51.567541+00:00", "symbol": "ETH-USD"}, {"trade_id": 665981134, "side": "buy", "size": "0.04351158", "price": "2948.87000000", "time": "2025-07-12T14:10:45.285915Z", "fetched_at": "2025-07-12T14:10:51.567541+00:00", "symbol": "ETH-USD"}, {"trade_id": 665981133, "side": "buy", "size": "0.01873938", "price": "2948.87000000", "time": "2025-07-12T14:10:45.285915Z", "fetched_at": "2025-07-12T14:10:51.567541+00:00", "symbol": "ETH-USD"}, {"trade_id": 665981132, "side": "buy", "size": "0.00339113", "price": "2948.87000000", "time": "2025-07-12T14:10:45.285915Z", "fetched_at": "2025-07-12T14:10:51.567541+00:00", "symbol": "ETH-USD"}, {"trade_id": 665981131, "side": "sell", "size": "0.10325312", "price": "2948.24000000", "time": "2025-07-12T14:10:44.807657Z", "fetched_at": "2025-07-12T14:10:51.567541+00:00", "symbol": "ETH-USD"}, {"trade_id": 665981130, "side": "sell", "size": "0.16969688", "price": "2948.24000000", "time": "2025-07-12T14:10:44.553332Z", "fetched_at": "2025-07-12T14:10:51.567541+00:00", "symbol": "ETH-USD"}, {"trade_id": 665981129, "side": "buy", "size": "0.00510793", "price": "2947.55000000", "time": "2025-07-12T14:10:44.371526Z", "fetched_at": "2025-07-12T14:10:51.567541+00:00", "symbol": "ETH-USD"}, {"trade_id": 665981128, "side": "buy", "size": "0.00339207", "price": "2948.06000000", "time": "2025-07-12T14:10:44.371526Z", "fetched_at": "2025-07-12T14:10:51.567541+00:00", "symbol": "ETH-USD"}, {"trade_id": 665981127, "side": "buy", "size": "0.07452699", "price": "2947.36000000", "time": "2025-07-12T14:10:44.323515Z", "fetched_at": "2025-07-12T14:10:51.567541+00:00", "symbol": "ETH-USD"}, {"trade_id": 665981126, "side": "buy", "size": "0.09251637", "price": "2947.37000000", "time": "2025-07-12T14:10:44.323515Z", "fetched_at": "2025-07-12T14:10:51.567541+00:00", "symbol": "ETH-USD"}, {"trade_id": 665981125, "side": "buy", "size": "0.00339215", "price": "2947.99000000", "time": "2025-07-12T14:10:44.323515Z", "fetched_at": "2025-07-12T14:10:51.567541+00:00", "symbol": "ETH-USD"}, {"trade_id": 665981124, "side": "sell", "size": "0.16869688", "price": "2948.00000000", "time": "2025-07-12T14:10:44.298697Z", "fetched_at": "2025-07-12T14:10:51.567541+00:00", "symbol": "ETH-USD"}, {"trade_id": 665981123, "side": "sell", "size": "0.00100000", "price": "2948.00000000", "time": "2025-07-12T14:10:44.298697Z", "fetched_at": "2025-07-12T14:10:51.567541+00:00", "symbol": "ETH-USD"}, {"trade_id": 665981122, "side": "buy", "size": "0.00339215", "price": "2947.99000000", "time": "2025-07-12T14:10:44.172507Z", "fetched_at": "2025-07-12T14:10:51.567541+00:00", "symbol": "ETH-USD"}, {"trade_id": 665981121, "side": "buy", "size": "0.00339215", "price": "2947.99000000", "time": "2025-07-12T14:10:44.082423Z", "fetched_at": "2025-07-12T14:10:51.567541+00:00", "symbol": "ETH-USD"}, {"trade_id": 665981120, "side": "buy", "size": "0.03504796", "price": "2947.19000000", "time": "2025-07-12T14:10:44.011189Z", "fetched_at": "2025-07-12T14:10:51.567541+00:00", "symbol": "ETH-USD"}, {"trade_id": 665981119, "side": "buy", "size": "0.00339307", "price": "2947.19000000", "time": "2025-07-12T14:10:44.011189Z", "fetched_at": "2025-07-12T14:10:51.567541+00:00", "symbol": "ETH-USD"}, {"trade_id": 665981118, "side": "buy", "size": "0.13183595", "price": "2947.19000000", "time": "2025-07-12T14:10:44.011189Z", "fetched_at": "2025-07-12T14:10:51.567541+00:00", "symbol": "ETH-USD"}, {"trade_id": 665981117, "side": "sell", "size": "0.15080776", "price": "2947.51000000", "time": "2025-07-12T14:10:43.811755Z", "fetched_at": "2025-07-12T14:10:51.567541+00:00", "symbol": "ETH-USD"}, {"trade_id": 665981116, "side": "sell", "size": "0.01876711", "price": "2947.51000000", "time": "2025-07-12T14:10:43.811755Z", "fetched_at": "2025-07-12T14:10:51.567541+00:00", "symbol": "ETH-USD"}, {"trade_id": 665981115, "side": "buy", "size": "0.22674052", "price": "2946.85000000", "time": "2025-07-12T14:10:43.618411Z", "fetched_at": "2025-07-12T14:10:51.567541+00:00", "symbol": "ETH-USD"}, {"trade_id": 665981114, "side": "buy", "size": "0.14999406", "price": "2946.86000000", "time": "2025-07-12T14:10:43.618411Z", "fetched_at": "2025-07-12T14:10:51.567541+00:00", "symbol": "ETH-USD"}, {"trade_id": 665981113, "side": "buy", "size": "0.00339311", "price": "2947.15000000", "time": "2025-07-12T14:10:43.618411Z", "fetched_at": "2025-07-12T14:10:51.567541+00:00", "symbol": "ETH-USD"}, {"trade_id": 665981112, "side": "buy", "size": "0.47250000", "price": "2947.16000000", "time": "2025-07-12T14:10:43.618411Z", "fetched_at": "2025-07-12T14:10:51.567541+00:00", "symbol": "ETH-USD"}, {"trade_id": 665981111, "side": "sell", "size": "0.00010334", "price": "2947.01000000", "time": "2025-07-12T14:10:43.557434Z", "fetched_at": "2025-07-12T14:10:51.567541+00:00", "symbol": "ETH-USD"}, {"trade_id": 665981110, "side": "sell", "size": "0.02633487", "price": "2946.88000000", "time": "2025-07-12T14:10:43.303373Z", "fetched_at": "2025-07-12T14:10:51.567541+00:00", "symbol": "ETH-USD"}, {"trade_id": 665981109, "side": "sell", "size": "0.14324000", "price": "2946.88000000", "time": "2025-07-12T14:10:43.303373Z", "fetched_at": "2025-07-12T14:10:51.567541+00:00", "symbol": "ETH-USD"}, {"trade_id": 665981108, "side": "sell", "size": "0.12070500", "price": "2946.43000000", "time": "2025-07-12T14:10:43.049196Z", "fetched_at": "2025-07-12T14:10:51.567541+00:00", "symbol": "ETH-USD"}, {"trade_id": 665981107, "side": "sell", "size": "0.00841500", "price": "2946.43000000", "time": "2025-07-12T14:10:43.026998Z", "fetched_at": "2025-07-12T14:10:51.567541+00:00", "symbol": "ETH-USD"}, {"trade_id": 665981106, "side": "sell", "size": "0.01652139", "price": "2946.65000000", "time": "2025-07-12T14:10:42.921195Z", "fetched_at": "2025-07-12T14:10:51.567541+00:00", "symbol": "ETH-USD"}, {"trade_id": 665981105, "side": "sell", "size": "0.12912000", "price": "2946.35000000", "time": "2025-07-12T14:10:42.794760Z", "fetched_at": "2025-07-12T14:10:51.567541+00:00", "symbol": "ETH-USD"}, {"trade_id": 665981104, "side": "sell", "size": "0.00024003", "price": "2946.39000000", "time": "2025-07-12T14:10:42.540124Z", "fetched_at": "2025-07-12T14:10:51.567541+00:00", "symbol": "ETH-USD"}, {"trade_id": 665981103, "side": "sell", "size": "0.14269357", "price": "2946.38000000", "time": "2025-07-12T14:10:42.540124Z", "fetched_at": "2025-07-12T14:10:51.567541+00:00", "symbol": "ETH-USD"}, {"trade_id": 665981102, "side": "sell", "size": "0.00054643", "price": "2946.38000000", "time": "2025-07-12T14:10:42.474221Z", "fetched_at": "2025-07-12T14:10:51.567541+00:00", "symbol": "ETH-USD"}, {"trade_id": 665981101, "side": "buy", "size": "0.09619097", "price": "2946.35000000", "time": "2025-07-12T14:10:42.375728Z", "fetched_at": "2025-07-12T14:10:51.567541+00:00", "symbol": "ETH-USD"}, {"trade_id": 665981100, "side": "buy", "size": "0.15000000", "price": "2946.36000000", "time": "2025-07-12T14:10:42.375728Z", "fetched_at": "2025-07-12T14:10:51.567541+00:00", "symbol": "ETH-USD"}, {"trade_id": 665981099, "side": "buy", "size": "0.50265170", "price": "2946.36000000", "time": "2025-07-12T14:10:42.375728Z", "fetched_at": "2025-07-12T14:10:51.567541+00:00", "symbol": "ETH-USD"}, {"trade_id": 665981098, "side": "buy", "size": "0.10378502", "price": "2946.37000000", "time": "2025-07-12T14:10:42.375728Z", "fetched_at": "2025-07-12T14:10:51.567541+00:00", "symbol": "ETH-USD"}, {"trade_id": 665981097, "side": "sell", "size": "0.12912000", "price": "2946.39000000", "time": "2025-07-12T14:10:42.285368Z", "fetched_at": "2025-07-12T14:10:51.567541+00:00", "symbol": "ETH-USD"}, {"trade_id": 665981096, "side": "sell", "size": "0.00074401", "price": "2946.35000000", "time": "2025-07-12T14:10:42.030603Z", "fetched_at": "2025-07-12T14:10:51.567541+00:00", "symbol": "ETH-USD"}, {"trade_id": 665981095, "side": "sell", "size": "0.00074401", "price": "2946.22000000", "time": "2025-07-12T14:10:41.776213Z", "fetched_at": "2025-07-12T14:10:51.567541+00:00", "symbol": "ETH-USD"}, {"trade_id": 665981094, "side": "sell", "size": "0.16883086", "price": "2946.50000000", "time": "2025-07-12T14:10:41.519881Z", "fetched_at": "2025-07-12T14:10:51.567541+00:00", "symbol": "ETH-USD"}, {"trade_id": 665981093, "side": "sell", "size": "0.00074401", "price": "2946.49000000", "time": "2025-07-12T14:10:41.519881Z", "fetched_at": "2025-07-12T14:10:51.567541+00:00", "symbol": "ETH-USD"}, {"trade_id": 665981092, "side": "sell", "size": "0.14999406", "price": "2946.59000000", "time": "2025-07-12T14:10:41.451503Z", "fetched_at": "2025-07-12T14:10:51.567541+00:00", "symbol": "ETH-USD"}, {"trade_id": 665981091, "side": "sell", "size": "0.00000594", "price": "2946.51000000", "time": "2025-07-12T14:10:41.451503Z", "fetched_at": "2025-07-12T14:10:51.567541+00:00", "symbol": "ETH-USD"}, {"trade_id": 665981090, "side": "sell", "size": "0.12258000", "price": "2946.51000000", "time": "2025-07-12T14:10:41.449102Z", "fetched_at": "2025-07-12T14:10:51.567541+00:00", "symbol": "ETH-USD"}, {"trade_id": 665981089, "side": "sell", "size": "0.00006919", "price": "2946.05000000", "time": "2025-07-12T14:10:41.448149Z", "fetched_at": "2025-07-12T14:10:51.567541+00:00", "symbol": "ETH-USD"}, {"trade_id": 665981088, "side": "sell", "size": "0.00038093", "price": "2946.05000000", "time": "2025-07-12T14:10:41.448149Z", "fetched_at": "2025-07-12T14:10:51.567541+00:00", "symbol": "ETH-USD"}, {"trade_id": 665981087, "side": "sell", "size": "0.00075410", "price": "2945.98000000", "time": "2025-07-12T14:10:41.437609Z", "fetched_at": "2025-07-12T14:10:51.567541+00:00", "symbol": "ETH-USD"}, {"trade_id": 665981086, "side": "sell", "size": "0.00075410", "price": "2945.93000000", "time": "2025-07-12T14:10:41.419692Z", "fetched_at": "2025-07-12T14:10:51.567541+00:00", "symbol": "ETH-USD"}, {"trade_id": 665981085, "side": "sell", "size": "0.04045487", "price": "2945.92000000", "time": "2025-07-12T14:10:41.265057Z", "fetched_at": "2025-07-12T14:10:51.567541+00:00", "symbol": "ETH-USD"}, {"trade_id": 665981084, "side": "sell", "size": "0.12912000", "price": "2945.92000000", "time": "2025-07-12T14:10:41.265057Z", "fetched_at": "2025-07-12T14:10:51.567541+00:00", "symbol": "ETH-USD"}, {"trade_id": 665981083, "side": "sell", "size": "0.04045487", "price": "2945.91000000", "time": "2025-07-12T14:10:41.009916Z", "fetched_at": "2025-07-12T14:10:51.567541+00:00", "symbol": "ETH-USD"}, {"trade_id": 665981082, "side": "sell", "size": "0.12912000", "price": "2945.91000000", "time": "2025-07-12T14:10:41.009916Z", "fetched_at": "2025-07-12T14:10:51.567541+00:00", "symbol": "ETH-USD"}, {"trade_id": 665981081, "side": "buy", "size": "0.00339439", "price": "2946.04000000", "time": "2025-07-12T14:10:40.899502Z", "fetched_at": "2025-07-12T14:10:51.567541+00:00", "symbol": "ETH-USD"}, {"trade_id": 665981080, "side": "buy", "size": "0.47250000", "price": "2946.04000000", "time": "2025-07-12T14:10:40.899502Z", "fetched_at": "2025-07-12T14:10:51.567541+00:00", "symbol": "ETH-USD"}, {"trade_id": 665981079, "side": "sell", "size": "0.01677000", "price": "2946.05000000", "time": "2025-07-12T14:10:40.806959Z", "fetched_at": "2025-07-12T14:10:51.567541+00:00", "symbol": "ETH-USD"}, {"trade_id": 665981078, "side": "sell", "size": "0.04045487", "price": "2946.05000000", "time": "2025-07-12T14:10:40.755763Z", "fetched_at": "2025-07-12T14:10:51.567541+00:00", "symbol": "ETH-USD"}, {"trade_id": 665981077, "side": "sell", "size": "0.12912000", "price": "2946.05000000", "time": "2025-07-12T14:10:40.755763Z", "fetched_at": "2025-07-12T14:10:51.567541+00:00", "symbol": "ETH-USD"}, {"trade_id": 665981076, "side": "sell", "size": "0.04201723", "price": "2946.00000000", "time": "2025-07-12T14:10:40.619133Z", "fetched_at": "2025-07-12T14:10:51.567541+00:00", "symbol": "ETH-USD"}, {"trade_id": 665981075, "side": "sell", "size": "0.02633487", "price": "2945.88000000", "time": "2025-07-12T14:10:40.501330Z", "fetched_at": "2025-07-12T14:10:51.567541+00:00", "symbol": "ETH-USD"}, {"trade_id": 665981074, "side": "sell", "size": "0.14324000", "price": "2945.88000000", "time": "2025-07-12T14:10:40.501330Z", "fetched_at": "2025-07-12T14:10:51.567541+00:00", "symbol": "ETH-USD"}, {"trade_id": 665981073, "side": "buy", "size": "0.47250000", "price": "2946.24000000", "time": "2025-07-12T14:10:40.481896Z", "fetched_at": "2025-07-12T14:10:51.567541+00:00", "symbol": "ETH-USD"}, {"trade_id": 665981072, "side": "buy", "size": "0.00339416", "price": "2946.24000000", "time": "2025-07-12T14:10:40.481896Z", "fetched_at": "2025-07-12T14:10:51.567541+00:00", "symbol": "ETH-USD"}, {"trade_id": 665981071, "side": "buy", "size": "0.25651324", "price": "2946.24000000", "time": "2025-07-12T14:10:40.456182Z", "fetched_at": "2025-07-12T14:10:51.567541+00:00", "symbol": "ETH-USD"}, {"trade_id": 665981070, "side": "buy", "size": "0.00339416", "price": "2946.24000000", "time": "2025-07-12T14:10:40.456182Z", "fetched_at": "2025-07-12T14:10:51.567541+00:00", "symbol": "ETH-USD"}, {"trade_id": 665981069, "side": "buy", "size": "0.25494734", "price": "2946.24000000", "time": "2025-07-12T14:10:40.446173Z", "fetched_at": "2025-07-12T14:10:51.567541+00:00", "symbol": "ETH-USD"}, {"trade_id": 665981068, "side": "buy", "size": "0.00100000", "price": "2946.24000000", "time": "2025-07-12T14:10:40.446173Z", "fetched_at": "2025-07-12T14:10:51.567541+00:00", "symbol": "ETH-USD"}, {"trade_id": 665981067, "side": "buy", "size": "0.47250000", "price": "2946.35000000", "time": "2025-07-12T14:10:40.446148Z", "fetched_at": "2025-07-12T14:10:51.567541+00:00", "symbol": "ETH-USD"}, {"trade_id": 665981066, "side": "buy", "size": "0.19999914", "price": "2946.35000000", "time": "2025-07-12T14:10:40.446148Z", "fetched_at": "2025-07-12T14:10:51.567541+00:00", "symbol": "ETH-USD"}, {"trade_id": 665981065, "side": "sell", "size": "0.00660812", "price": "2946.36000000", "time": "2025-07-12T14:10:40.430282Z", "fetched_at": "2025-07-12T14:10:51.567541+00:00", "symbol": "ETH-USD"}, {"trade_id": 665981064, "side": "buy", "size": "0.47250000", "price": "2946.51000000", "time": "2025-07-12T14:10:40.371635Z", "fetched_at": "2025-07-12T14:10:51.567541+00:00", "symbol": "ETH-USD"}, {"trade_id": 665981063, "side": "buy", "size": "0.39811505", "price": "2946.51000000", "time": "2025-07-12T14:10:40.371635Z", "fetched_at": "2025-07-12T14:10:51.567541+00:00", "symbol": "ETH-USD"}, {"trade_id": 665981062, "side": "buy", "size": "0.05562173", "price": "2946.51000000", "time": "2025-07-12T14:10:40.371635Z", "fetched_at": "2025-07-12T14:10:51.567541+00:00", "symbol": "ETH-USD"}, {"trade_id": 665981061, "side": "buy", "size": "0.47250000", "price": "2946.54000000", "time": "2025-07-12T14:10:40.346276Z", "fetched_at": "2025-07-12T14:10:51.567541+00:00", "symbol": "ETH-USD"}, {"trade_id": 665981060, "side": "buy", "size": "0.55574207", "price": "2946.55000000", "time": "2025-07-12T14:10:40.346276Z", "fetched_at": "2025-07-12T14:10:51.567541+00:00", "symbol": "ETH-USD"}, {"trade_id": 665981059, "side": "buy", "size": "0.47250000", "price": "2946.57000000", "time": "2025-07-12T14:10:40.346276Z", "fetched_at": "2025-07-12T14:10:51.567541+00:00", "symbol": "ETH-USD"}, {"trade_id": 665981058, "side": "sell", "size": "0.16903763", "price": "2947.02000000", "time": "2025-07-12T14:10:40.246994Z", "fetched_at": "2025-07-12T14:10:51.567541+00:00", "symbol": "ETH-USD"}, {"trade_id": 665981057, "side": "sell", "size": "0.00053724", "price": "2946.57000000", "time": "2025-07-12T14:10:40.246994Z", "fetched_at": "2025-07-12T14:10:51.567541+00:00", "symbol": "ETH-USD"}, {"trade_id": 665981056, "side": "buy", "size": "0.47250000", "price": "2946.82000000", "time": "2025-07-12T14:10:40.143555Z", "fetched_at": "2025-07-12T14:10:51.567541+00:00", "symbol": "ETH-USD"}, {"trade_id": 665981055, "side": "sell", "size": "0.00367961", "price": "2947.33000000", "time": "2025-07-12T14:10:40.085787Z", "fetched_at": "2025-07-12T14:10:51.567541+00:00", "symbol": "ETH-USD"}, {"trade_id": 665981054, "side": "sell", "size": "0.00085068", "price": "2946.55000000", "time": "2025-07-12T14:10:40.085787Z", "fetched_at": "2025-07-12T14:10:51.567541+00:00", "symbol": "ETH-USD"}, {"trade_id": 665981053, "side": "buy", "size": "0.47250000", "price": "2946.81000000", "time": "2025-07-12T14:10:40.055749Z", "fetched_at": "2025-07-12T14:10:51.567541+00:00", "symbol": "ETH-USD"}, {"trade_id": 665981052, "side": "sell", "size": "0.00085068", "price": "2946.52000000", "time": "2025-07-12T14:10:40.044760Z", "fetched_at": "2025-07-12T14:10:51.567541+00:00", "symbol": "ETH-USD"}, {"trade_id": 665981051, "side": "sell", "size": "0.02548419", "price": "2947.37000000", "time": "2025-07-12T14:10:39.992254Z", "fetched_at": "2025-07-12T14:10:51.567541+00:00", "symbol": "ETH-USD"}, {"trade_id": 665981050, "side": "sell", "size": "0.14324000", "price": "2947.11000000", "time": "2025-07-12T14:10:39.992254Z", "fetched_at": "2025-07-12T14:10:51.567541+00:00", "symbol": "ETH-USD"}, {"trade_id": 665981049, "side": "sell", "size": "0.00085068", "price": "2946.52000000", "time": "2025-07-12T14:10:39.992254Z", "fetched_at": "2025-07-12T14:10:51.567541+00:00", "symbol": "ETH-USD"}, {"trade_id": 665981048, "side": "buy", "size": "0.27486157", "price": "2946.54000000", "time": "2025-07-12T14:10:39.930237Z", "fetched_at": "2025-07-12T14:10:51.567541+00:00", "symbol": "ETH-USD"}, {"trade_id": 665981047, "side": "buy", "size": "0.04620345", "price": "2946.54000000", "time": "2025-07-12T14:10:39.926512Z", "fetched_at": "2025-07-12T14:10:51.567541+00:00", "symbol": "ETH-USD"}, {"trade_id": 665981046, "side": "buy", "size": "0.27146800", "price": "2946.64000000", "time": "2025-07-12T14:10:39.926512Z", "fetched_at": "2025-07-12T14:10:51.567541+00:00", "symbol": "ETH-USD"}, {"trade_id": 665981045, "side": "buy", "size": "0.00339357", "price": "2946.75000000", "time": "2025-07-12T14:10:39.926512Z", "fetched_at": "2025-07-12T14:10:51.567541+00:00", "symbol": "ETH-USD"}, {"trade_id": 665981044, "side": "buy", "size": "0.19999443", "price": "2946.60000000", "time": "2025-07-12T14:10:39.923192Z", "fetched_at": "2025-07-12T14:10:51.567541+00:00", "symbol": "ETH-USD"}, {"trade_id": 665981043, "side": "buy", "size": "0.14324000", "price": "2946.64000000", "time": "2025-07-12T14:10:39.923192Z", "fetched_at": "2025-07-12T14:10:51.567541+00:00", "symbol": "ETH-USD"}, {"trade_id": 665981042, "side": "buy", "size": "0.62105635", "price": "2946.71000000", "time": "2025-07-12T14:10:39.921264Z", "fetched_at": "2025-07-12T14:10:51.567541+00:00", "symbol": "ETH-USD"}, {"trade_id": 665981041, "side": "buy", "size": "0.50745418", "price": "2946.74000000", "time": "2025-07-12T14:10:39.921264Z", "fetched_at": "2025-07-12T14:10:51.567541+00:00", "symbol": "ETH-USD"}, {"trade_id": 665981040, "side": "buy", "size": "0.15000000", "price": "2946.75000000", "time": "2025-07-12T14:10:39.916175Z", "fetched_at": "2025-07-12T14:10:51.567541+00:00", "symbol": "ETH-USD"}, {"trade_id": 665981039, "side": "buy", "size": "0.07985244", "price": "2946.76000000", "time": "2025-07-12T14:10:39.916175Z", "fetched_at": "2025-07-12T14:10:51.567541+00:00", "symbol": "ETH-USD"}, {"trade_id": 665981038, "side": "buy", "size": "0.31268776", "price": "2946.79000000", "time": "2025-07-12T14:10:39.916175Z", "fetched_at": "2025-07-12T14:10:51.567541+00:00", "symbol": "ETH-USD"}, {"trade_id": 665981037, "side": "buy", "size": "0.00339352", "price": "2946.80000000", "time": "2025-07-12T14:10:39.916175Z", "fetched_at": "2025-07-12T14:10:51.567541+00:00", "symbol": "ETH-USD"}, {"trade_id": 665981036, "side": "buy", "size": "0.19999921", "price": "2946.87000000", "time": "2025-07-12T14:10:39.912248Z", "fetched_at": "2025-07-12T14:10:51.567541+00:00", "symbol": "ETH-USD"}, {"trade_id": 665981035, "side": "buy", "size": "0.00161349", "price": "2946.92000000", "time": "2025-07-12T14:10:39.912248Z", "fetched_at": "2025-07-12T14:10:51.567541+00:00", "symbol": "ETH-USD"}, {"trade_id": 665981034, "side": "buy", "size": "0.00035007", "price": "2947.05000000", "time": "2025-07-12T14:10:39.885702Z", "fetched_at": "2025-07-12T14:10:51.567541+00:00", "symbol": "ETH-USD"}, {"trade_id": 665981033, "side": "buy", "size": "0.30000000", "price": "2947.10000000", "time": "2025-07-12T14:10:39.784861Z", "fetched_at": "2025-07-12T14:10:51.567541+00:00", "symbol": "ETH-USD"}, {"trade_id": 665981032, "side": "buy", "size": "0.09999999", "price": "2947.26000000", "time": "2025-07-12T14:10:39.784861Z", "fetched_at": "2025-07-12T14:10:51.567541+00:00", "symbol": "ETH-USD"}, {"trade_id": 665981031, "side": "sell", "size": "0.16957487", "price": "2947.27000000", "time": "2025-07-12T14:10:39.737499Z", "fetched_at": "2025-07-12T14:10:51.567541+00:00", "symbol": "ETH-USD"}, {"trade_id": 665981030, "side": "sell", "size": "0.01677000", "price": "2947.37000000", "time": "2025-07-12T14:10:39.631898Z", "fetched_at": "2025-07-12T14:10:51.567541+00:00", "symbol": "ETH-USD"}, {"trade_id": 665981029, "side": "sell", "size": "0.01585508", "price": "2947.37000000", "time": "2025-07-12T14:10:39.627697Z", "fetched_at": "2025-07-12T14:10:51.567541+00:00", "symbol": "ETH-USD"}, {"trade_id": 665981028, "side": "sell", "size": "0.00091492", "price": "2947.28000000", "time": "2025-07-12T14:10:39.627697Z", "fetched_at": "2025-07-12T14:10:51.567541+00:00", "symbol": "ETH-USD"}, {"trade_id": 665981027, "side": "buy", "size": "0.30000000", "price": "2947.30000000", "time": "2025-07-12T14:10:39.356779Z", "fetched_at": "2025-07-12T14:10:51.567541+00:00", "symbol": "ETH-USD"}, {"trade_id": 665981026, "side": "buy", "size": "0.36000000", "price": "2947.31000000", "time": "2025-07-12T14:10:39.356779Z", "fetched_at": "2025-07-12T14:10:51.567541+00:00", "symbol": "ETH-USD"}, {"trade_id": 665981025, "side": "buy", "size": "0.47250000", "price": "2947.36000000", "time": "2025-07-12T14:10:39.353325Z", "fetched_at": "2025-07-12T14:10:51.567541+00:00", "symbol": "ETH-USD"}, {"trade_id": 665981024, "side": "buy", "size": "0.32886000", "price": "2947.36000000", "time": "2025-07-12T14:10:39.353325Z", "fetched_at": "2025-07-12T14:10:51.567541+00:00", "symbol": "ETH-USD"}, {"trade_id": 665981023, "side": "sell", "size": "0.36143115", "price": "2947.51000000", "time": "2025-07-12T14:10:38.641248Z", "fetched_at": "2025-07-12T14:10:51.567541+00:00", "symbol": "ETH-USD"}, {"trade_id": 665981022, "side": "sell", "size": "0.55792523", "price": "2947.51000000", "time": "2025-07-12T14:10:38.641248Z", "fetched_at": "2025-07-12T14:10:51.567541+00:00", "symbol": "ETH-USD"}, {"trade_id": 665981021, "side": "sell", "size": "0.24969000", "price": "2947.50000000", "time": "2025-07-12T14:10:38.641248Z", "fetched_at": "2025-07-12T14:10:51.567541+00:00", "symbol": "ETH-USD"}, {"trade_id": 665981020, "side": "sell", "size": "0.00095362", "price": "2947.49000000", "time": "2025-07-12T14:10:38.641248Z", "fetched_at": "2025-07-12T14:10:51.567541+00:00", "symbol": "ETH-USD"}, {"trade_id": 665981019, "side": "sell", "size": "0.00000577", "price": "2947.51000000", "time": "2025-07-12T14:10:38.454087Z", "fetched_at": "2025-07-12T14:10:51.567541+00:00", "symbol": "ETH-USD"}, {"trade_id": 665981018, "side": "sell", "size": "0.00012452", "price": "2946.89000000", "time": "2025-07-12T14:10:38.454087Z", "fetched_at": "2025-07-12T14:10:51.567541+00:00", "symbol": "ETH-USD"}, {"trade_id": 665981017, "side": "sell", "size": "0.01677000", "price": "2946.82000000", "time": "2025-07-12T14:10:38.325316Z", "fetched_at": "2025-07-12T14:10:51.567541+00:00", "symbol": "ETH-USD"}, {"trade_id": 665981016, "side": "sell", "size": "0.01677000", "price": "2946.82000000", "time": "2025-07-12T14:10:38.324881Z", "fetched_at": "2025-07-12T14:10:51.567541+00:00", "symbol": "ETH-USD"}, {"trade_id": 665981015, "side": "sell", "size": "0.01677000", "price": "2946.82000000", "time": "2025-07-12T14:10:38.323407Z", "fetched_at": "2025-07-12T14:10:51.567541+00:00", "symbol": "ETH-USD"}, {"trade_id": 665981014, "side": "buy", "size": "0.00339349", "price": "2946.82000000", "time": "2025-07-12T14:10:38.242502Z", "fetched_at": "2025-07-12T14:10:51.567541+00:00", "symbol": "ETH-USD"}, {"trade_id": 665981013, "side": "buy", "size": "0.47250000", "price": "2946.82000000", "time": "2025-07-12T14:10:38.238707Z", "fetched_at": "2025-07-12T14:10:51.567541+00:00", "symbol": "ETH-USD"}, {"trade_id": 665981012, "side": "buy", "size": "0.10196754", "price": "2946.82000000", "time": "2025-07-12T14:10:38.238707Z", "fetched_at": "2025-07-12T14:10:51.567541+00:00", "symbol": "ETH-USD"}, {"trade_id": 665981011, "side": "buy", "size": "0.06500000", "price": "2946.88000000", "time": "2025-07-12T14:10:38.228157Z", "fetched_at": "2025-07-12T14:10:51.567541+00:00", "symbol": "ETH-USD"}, {"trade_id": 665981010, "side": "buy", "size": "0.31933049", "price": "2946.89000000", "time": "2025-07-12T14:10:38.228157Z", "fetched_at": "2025-07-12T14:10:51.567541+00:00", "symbol": "ETH-USD"}, {"trade_id": 665981009, "side": "buy", "size": "0.16966809", "price": "2946.93000000", "time": "2025-07-12T14:10:38.227913Z", "fetched_at": "2025-07-12T14:10:51.567541+00:00", "symbol": "ETH-USD"}, {"trade_id": 665981008, "side": "buy", "size": "0.47250000", "price": "2946.94000000", "time": "2025-07-12T14:10:38.227913Z", "fetched_at": "2025-07-12T14:10:51.567541+00:00", "symbol": "ETH-USD"}, {"trade_id": 665981007, "side": "sell", "size": "0.12912000", "price": "2946.91000000", "time": "2025-07-12T14:10:38.172197Z", "fetched_at": "2025-07-12T14:10:51.567541+00:00", "symbol": "ETH-USD"}, {"trade_id": 665981006, "side": "sell", "size": "0.20679696", "price": "2947.65000000", "time": "2025-07-12T14:10:37.973859Z", "fetched_at": "2025-07-12T14:10:51.567541+00:00", "symbol": "ETH-USD"}, {"trade_id": 665981005, "side": "sell", "size": "0.15625000", "price": "2947.64000000", "time": "2025-07-12T14:10:37.973859Z", "fetched_at": "2025-07-12T14:10:51.567541+00:00", "symbol": "ETH-USD"}, {"trade_id": 665981004, "side": "sell", "size": "0.00098819", "price": "2946.86000000", "time": "2025-07-12T14:10:37.963542Z", "fetched_at": "2025-07-12T14:10:51.567541+00:00", "symbol": "ETH-USD"}, {"trade_id": 665981003, "side": "sell", "size": "0.13336647", "price": "2947.66000000", "time": "2025-07-12T14:10:37.893818Z", "fetched_at": "2025-07-12T14:10:51.567541+00:00", "symbol": "ETH-USD"}, {"trade_id": 665981002, "side": "sell", "size": "0.01941789", "price": "2947.66000000", "time": "2025-07-12T14:10:37.893818Z", "fetched_at": "2025-07-12T14:10:51.567541+00:00", "symbol": "ETH-USD"}, {"trade_id": 665981001, "side": "sell", "size": "0.52612745", "price": "2947.65000000", "time": "2025-07-12T14:10:37.893818Z", "fetched_at": "2025-07-12T14:10:51.567541+00:00", "symbol": "ETH-USD"}, {"trade_id": 665981000, "side": "sell", "size": "0.00098819", "price": "2947.33000000", "time": "2025-07-12T14:10:37.893818Z", "fetched_at": "2025-07-12T14:10:51.567541+00:00", "symbol": "ETH-USD"}, {"trade_id": 665980999, "side": "buy", "size": "0.24893651", "price": "2947.04000000", "time": "2025-07-12T14:10:37.833606Z", "fetched_at": "2025-07-12T14:10:51.567541+00:00", "symbol": "ETH-USD"}, {"trade_id": 665980998, "side": "buy", "size": "0.47250000", "price": "2947.04000000", "time": "2025-07-12T14:10:37.833606Z", "fetched_at": "2025-07-12T14:10:51.567541+00:00", "symbol": "ETH-USD"}, {"trade_id": 665980997, "side": "buy", "size": "0.86420228", "price": "2947.05000000", "time": "2025-07-12T14:10:37.833606Z", "fetched_at": "2025-07-12T14:10:51.567541+00:00", "symbol": "ETH-USD"}, {"trade_id": 665980996, "side": "buy", "size": "0.47250000", "price": "2947.32000000", "time": "2025-07-12T14:10:37.828297Z", "fetched_at": "2025-07-12T14:10:51.567541+00:00", "symbol": "ETH-USD"}, {"trade_id": 665980995, "side": "buy", "size": "0.15780000", "price": "2947.32000000", "time": "2025-07-12T14:10:37.828297Z", "fetched_at": "2025-07-12T14:10:51.567541+00:00", "symbol": "ETH-USD"}, {"trade_id": 665980994, "side": "buy", "size": "0.40735233", "price": "2947.30000000", "time": "2025-07-12T14:10:37.695198Z", "fetched_at": "2025-07-12T14:10:51.567541+00:00", "symbol": "ETH-USD"}, {"trade_id": 665980993, "side": "buy", "size": "0.24998214", "price": "2947.30000000", "time": "2025-07-12T14:10:37.695198Z", "fetched_at": "2025-07-12T14:10:51.567541+00:00", "symbol": "ETH-USD"}, {"trade_id": 665980992, "side": "buy", "size": "0.47250000", "price": "2947.32000000", "time": "2025-07-12T14:10:37.695198Z", "fetched_at": "2025-07-12T14:10:51.567541+00:00", "symbol": "ETH-USD"}, {"trade_id": 665980991, "side": "buy", "size": "0.11544572", "price": "2947.32000000", "time": "2025-07-12T14:10:37.695198Z", "fetched_at": "2025-07-12T14:10:51.567541+00:00", "symbol": "ETH-USD"}, {"trade_id": 665980990, "side": "buy", "size": "0.47250000", "price": "2947.51000000", "time": "2025-07-12T14:10:37.553430Z", "fetched_at": "2025-07-12T14:10:51.567541+00:00", "symbol": "ETH-USD"}, {"trade_id": 665980989, "side": "sell", "size": "0.07271610", "price": "2947.94000000", "time": "2025-07-12T14:10:37.541968Z", "fetched_at": "2025-07-12T14:10:51.567541+00:00", "symbol": "ETH-USD"}, {"trade_id": 665980988, "side": "sell", "size": "0.00024285", "price": "2947.94000000", "time": "2025-07-12T14:10:37.541968Z", "fetched_at": "2025-07-12T14:10:51.567541+00:00", "symbol": "ETH-USD"}, {"trade_id": 665980987, "side": "sell", "size": "0.10000000", "price": "2947.94000000", "time": "2025-07-12T14:10:37.541968Z", "fetched_at": "2025-07-12T14:10:51.567541+00:00", "symbol": "ETH-USD"}, {"trade_id": 665980986, "side": "sell", "size": "1.13997203", "price": "2947.93000000", "time": "2025-07-12T14:10:37.541968Z", "fetched_at": "2025-07-12T14:10:51.567541+00:00", "symbol": "ETH-USD"}, {"trade_id": 665980985, "side": "sell", "size": "0.18404250", "price": "2947.93000000", "time": "2025-07-12T14:10:37.541968Z", "fetched_at": "2025-07-12T14:10:51.567541+00:00", "symbol": "ETH-USD"}, {"trade_id": 665980984, "side": "sell", "size": "0.45099201", "price": "2947.70000000", "time": "2025-07-12T14:10:37.541968Z", "fetched_at": "2025-07-12T14:10:51.567541+00:00", "symbol": "ETH-USD"}, {"trade_id": 665980983, "side": "sell", "size": "0.00077186", "price": "2947.31000000", "time": "2025-07-12T14:10:37.541968Z", "fetched_at": "2025-07-12T14:10:51.567541+00:00", "symbol": "ETH-USD"}, {"trade_id": 665980982, "side": "sell", "size": "2.66827083", "price": "2947.31000000", "time": "2025-07-12T14:10:37.541968Z", "fetched_at": "2025-07-12T14:10:51.567541+00:00", "symbol": "ETH-USD"}, {"trade_id": 665980981, "side": "sell", "size": "0.33172917", "price": "2947.31000000", "time": "2025-07-12T14:10:37.535146Z", "fetched_at": "2025-07-12T14:10:51.567541+00:00", "symbol": "ETH-USD"}, {"trade_id": 665980980, "side": "sell", "size": "0.12912000", "price": "2947.31000000", "time": "2025-07-12T14:10:37.300693Z", "fetched_at": "2025-07-12T14:10:51.567541+00:00", "symbol": "ETH-USD"}, {"trade_id": 665980979, "side": "buy", "size": "0.30000000", "price": "2947.50000000", "time": "2025-07-12T14:10:37.291442Z", "fetched_at": "2025-07-12T14:10:51.567541+00:00", "symbol": "ETH-USD"}, {"trade_id": 665980978, "side": "buy", "size": "0.21144949", "price": "2947.60000000", "time": "2025-07-12T14:10:37.291330Z", "fetched_at": "2025-07-12T14:10:51.567541+00:00", "symbol": "ETH-USD"}, {"trade_id": 665980977, "side": "buy", "size": "0.26105051", "price": "2947.60000000", "time": "2025-07-12T14:10:37.287206Z", "fetched_at": "2025-07-12T14:10:51.567541+00:00", "symbol": "ETH-USD"}, {"trade_id": 665980976, "side": "buy", "size": "0.30000000", "price": "2947.60000000", "time": "2025-07-12T14:10:37.287206Z", "fetched_at": "2025-07-12T14:10:51.567541+00:00", "symbol": "ETH-USD"}, {"trade_id": 665980975, "side": "buy", "size": "0.25985187", "price": "2947.60000000", "time": "2025-07-12T14:10:37.278817Z", "fetched_at": "2025-07-12T14:10:51.567541+00:00", "symbol": "ETH-USD"}, {"trade_id": 665980974, "side": "buy", "size": "0.06847124", "price": "2947.60000000", "time": "2025-07-12T14:10:37.278817Z", "fetched_at": "2025-07-12T14:10:51.567541+00:00", "symbol": "ETH-USD"}, {"trade_id": 665980973, "side": "buy", "size": "0.00339245", "price": "2947.73000000", "time": "2025-07-12T14:10:37.278817Z", "fetched_at": "2025-07-12T14:10:51.567541+00:00", "symbol": "ETH-USD"}, {"trade_id": 665980972, "side": "buy", "size": "0.47250000", "price": "2947.75000000", "time": "2025-07-12T14:10:37.278817Z", "fetched_at": "2025-07-12T14:10:51.567541+00:00", "symbol": "ETH-USD"}, {"trade_id": 665980971, "side": "buy", "size": "0.39477000", "price": "2947.93000000", "time": "2025-07-12T14:10:37.277999Z", "fetched_at": "2025-07-12T14:10:51.567541+00:00", "symbol": "ETH-USD"}, {"trade_id": 665980970, "side": "sell", "size": "0.12912000", "price": "2947.76000000", "time": "2025-07-12T14:10:37.267477Z", "fetched_at": "2025-07-12T14:10:51.567541+00:00", "symbol": "ETH-USD"}, {"trade_id": 665980969, "side": "sell", "size": "0.09141849", "price": "2948.55000000", "time": "2025-07-12T14:10:37.193013Z", "fetched_at": "2025-07-12T14:10:51.567541+00:00", "symbol": "ETH-USD"}, {"trade_id": 665980968, "side": "sell", "size": "0.45876151", "price": "2948.32000000", "time": "2025-07-12T14:10:37.193013Z", "fetched_at": "2025-07-12T14:10:51.567541+00:00", "symbol": "ETH-USD"}, {"trade_id": 665980967, "side": "sell", "size": "0.12912000", "price": "2947.75000000", "time": "2025-07-12T14:10:37.193013Z", "fetched_at": "2025-07-12T14:10:51.567541+00:00", "symbol": "ETH-USD"}, {"trade_id": 665980966, "side": "buy", "size": "0.00745467", "price": "2947.93000000", "time": "2025-07-12T14:10:37.116007Z", "fetched_at": "2025-07-12T14:10:51.567541+00:00", "symbol": "ETH-USD"}, {"trade_id": 665980965, "side": "buy", "size": "0.00592341", "price": "2947.93000000", "time": "2025-07-12T14:10:37.116007Z", "fetched_at": "2025-07-12T14:10:51.567541+00:00", "symbol": "ETH-USD"}, {"trade_id": 665980964, "side": "buy", "size": "0.00339192", "price": "2948.19000000", "time": "2025-07-12T14:10:37.116007Z", "fetched_at": "2025-07-12T14:10:51.567541+00:00", "symbol": "ETH-USD"}, {"trade_id": 665980963, "side": "buy", "size": "0.47250000", "price": "2948.00000000", "time": "2025-07-12T14:10:37.070279Z", "fetched_at": "2025-07-12T14:10:51.567541+00:00", "symbol": "ETH-USD"}, {"trade_id": 665980962, "side": "buy", "size": "0.00100000", "price": "2948.00000000", "time": "2025-07-12T14:10:37.064092Z", "fetched_at": "2025-07-12T14:10:51.567541+00:00", "symbol": "ETH-USD"}, {"trade_id": 665980961, "side": "buy", "size": "0.25694450", "price": "2948.10000000", "time": "2025-07-12T14:10:37.057893Z", "fetched_at": "2025-07-12T14:10:51.567541+00:00", "symbol": "ETH-USD"}, {"trade_id": 665980960, "side": "buy", "size": "0.21556553", "price": "2948.12000000", "time": "2025-07-12T14:10:37.057893Z", "fetched_at": "2025-07-12T14:10:51.567541+00:00", "symbol": "ETH-USD"}, {"trade_id": 665980959, "side": "buy", "size": "0.66408493", "price": "2948.12000000", "time": "2025-07-12T14:10:37.054603Z", "fetched_at": "2025-07-12T14:10:51.567541+00:00", "symbol": "ETH-USD"}, {"trade_id": 665980958, "side": "buy", "size": "0.02446323", "price": "2948.12000000", "time": "2025-07-12T14:10:37.054603Z", "fetched_at": "2025-07-12T14:10:51.567541+00:00", "symbol": "ETH-USD"}, {"trade_id": 665980957, "side": "buy", "size": "0.21556184", "price": "2948.18000000", "time": "2025-07-12T14:10:37.054603Z", "fetched_at": "2025-07-12T14:10:51.567541+00:00", "symbol": "ETH-USD"}, {"trade_id": 665980956, "side": "buy", "size": "0.25693816", "price": "2948.18000000", "time": "2025-07-12T14:10:37.054375Z", "fetched_at": "2025-07-12T14:10:51.567541+00:00", "symbol": "ETH-USD"}, {"trade_id": 665980955, "side": "buy", "size": "0.00000184", "price": "2948.26000000", "time": "2025-07-12T14:10:37.054375Z", "fetched_at": "2025-07-12T14:10:51.567541+00:00", "symbol": "ETH-USD"}, {"trade_id": 665980954, "side": "buy", "size": "0.00339000", "price": "2948.26000000", "time": "2025-07-12T14:10:37.034153Z", "fetched_at": "2025-07-12T14:10:51.567541+00:00", "symbol": "ETH-USD"}, {"trade_id": 665980953, "side": "buy", "size": "0.47250000", "price": "2948.26000000", "time": "2025-07-12T14:10:37.034153Z", "fetched_at": "2025-07-12T14:10:51.567541+00:00", "symbol": "ETH-USD"}, {"trade_id": 665980952, "side": "buy", "size": "0.00339110", "price": "2948.90000000", "time": "2025-07-12T14:10:36.991429Z", "fetched_at": "2025-07-12T14:10:51.567541+00:00", "symbol": "ETH-USD"}, {"trade_id": 665980951, "side": "sell", "size": "7.72808156", "price": "2951.00000000", "time": "2025-07-12T14:10:36.973640Z", "fetched_at": "2025-07-12T14:10:51.567541+00:00", "symbol": "ETH-USD"}, {"trade_id": 665980950, "side": "sell", "size": "7.62455373", "price": "2950.99000000", "time": "2025-07-12T14:10:36.973640Z", "fetched_at": "2025-07-12T14:10:51.567541+00:00", "symbol": "ETH-USD"}, {"trade_id": 665980949, "side": "sell", "size": "0.90006743", "price": "2950.89000000", "time": "2025-07-12T14:10:36.973640Z", "fetched_at": "2025-07-12T14:10:51.567541+00:00", "symbol": "ETH-USD"}, {"trade_id": 665980948, "side": "sell", "size": "0.54004046", "price": "2950.88000000", "time": "2025-07-12T14:10:36.973640Z", "fetched_at": "2025-07-12T14:10:51.567541+00:00", "symbol": "ETH-USD"}, {"trade_id": 665980947, "side": "sell", "size": "0.00050864", "price": "2950.87000000", "time": "2025-07-12T14:10:36.973640Z", "fetched_at": "2025-07-12T14:10:51.567541+00:00", "symbol": "ETH-USD"}, {"trade_id": 665980946, "side": "sell", "size": "0.34161961", "price": "2950.86000000", "time": "2025-07-12T14:10:36.973640Z", "fetched_at": "2025-07-12T14:10:51.567541+00:00", "symbol": "ETH-USD"}, {"trade_id": 665980945, "side": "sell", "size": "0.47250000", "price": "2950.37000000", "time": "2025-07-12T14:10:36.973640Z", "fetched_at": "2025-07-12T14:10:51.567541+00:00", "symbol": "ETH-USD"}, {"trade_id": 665980944, "side": "sell", "size": "0.84737600", "price": "2950.29000000", "time": "2025-07-12T14:10:36.973640Z", "fetched_at": "2025-07-12T14:10:51.567541+00:00", "symbol": "ETH-USD"}, {"trade_id": 665980943, "side": "sell", "size": "0.50842560", "price": "2950.28000000", "time": "2025-07-12T14:10:36.973640Z", "fetched_at": "2025-07-12T14:10:51.567541+00:00", "symbol": "ETH-USD"}, {"trade_id": 665980942, "side": "sell", "size": "0.47250000", "price": "2950.07000000", "time": "2025-07-12T14:10:36.973640Z", "fetched_at": "2025-07-12T14:10:51.567541+00:00", "symbol": "ETH-USD"}, {"trade_id": 665980941, "side": "sell", "size": "0.00050875", "price": "2949.99000000", "time": "2025-07-12T14:10:36.973640Z", "fetched_at": "2025-07-12T14:10:51.567541+00:00", "symbol": "ETH-USD"}, {"trade_id": 665980940, "side": "sell", "size": "0.85015000", "price": "2949.90000000", "time": "2025-07-12T14:10:36.973640Z", "fetched_at": "2025-07-12T14:10:51.567541+00:00", "symbol": "ETH-USD"}, {"trade_id": 665980939, "side": "sell", "size": "0.47250000", "price": "2949.77000000", "time": "2025-07-12T14:10:36.973640Z", "fetched_at": "2025-07-12T14:10:51.567541+00:00", "symbol": "ETH-USD"}, {"trade_id": 665980938, "side": "sell", "size": "0.79359000", "price": "2949.76000000", "time": "2025-07-12T14:10:36.973640Z", "fetched_at": "2025-07-12T14:10:51.567541+00:00", "symbol": "ETH-USD"}, {"trade_id": 665980937, "side": "sell", "size": "4.69220956", "price": "2949.68000000", "time": "2025-07-12T14:10:36.973640Z", "fetched_at": "2025-07-12T14:10:51.567541+00:00", "symbol": "ETH-USD"}, {"trade_id": 665980936, "side": "sell", "size": "0.84756304", "price": "2949.64000000", "time": "2025-07-12T14:10:36.973640Z", "fetched_at": "2025-07-12T14:10:51.567541+00:00", "symbol": "ETH-USD"}, {"trade_id": 665980935, "side": "sell", "size": "0.50853782", "price": "2949.63000000", "time": "2025-07-12T14:10:36.973640Z", "fetched_at": "2025-07-12T14:10:51.567541+00:00", "symbol": "ETH-USD"}, {"trade_id": 665980934, "side": "sell", "size": "0.47250000", "price": "2949.46000000", "time": "2025-07-12T14:10:36.973640Z", "fetched_at": "2025-07-12T14:10:51.567541+00:00", "symbol": "ETH-USD"}, {"trade_id": 665980933, "side": "sell", "size": "0.52528991", "price": "2949.45000000", "time": "2025-07-12T14:10:36.973640Z", "fetched_at": "2025-07-12T14:10:51.567541+00:00", "symbol": "ETH-USD"}, {"trade_id": 665980932, "side": "sell", "size": "1.79519818", "price": "2949.44000000", "time": "2025-07-12T14:10:36.973640Z", "fetched_at": "2025-07-12T14:10:51.567541+00:00", "symbol": "ETH-USD"}, {"trade_id": 665980931, "side": "sell", "size": "0.32260275", "price": "2949.34000000", "time": "2025-07-12T14:10:36.973640Z", "fetched_at": "2025-07-12T14:10:51.567541+00:00", "symbol": "ETH-USD"}, {"trade_id": 665980930, "side": "sell", "size": "1.02311814", "price": "2949.33000000", "time": "2025-07-12T14:10:36.973640Z", "fetched_at": "2025-07-12T14:10:51.567541+00:00", "symbol": "ETH-USD"}, {"trade_id": 665980929, "side": "sell", "size": "0.43200613", "price": "2949.33000000", "time": "2025-07-12T14:10:36.973640Z", "fetched_at": "2025-07-12T14:10:51.567541+00:00", "symbol": "ETH-USD"}, {"trade_id": 665980928, "side": "sell", "size": "1.38220421", "price": "2949.30000000", "time": "2025-07-12T14:10:36.973640Z", "fetched_at": "2025-07-12T14:10:51.567541+00:00", "symbol": "ETH-USD"}, {"trade_id": 665980927, "side": "sell", "size": "0.63494651", "price": "2949.27000000", "time": "2025-07-12T14:10:36.973640Z", "fetched_at": "2025-07-12T14:10:51.567541+00:00", "symbol": "ETH-USD"}, {"trade_id": 665980926, "side": "sell", "size": "0.78170153", "price": "2949.26000000", "time": "2025-07-12T14:10:36.973640Z", "fetched_at": "2025-07-12T14:10:51.567541+00:00", "symbol": "ETH-USD"}, {"trade_id": 665980925, "side": "sell", "size": "0.38096791", "price": "2949.26000000", "time": "2025-07-12T14:10:36.973640Z", "fetched_at": "2025-07-12T14:10:51.567541+00:00", "symbol": "ETH-USD"}, {"trade_id": 665980924, "side": "sell", "size": "0.09910826", "price": "2949.15000000", "time": "2025-07-12T14:10:36.973640Z", "fetched_at": "2025-07-12T14:10:51.567541+00:00", "symbol": "ETH-USD"}, {"trade_id": 665980923, "side": "sell", "size": "0.08925150", "price": "2948.90000000", "time": "2025-07-12T14:10:36.973640Z", "fetched_at": "2025-07-12T14:10:51.567541+00:00", "symbol": "ETH-USD"}, {"trade_id": 665980922, "side": "sell", "size": "0.08952103", "price": "2948.89000000", "time": "2025-07-12T14:10:36.973640Z", "fetched_at": "2025-07-12T14:10:51.567541+00:00", "symbol": "ETH-USD"}, {"trade_id": 665980921, "side": "sell", "size": "0.31250000", "price": "2948.88000000", "time": "2025-07-12T14:10:36.973640Z", "fetched_at": "2025-07-12T14:10:51.567541+00:00", "symbol": "ETH-USD"}, {"trade_id": 665980920, "side": "buy", "size": "0.00339110", "price": "2948.90000000", "time": "2025-07-12T14:10:36.954799Z", "fetched_at": "2025-07-12T14:10:51.567541+00:00", "symbol": "ETH-USD"}, {"trade_id": 665980919, "side": "buy", "size": "0.00339109", "price": "2948.91000000", "time": "2025-07-12T14:10:36.943241Z", "fetched_at": "2025-07-12T14:10:51.567541+00:00", "symbol": "ETH-USD"}, {"trade_id": 665980918, "side": "buy", "size": "2.53547000", "price": "2948.32000000", "time": "2025-07-12T14:10:36.938778Z", "fetched_at": "2025-07-12T14:10:51.567541+00:00", "symbol": "ETH-USD"}, {"trade_id": 665980917, "side": "buy", "size": "0.15000000", "price": "2948.33000000", "time": "2025-07-12T14:10:36.938778Z", "fetched_at": "2025-07-12T14:10:51.567541+00:00", "symbol": "ETH-USD"}, {"trade_id": 665980916, "side": "buy", "size": "0.00339109", "price": "2948.91000000", "time": "2025-07-12T14:10:36.929064Z", "fetched_at": "2025-07-12T14:10:51.567541+00:00", "symbol": "ETH-USD"}, {"trade_id": 665980915, "side": "sell", "size": "0.00328246", "price": "2948.92000000", "time": "2025-07-12T14:10:36.916707Z", "fetched_at": "2025-07-12T14:10:51.567541+00:00", "symbol": "ETH-USD"}, {"trade_id": 665980914, "side": "buy", "size": "0.00339109", "price": "2948.91000000", "time": "2025-07-12T14:10:36.906938Z", "fetched_at": "2025-07-12T14:10:51.567541+00:00", "symbol": "ETH-USD"}, {"trade_id": 665980913, "side": "buy", "size": "0.00339109", "price": "2948.91000000", "time": "2025-07-12T14:10:36.893960Z", "fetched_at": "2025-07-12T14:10:51.567541+00:00", "symbol": "ETH-USD"}, {"trade_id": 665980912, "side": "buy", "size": "0.47250000", "price": "2948.85000000", "time": "2025-07-12T14:10:36.887484Z", "fetched_at": "2025-07-12T14:10:51.567541+00:00", "symbol": "ETH-USD"}, {"trade_id": 665980911, "side": "buy", "size": "0.00339109", "price": "2948.91000000", "time": "2025-07-12T14:10:36.880608Z", "fetched_at": "2025-07-12T14:10:51.567541+00:00", "symbol": "ETH-USD"}, {"trade_id": 665980910, "side": "buy", "size": "0.01337858", "price": "2948.34000000", "time": "2025-07-12T14:10:36.854343Z", "fetched_at": "2025-07-12T14:10:51.567541+00:00", "symbol": "ETH-USD"}, {"trade_id": 665980909, "side": "buy", "size": "0.00339142", "price": "2948.62000000", "time": "2025-07-12T14:10:36.854343Z", "fetched_at": "2025-07-12T14:10:51.567541+00:00", "symbol": "ETH-USD"}, {"trade_id": 665980908, "side": "buy", "size": "0.01677000", "price": "2948.34000000", "time": "2025-07-12T14:10:36.850430Z", "fetched_at": "2025-07-12T14:10:51.567541+00:00", "symbol": "ETH-USD"}, {"trade_id": 665980907, "side": "buy", "size": "0.01677000", "price": "2948.52000000", "time": "2025-07-12T14:10:36.837408Z", "fetched_at": "2025-07-12T14:10:51.567541+00:00", "symbol": "ETH-USD"}, {"trade_id": 665980906, "side": "buy", "size": "0.00339078", "price": "2949.18000000", "time": "2025-07-12T14:10:36.833461Z", "fetched_at": "2025-07-12T14:10:51.567541+00:00", "symbol": "ETH-USD"}, {"trade_id": 665980905, "side": "buy", "size": "0.00339093", "price": "2949.05000000", "time": "2025-07-12T14:10:36.808827Z", "fetched_at": "2025-07-12T14:10:51.567541+00:00", "symbol": "ETH-USD"}, {"trade_id": 665980904, "side": "sell", "size": "0.12912000", "price": "2948.42000000", "time": "2025-07-12T14:10:36.774734Z", "fetched_at": "2025-07-12T14:10:51.567541+00:00", "symbol": "ETH-USD"}, {"trade_id": 665980903, "side": "buy", "size": "0.00339116", "price": "2948.85000000", "time": "2025-07-12T14:10:36.759190Z", "fetched_at": "2025-07-12T14:10:51.567541+00:00", "symbol": "ETH-USD"}, {"trade_id": 665980902, "side": "buy", "size": "0.35089116", "price": "2948.86000000", "time": "2025-07-12T14:10:36.758409Z", "fetched_at": "2025-07-12T14:10:51.567541+00:00", "symbol": "ETH-USD"}, {"trade_id": 665980901, "side": "buy", "size": "0.12500000", "price": "2948.87000000", "time": "2025-07-12T14:10:36.758409Z", "fetched_at": "2025-07-12T14:10:51.567541+00:00", "symbol": "ETH-USD"}, {"trade_id": 665980900, "side": "sell", "size": "6.23498955", "price": "2951.14000000", "time": "2025-07-12T14:10:36.749123Z", "fetched_at": "2025-07-12T14:10:51.567541+00:00", "symbol": "ETH-USD"}, {"trade_id": 665980899, "side": "sell", "size": "0.00167937", "price": "2950.91000000", "time": "2025-07-12T14:10:36.749123Z", "fetched_at": "2025-07-12T14:10:51.567541+00:00", "symbol": "ETH-USD"}, {"trade_id": 665980898, "side": "sell", "size": "0.00050936", "price": "2950.87000000", "time": "2025-07-12T14:10:36.749123Z", "fetched_at": "2025-07-12T14:10:51.567541+00:00", "symbol": "ETH-USD"}, {"trade_id": 665980897, "side": "sell", "size": "0.19999937", "price": "2950.87000000", "time": "2025-07-12T14:10:36.749123Z", "fetched_at": "2025-07-12T14:10:51.567541+00:00", "symbol": "ETH-USD"}, {"trade_id": 665980896, "side": "sell", "size": "0.41192000", "price": "2950.76000000", "time": "2025-07-12T14:10:36.749123Z", "fetched_at": "2025-07-12T14:10:51.567541+00:00", "symbol": "ETH-USD"}, {"trade_id": 665980895, "side": "sell", "size": "0.01623185", "price": "2950.73000000", "time": "2025-07-12T14:10:36.749123Z", "fetched_at": "2025-07-12T14:10:51.567541+00:00", "symbol": "ETH-USD"}, {"trade_id": 665980894, "side": "sell", "size": "0.85015000", "price": "2950.67000000", "time": "2025-07-12T14:10:36.749123Z", "fetched_at": "2025-07-12T14:10:51.567541+00:00", "symbol": "ETH-USD"}, {"trade_id": 665980893, "side": "sell", "size": "1.33024574", "price": "2950.66000000", "time": "2025-07-12T14:10:36.749123Z", "fetched_at": "2025-07-12T14:10:51.567541+00:00", "symbol": "ETH-USD"}, {"trade_id": 665980892, "side": "sell", "size": "1.56512855", "price": "2950.65000000", "time": "2025-07-12T14:10:36.749123Z", "fetched_at": "2025-07-12T14:10:51.567541+00:00", "symbol": "ETH-USD"}, {"trade_id": 665980891, "side": "sell", "size": "0.47250000", "price": "2950.63000000", "time": "2025-07-12T14:10:36.749123Z", "fetched_at": "2025-07-12T14:10:51.567541+00:00", "symbol": "ETH-USD"}, {"trade_id": 665980890, "side": "sell", "size": "0.00034615", "price": "2950.62000000", "time": "2025-07-12T14:10:36.749123Z", "fetched_at": "2025-07-12T14:10:51.567541+00:00", "symbol": "ETH-USD"}, {"trade_id": 665980889, "side": "sell", "size": "1.77949516", "price": "2950.30000000", "time": "2025-07-12T14:10:36.749123Z", "fetched_at": "2025-07-12T14:10:51.567541+00:00", "symbol": "ETH-USD"}, {"trade_id": 665980888, "side": "sell", "size": "0.84737600", "price": "2950.29000000", "time": "2025-07-12T14:10:36.749123Z", "fetched_at": "2025-07-12T14:10:51.567541+00:00", "symbol": "ETH-USD"}, {"trade_id": 665980887, "side": "sell", "size": "1.76968435", "price": "2950.28000000", "time": "2025-07-12T14:10:36.749123Z", "fetched_at": "2025-07-12T14:10:51.567541+00:00", "symbol": "ETH-USD"}, {"trade_id": 665980886, "side": "sell", "size": "1.38560463", "price": "2950.06000000", "time": "2025-07-12T14:10:36.749123Z", "fetched_at": "2025-07-12T14:10:51.567541+00:00", "symbol": "ETH-USD"}, {"trade_id": 665980885, "side": "sell", "size": "1.01258179", "price": "2950.05000000", "time": "2025-07-12T14:10:36.749123Z", "fetched_at": "2025-07-12T14:10:51.567541+00:00", "symbol": "ETH-USD"}, {"trade_id": 665980884, "side": "sell", "size": "0.47250000", "price": "2950.05000000", "time": "2025-07-12T14:10:36.749123Z", "fetched_at": "2025-07-12T14:10:51.567541+00:00", "symbol": "ETH-USD"}, {"trade_id": 665980883, "side": "sell", "size": "1.80386192", "price": "2950.00000000", "time": "2025-07-12T14:10:36.749123Z", "fetched_at": "2025-07-12T14:10:51.567541+00:00", "symbol": "ETH-USD"}, {"trade_id": 665980882, "side": "sell", "size": "0.00050867", "price": "2949.99000000", "time": "2025-07-12T14:10:36.749123Z", "fetched_at": "2025-07-12T14:10:51.567541+00:00", "symbol": "ETH-USD"}, {"trade_id": 665980881, "side": "sell", "size": "0.00004257", "price": "2949.99000000", "time": "2025-07-12T14:10:36.749123Z", "fetched_at": "2025-07-12T14:10:51.567541+00:00", "symbol": "ETH-USD"}, {"trade_id": 665980880, "side": "sell", "size": "0.00023906", "price": "2949.99000000", "time": "2025-07-12T14:10:36.749123Z", "fetched_at": "2025-07-12T14:10:51.567541+00:00", "symbol": "ETH-USD"}, {"trade_id": 665980879, "side": "sell", "size": "0.86837433", "price": "2949.96000000", "time": "2025-07-12T14:10:36.749123Z", "fetched_at": "2025-07-12T14:10:51.567541+00:00", "symbol": "ETH-USD"}, {"trade_id": 665980878, "side": "sell", "size": "0.78123103", "price": "2949.96000000", "time": "2025-07-12T14:10:36.749123Z", "fetched_at": "2025-07-12T14:10:51.567541+00:00", "symbol": "ETH-USD"}, {"trade_id": 665980877, "side": "sell", "size": "0.13694249", "price": "2949.95000000", "time": "2025-07-12T14:10:36.749123Z", "fetched_at": "2025-07-12T14:10:51.567541+00:00", "symbol": "ETH-USD"}, {"trade_id": 665980876, "side": "sell", "size": "4.69220956", "price": "2949.89000000", "time": "2025-07-12T14:10:36.749123Z", "fetched_at": "2025-07-12T14:10:51.567541+00:00", "symbol": "ETH-USD"}, {"trade_id": 665980875, "side": "sell", "size": "2.81532574", "price": "2949.88000000", "time": "2025-07-12T14:10:36.749123Z", "fetched_at": "2025-07-12T14:10:51.567541+00:00", "symbol": "ETH-USD"}, {"trade_id": 665980874, "side": "sell", "size": "0.47250000", "price": "2949.70000000", "time": "2025-07-12T14:10:36.749123Z", "fetched_at": "2025-07-12T14:10:51.567541+00:00", "symbol": "ETH-USD"}, {"trade_id": 665980873, "side": "sell", "size": "0.84756304", "price": "2949.64000000", "time": "2025-07-12T14:10:36.749123Z", "fetched_at": "2025-07-12T14:10:51.567541+00:00", "symbol": "ETH-USD"}, {"trade_id": 665980872, "side": "sell", "size": "0.79203782", "price": "2949.63000000", "time": "2025-07-12T14:10:36.749123Z", "fetched_at": "2025-07-12T14:10:51.567541+00:00", "symbol": "ETH-USD"}, {"trade_id": 665980871, "side": "sell", "size": "0.47250000", "price": "2949.26000000", "time": "2025-07-12T14:10:36.749123Z", "fetched_at": "2025-07-12T14:10:51.567541+00:00", "symbol": "ETH-USD"}, {"trade_id": 665980870, "side": "sell", "size": "0.16953405", "price": "2949.26000000", "time": "2025-07-12T14:10:36.749123Z", "fetched_at": "2025-07-12T14:10:51.567541+00:00", "symbol": "ETH-USD"}, {"trade_id": 665980869, "side": "sell", "size": "0.85015000", "price": "2949.25000000", "time": "2025-07-12T14:10:36.749123Z", "fetched_at": "2025-07-12T14:10:51.567541+00:00", "symbol": "ETH-USD"}, {"trade_id": 665980868, "side": "sell", "size": "0.33081837", "price": "2949.23000000", "time": "2025-07-12T14:10:36.749123Z", "fetched_at": "2025-07-12T14:10:51.567541+00:00", "symbol": "ETH-USD"}, {"trade_id": 665980867, "side": "sell", "size": "0.50000000", "price": "2949.19000000", "time": "2025-07-12T14:10:36.749123Z", "fetched_at": "2025-07-12T14:10:51.567541+00:00", "symbol": "ETH-USD"}, {"trade_id": 665980866, "side": "sell", "size": "1.11030145", "price": "2949.18000000", "time": "2025-07-12T14:10:36.749123Z", "fetched_at": "2025-07-12T14:10:51.567541+00:00", "symbol": "ETH-USD"}, {"trade_id": 665980865, "side": "buy", "size": "0.32087716", "price": "2948.11000000", "time": "2025-07-12T14:10:36.620053Z", "fetched_at": "2025-07-12T14:10:51.567541+00:00", "symbol": "ETH-USD"}, {"trade_id": 665980864, "side": "buy", "size": "1.07589070", "price": "2948.23000000", "time": "2025-07-12T14:10:36.619519Z", "fetched_at": "2025-07-12T14:10:51.567541+00:00", "symbol": "ETH-USD"}, {"trade_id": 665980863, "side": "buy", "size": "0.49999999", "price": "2948.33000000", "time": "2025-07-12T14:10:36.619519Z", "fetched_at": "2025-07-12T14:10:51.567541+00:00", "symbol": "ETH-USD"}, {"trade_id": 665980862, "side": "buy", "size": "0.77255336", "price": "2948.23000000", "time": "2025-07-12T14:10:36.615833Z", "fetched_at": "2025-07-12T14:10:51.567541+00:00", "symbol": "ETH-USD"}, {"trade_id": 665980861, "side": "buy", "size": "0.35753148", "price": "2948.25000000", "time": "2025-07-12T14:10:36.615833Z", "fetched_at": "2025-07-12T14:10:51.567541+00:00", "symbol": "ETH-USD"}, {"trade_id": 665980860, "side": "buy", "size": "0.15000000", "price": "2948.26000000", "time": "2025-07-12T14:10:36.615833Z", "fetched_at": "2025-07-12T14:10:51.567541+00:00", "symbol": "ETH-USD"}, {"trade_id": 665980859, "side": "buy", "size": "0.25253245", "price": "2948.31000000", "time": "2025-07-12T14:10:36.615833Z", "fetched_at": "2025-07-12T14:10:51.567541+00:00", "symbol": "ETH-USD"}, {"trade_id": 665980858, "side": "buy", "size": "0.31268776", "price": "2948.31000000", "time": "2025-07-12T14:10:36.615833Z", "fetched_at": "2025-07-12T14:10:51.567541+00:00", "symbol": "ETH-USD"}, {"trade_id": 665980857, "side": "buy", "size": "0.03817049", "price": "2948.32000000", "time": "2025-07-12T14:10:36.615833Z", "fetched_at": "2025-07-12T14:10:51.567541+00:00", "symbol": "ETH-USD"}, {"trade_id": 665980856, "side": "buy", "size": "0.47250000", "price": "2948.38000000", "time": "2025-07-12T14:10:36.615833Z", "fetched_at": "2025-07-12T14:10:51.567541+00:00", "symbol": "ETH-USD"}, {"trade_id": 665980855, "side": "buy", "size": "0.56182951", "price": "2948.32000000", "time": "2025-07-12T14:10:36.615027Z", "fetched_at": "2025-07-12T14:10:51.567541+00:00", "symbol": "ETH-USD"}, {"trade_id": 665980854, "side": "buy", "size": "0.47250000", "price": "2948.32000000", "time": "2025-07-12T14:10:36.615027Z", "fetched_at": "2025-07-12T14:10:51.567541+00:00", "symbol": "ETH-USD"}, {"trade_id": 665980853, "side": "buy", "size": "0.02446322", "price": "2948.32000000", "time": "2025-07-12T14:10:36.615027Z", "fetched_at": "2025-07-12T14:10:51.567541+00:00", "symbol": "ETH-USD"}, {"trade_id": 665980852, "side": "buy", "size": "0.00339070", "price": "2949.25000000", "time": "2025-07-12T14:10:36.615027Z", "fetched_at": "2025-07-12T14:10:51.567541+00:00", "symbol": "ETH-USD"}, {"trade_id": 665980851, "side": "buy", "size": "0.20000000", "price": "2948.56000000", "time": "2025-07-12T14:10:36.607164Z", "fetched_at": "2025-07-12T14:10:51.567541+00:00", "symbol": "ETH-USD"}, {"trade_id": 665980850, "side": "buy", "size": "0.40000000", "price": "2948.56000000", "time": "2025-07-12T14:10:36.607164Z", "fetched_at": "2025-07-12T14:10:51.567541+00:00", "symbol": "ETH-USD"}, {"trade_id": 665980849, "side": "buy", "size": "0.00339070", "price": "2949.25000000", "time": "2025-07-12T14:10:36.605470Z", "fetched_at": "2025-07-12T14:10:51.567541+00:00", "symbol": "ETH-USD"}, {"trade_id": 665980848, "side": "buy", "size": "0.00339070", "price": "2949.25000000", "time": "2025-07-12T14:10:36.593581Z", "fetched_at": "2025-07-12T14:10:51.567541+00:00", "symbol": "ETH-USD"}, {"trade_id": 665980847, "side": "sell", "size": "0.00161264", "price": "2949.27000000", "time": "2025-07-12T14:10:36.570627Z", "fetched_at": "2025-07-12T14:10:51.567541+00:00", "symbol": "ETH-USD"}, {"trade_id": 665980846, "side": "buy", "size": "0.00339059", "price": "2949.34000000", "time": "2025-07-12T14:10:36.513606Z", "fetched_at": "2025-07-12T14:10:51.567541+00:00", "symbol": "ETH-USD"}, {"trade_id": 665980845, "side": "buy", "size": "2.99984863", "price": "2949.26000000", "time": "2025-07-12T14:10:36.473980Z", "fetched_at": "2025-07-12T14:10:51.567541+00:00", "symbol": "ETH-USD"}, {"trade_id": 665980844, "side": "buy", "size": "0.27936588", "price": "2949.27000000", "time": "2025-07-12T14:10:36.473980Z", "fetched_at": "2025-07-12T14:10:51.567541+00:00", "symbol": "ETH-USD"}, {"trade_id": 665980843, "side": "buy", "size": "0.00339059", "price": "2949.34000000", "time": "2025-07-12T14:10:36.473980Z", "fetched_at": "2025-07-12T14:10:51.567541+00:00", "symbol": "ETH-USD"}, {"trade_id": 665980842, "side": "sell", "size": "0.01677000", "price": "2949.36000000", "time": "2025-07-12T14:10:36.429660Z", "fetched_at": "2025-07-12T14:10:51.567541+00:00", "symbol": "ETH-USD"}, {"trade_id": 665980841, "side": "sell", "size": "0.12912000", "price": "2948.45000000", "time": "2025-07-12T14:10:36.312634Z", "fetched_at": "2025-07-12T14:10:51.567541+00:00", "symbol": "ETH-USD"}, {"trade_id": 665980840, "side": "sell", "size": "0.12912000", "price": "2948.32000000", "time": "2025-07-12T14:10:36.290680Z", "fetched_at": "2025-07-12T14:10:51.567541+00:00", "symbol": "ETH-USD"}, {"trade_id": 665980839, "side": "buy", "size": "0.60000000", "price": "2949.38000000", "time": "2025-07-12T14:10:36.282518Z", "fetched_at": "2025-07-12T14:10:51.567541+00:00", "symbol": "ETH-USD"}, {"trade_id": 665980838, "side": "buy", "size": "0.00339055", "price": "2949.38000000", "time": "2025-07-12T14:10:36.276958Z", "fetched_at": "2025-07-12T14:10:51.567541+00:00", "symbol": "ETH-USD"}, {"trade_id": 665980837, "side": "buy", "size": "0.01677000", "price": "2948.84000000", "time": "2025-07-12T14:10:36.237229Z", "fetched_at": "2025-07-12T14:10:51.567541+00:00", "symbol": "ETH-USD"}, {"trade_id": 665980836, "side": "sell", "size": "0.00033664", "price": "2948.91000000", "time": "2025-07-12T14:10:36.186441Z", "fetched_at": "2025-07-12T14:10:51.567541+00:00", "symbol": "ETH-USD"}, {"trade_id": 665980835, "side": "buy", "size": "0.63726972", "price": "2949.15000000", "time": "2025-07-12T14:10:36.179064Z", "fetched_at": "2025-07-12T14:10:51.567541+00:00", "symbol": "ETH-USD"}, {"trade_id": 665980834, "side": "buy", "size": "0.60000000", "price": "2949.39000000", "time": "2025-07-12T14:10:36.149248Z", "fetched_at": "2025-07-12T14:10:51.567541+00:00", "symbol": "ETH-USD"}, {"trade_id": 665980833, "side": "buy", "size": "0.04892645", "price": "2949.39000000", "time": "2025-07-12T14:10:36.149248Z", "fetched_at": "2025-07-12T14:10:51.567541+00:00", "symbol": "ETH-USD"}, {"trade_id": 665980832, "side": "buy", "size": "0.00339036", "price": "2949.54000000", "time": "2025-07-12T14:10:36.127175Z", "fetched_at": "2025-07-12T14:10:51.567541+00:00", "symbol": "ETH-USD"}, {"trade_id": 665980831, "side": "buy", "size": "0.60000000", "price": "2949.54000000", "time": "2025-07-12T14:10:36.127175Z", "fetched_at": "2025-07-12T14:10:51.567541+00:00", "symbol": "ETH-USD"}, {"trade_id": 665980830, "side": "buy", "size": "2.52103000", "price": "2949.54000000", "time": "2025-07-12T14:10:36.095105Z", "fetched_at": "2025-07-12T14:10:51.567541+00:00", "symbol": "ETH-USD"}, {"trade_id": 665980829, "side": "buy", "size": "0.20000000", "price": "2949.54000000", "time": "2025-07-12T14:10:36.093676Z", "fetched_at": "2025-07-12T14:10:51.567541+00:00", "symbol": "ETH-USD"}, {"trade_id": 665980828, "side": "buy", "size": "1.00000000", "price": "2949.54000000", "time": "2025-07-12T14:10:36.093326Z", "fetched_at": "2025-07-12T14:10:51.567541+00:00", "symbol": "ETH-USD"}, {"trade_id": 665980827, "side": "buy", "size": "0.40000000", "price": "2949.54000000", "time": "2025-07-12T14:10:36.093249Z", "fetched_at": "2025-07-12T14:10:51.567541+00:00", "symbol": "ETH-USD"}, {"trade_id": 665980826, "side": "buy", "size": "0.00000684", "price": "2949.74000000", "time": "2025-07-12T14:10:36.084495Z", "fetched_at": "2025-07-12T14:10:51.567541+00:00", "symbol": "ETH-USD"}, {"trade_id": 665980825, "side": "buy", "size": "0.00338329", "price": "2949.74000000", "time": "2025-07-12T14:10:36.084337Z", "fetched_at": "2025-07-12T14:10:51.567541+00:00", "symbol": "ETH-USD"}, {"trade_id": 665980824, "side": "buy", "size": "4.25960671", "price": "2949.74000000", "time": "2025-07-12T14:10:36.084337Z", "fetched_at": "2025-07-12T14:10:51.567541+00:00", "symbol": "ETH-USD"}, {"trade_id": 665980823, "side": "buy", "size": "1.93248000", "price": "2949.74000000", "time": "2025-07-12T14:10:36.056735Z", "fetched_at": "2025-07-12T14:10:51.567541+00:00", "symbol": "ETH-USD"}, {"trade_id": 665980822, "side": "buy", "size": "0.00338986", "price": "2949.98000000", "time": "2025-07-12T14:10:36.033703Z", "fetched_at": "2025-07-12T14:10:51.567541+00:00", "symbol": "ETH-USD"}, {"trade_id": 665980821, "side": "buy", "size": "0.86944970", "price": "2949.98000000", "time": "2025-07-12T14:10:36.030191Z", "fetched_at": "2025-07-12T14:10:51.567541+00:00", "symbol": "ETH-USD"}, {"trade_id": 665980820, "side": "buy", "size": "0.01338014", "price": "2949.98000000", "time": "2025-07-12T14:10:36.026563Z", "fetched_at": "2025-07-12T14:10:51.567541+00:00", "symbol": "ETH-USD"}, {"trade_id": 665980819, "side": "buy", "size": "0.00338986", "price": "2949.98000000", "time": "2025-07-12T14:10:36.026563Z", "fetched_at": "2025-07-12T14:10:51.567541+00:00", "symbol": "ETH-USD"}, {"trade_id": 665980818, "side": "sell", "size": "0.01677000", "price": "2949.99000000", "time": "2025-07-12T14:10:36.018296Z", "fetched_at": "2025-07-12T14:10:51.567541+00:00", "symbol": "ETH-USD"}, {"trade_id": 665980817, "side": "sell", "size": "0.01677000", "price": "2949.99000000", "time": "2025-07-12T14:10:35.991588Z", "fetched_at": "2025-07-12T14:10:51.567541+00:00", "symbol": "ETH-USD"}, {"trade_id": 665980816, "side": "sell", "size": "0.01677000", "price": "2949.99000000", "time": "2025-07-12T14:10:35.991468Z", "fetched_at": "2025-07-12T14:10:51.567541+00:00", "symbol": "ETH-USD"}, {"trade_id": 665980815, "side": "sell", "size": "0.01677000", "price": "2949.99000000", "time": "2025-07-12T14:10:35.991435Z", "fetched_at": "2025-07-12T14:10:51.567541+00:00", "symbol": "ETH-USD"}, {"trade_id": 665980814, "side": "sell", "size": "0.01677000", "price": "2949.99000000", "time": "2025-07-12T14:10:35.991260Z", "fetched_at": "2025-07-12T14:10:51.567541+00:00", "symbol": "ETH-USD"}, {"trade_id": 665980813, "side": "sell", "size": "0.40979980", "price": "2950.00000000", "time": "2025-07-12T14:10:35.973536Z", "fetched_at": "2025-07-12T14:10:51.567541+00:00", "symbol": "ETH-USD"}, {"trade_id": 665980812, "side": "sell", "size": "4.00000000", "price": "2950.00000000", "time": "2025-07-12T14:10:35.973536Z", "fetched_at": "2025-07-12T14:10:51.567541+00:00", "symbol": "ETH-USD"}, {"trade_id": 665980811, "side": "sell", "size": "6.00000000", "price": "2950.00000000", "time": "2025-07-12T14:10:35.973536Z", "fetched_at": "2025-07-12T14:10:51.567541+00:00", "symbol": "ETH-USD"}, {"trade_id": 665980810, "side": "sell", "size": "2.81300496", "price": "2950.00000000", "time": "2025-07-12T14:10:35.973536Z", "fetched_at": "2025-07-12T14:10:51.567541+00:00", "symbol": "ETH-USD"}, {"trade_id": 665980809, "side": "sell", "size": "0.47250000", "price": "2949.99000000", "time": "2025-07-12T14:10:35.973536Z", "fetched_at": "2025-07-12T14:10:51.567541+00:00", "symbol": "ETH-USD"}, {"trade_id": 665980808, "side": "buy", "size": "0.09785000", "price": "2949.48000000", "time": "2025-07-12T14:10:35.873016Z", "fetched_at": "2025-07-12T14:10:51.567541+00:00", "symbol": "ETH-USD"}, {"trade_id": 665980807, "side": "buy", "size": "0.00338986", "price": "2949.98000000", "time": "2025-07-12T14:10:35.868891Z", "fetched_at": "2025-07-12T14:10:51.567541+00:00", "symbol": "ETH-USD"}, {"trade_id": 665980806, "side": "buy", "size": "0.00338986", "price": "2949.98000000", "time": "2025-07-12T14:10:35.847092Z", "fetched_at": "2025-07-12T14:10:51.567541+00:00", "symbol": "ETH-USD"}, {"trade_id": 665980805, "side": "buy", "size": "0.00338986", "price": "2949.98000000", "time": "2025-07-12T14:10:35.828794Z", "fetched_at": "2025-07-12T14:10:51.567541+00:00", "symbol": "ETH-USD"}, {"trade_id": 665980804, "side": "sell", "size": "0.15000000", "price": "2949.99000000", "time": "2025-07-12T14:10:35.819249Z", "fetched_at": "2025-07-12T14:10:51.567541+00:00", "symbol": "ETH-USD"}, {"trade_id": 665980803, "side": "buy", "size": "0.00338995", "price": "2949.90000000", "time": "2025-07-12T14:10:35.804636Z", "fetched_at": "2025-07-12T14:10:51.567541+00:00", "symbol": "ETH-USD"}, {"trade_id": 665980802, "side": "buy", "size": "0.00338995", "price": "2949.90000000", "time": "2025-07-12T14:10:35.793948Z", "fetched_at": "2025-07-12T14:10:51.567541+00:00", "symbol": "ETH-USD"}, {"trade_id": 665980801, "side": "sell", "size": "0.05000000", "price": "2949.91000000", "time": "2025-07-12T14:10:35.790686Z", "fetched_at": "2025-07-12T14:10:51.567541+00:00", "symbol": "ETH-USD"}, {"trade_id": 665980800, "side": "buy", "size": "0.18398094", "price": "2949.46000000", "time": "2025-07-12T14:10:35.750307Z", "fetched_at": "2025-07-12T14:10:51.567541+00:00", "symbol": "ETH-USD"}, {"trade_id": 665980799, "side": "buy", "size": "0.00000912", "price": "2949.47000000", "time": "2025-07-12T14:10:35.750307Z", "fetched_at": "2025-07-12T14:10:51.567541+00:00", "symbol": "ETH-USD"}, {"trade_id": 665980798, "side": "buy", "size": "0.00338994", "price": "2949.91000000", "time": "2025-07-12T14:10:35.750307Z", "fetched_at": "2025-07-12T14:10:51.567541+00:00", "symbol": "ETH-USD"}, {"trade_id": 665980797, "side": "buy", "size": "0.41355000", "price": "2949.47000000", "time": "2025-07-12T14:10:35.747670Z", "fetched_at": "2025-07-12T14:10:51.567541+00:00", "symbol": "ETH-USD"}, {"trade_id": 665980796, "side": "buy", "size": "0.00338994", "price": "2949.91000000", "time": "2025-07-12T14:10:35.743642Z", "fetched_at": "2025-07-12T14:10:51.567541+00:00", "symbol": "ETH-USD"}, {"trade_id": 665980795, "side": "sell", "size": "1.12500000", "price": "2949.92000000", "time": "2025-07-12T14:10:35.740886Z", "fetched_at": "2025-07-12T14:10:51.567541+00:00", "symbol": "ETH-USD"}, {"trade_id": 665980794, "side": "buy", "size": "0.08593657", "price": "2949.25000000", "time": "2025-07-12T14:10:35.517798Z", "fetched_at": "2025-07-12T14:10:51.567541+00:00", "symbol": "ETH-USD"}, {"trade_id": 665980793, "side": "buy", "size": "0.00000302", "price": "2949.26000000", "time": "2025-07-12T14:10:35.517798Z", "fetched_at": "2025-07-12T14:10:51.567541+00:00", "symbol": "ETH-USD"}, {"trade_id": 665980792, "side": "buy", "size": "0.00339041", "price": "2949.50000000", "time": "2025-07-12T14:10:35.517798Z", "fetched_at": "2025-07-12T14:10:51.567541+00:00", "symbol": "ETH-USD"}, {"trade_id": 665980791, "side": "buy", "size": "0.08308000", "price": "2949.26000000", "time": "2025-07-12T14:10:35.514850Z", "fetched_at": "2025-07-12T14:10:51.567541+00:00", "symbol": "ETH-USD"}, {"trade_id": 665980790, "side": "sell", "size": "6.11907713", "price": "2950.00000000", "time": "2025-07-12T14:10:35.514668Z", "fetched_at": "2025-07-12T14:10:51.567541+00:00", "symbol": "ETH-USD"}, {"trade_id": 665980789, "side": "sell", "size": "0.00092287", "price": "2949.73000000", "time": "2025-07-12T14:10:35.514668Z", "fetched_at": "2025-07-12T14:10:51.567541+00:00", "symbol": "ETH-USD"}, {"trade_id": 665980788, "side": "buy", "size": "0.01911353", "price": "2949.21000000", "time": "2025-07-12T14:10:35.495095Z", "fetched_at": "2025-07-12T14:10:51.567541+00:00", "symbol": "ETH-USD"}, {"trade_id": 665980787, "side": "buy", "size": "0.05956647", "price": "2949.23000000", "time": "2025-07-12T14:10:35.495095Z", "fetched_at": "2025-07-12T14:10:51.567541+00:00", "symbol": "ETH-USD"}, {"trade_id": 665980786, "side": "buy", "size": "0.01980425", "price": "2949.21000000", "time": "2025-07-12T14:10:35.488979Z", "fetched_at": "2025-07-12T14:10:51.567541+00:00", "symbol": "ETH-USD"}, {"trade_id": 665980785, "side": "buy", "size": "0.07867575", "price": "2949.22000000", "time": "2025-07-12T14:10:35.488979Z", "fetched_at": "2025-07-12T14:10:51.567541+00:00", "symbol": "ETH-USD"}, {"trade_id": 665980784, "side": "sell", "size": "0.33543776", "price": "2949.18000000", "time": "2025-07-12T14:10:35.464345Z", "fetched_at": "2025-07-12T14:10:51.567541+00:00", "symbol": "ETH-USD"}, {"trade_id": 665980783, "side": "sell", "size": "0.48202964", "price": "2950.00000000", "time": "2025-07-12T14:10:35.434157Z", "fetched_at": "2025-07-12T14:10:51.567541+00:00", "symbol": "ETH-USD"}, {"trade_id": 665980782, "side": "sell", "size": "0.18150499", "price": "2950.00000000", "time": "2025-07-12T14:10:35.432625Z", "fetched_at": "2025-07-12T14:10:51.567541+00:00", "symbol": "ETH-USD"}, {"trade_id": 665980781, "side": "sell", "size": "0.29662629", "price": "2950.00000000", "time": "2025-07-12T14:10:35.432066Z", "fetched_at": "2025-07-12T14:10:51.567541+00:00", "symbol": "ETH-USD"}, {"trade_id": 665980780, "side": "sell", "size": "0.00092287", "price": "2949.50000000", "time": "2025-07-12T14:10:35.432066Z", "fetched_at": "2025-07-12T14:10:51.567541+00:00", "symbol": "ETH-USD"}, {"trade_id": 665980779, "side": "sell", "size": "1.58064630", "price": "2950.00000000", "time": "2025-07-12T14:10:35.416796Z", "fetched_at": "2025-07-12T14:10:51.567541+00:00", "symbol": "ETH-USD"}, {"trade_id": 665980778, "side": "sell", "size": "0.25188093", "price": "2950.00000000", "time": "2025-07-12T14:10:35.416102Z", "fetched_at": "2025-07-12T14:10:51.567541+00:00", "symbol": "ETH-USD"}, {"trade_id": 665980777, "side": "sell", "size": "0.86586806", "price": "2950.00000000", "time": "2025-07-12T14:10:35.415816Z", "fetched_at": "2025-07-12T14:10:51.567541+00:00", "symbol": "ETH-USD"}, {"trade_id": 665980776, "side": "sell", "size": "0.73494643", "price": "2950.00000000", "time": "2025-07-12T14:10:35.415659Z", "fetched_at": "2025-07-12T14:10:51.567541+00:00", "symbol": "ETH-USD"}, {"trade_id": 665980775, "side": "sell", "size": "0.00100000", "price": "2950.00000000", "time": "2025-07-12T14:10:35.415560Z", "fetched_at": "2025-07-12T14:10:51.567541+00:00", "symbol": "ETH-USD"}, {"trade_id": 665980774, "side": "sell", "size": "0.07230000", "price": "2950.00000000", "time": "2025-07-12T14:10:35.414929Z", "fetched_at": "2025-07-12T14:10:51.567541+00:00", "symbol": "ETH-USD"}, {"trade_id": 665980773, "side": "sell", "size": "0.63973069", "price": "2950.00000000", "time": "2025-07-12T14:10:35.413382Z", "fetched_at": "2025-07-12T14:10:51.567541+00:00", "symbol": "ETH-USD"}, {"trade_id": 665980772, "side": "sell", "size": "10.96138458", "price": "2950.00000000", "time": "2025-07-12T14:10:35.412342Z", "fetched_at": "2025-07-12T14:10:51.567541+00:00", "symbol": "ETH-USD"}, {"trade_id": 665980771, "side": "sell", "size": "1.00000000", "price": "2950.00000000", "time": "2025-07-12T14:10:35.412342Z", "fetched_at": "2025-07-12T14:10:51.567541+00:00", "symbol": "ETH-USD"}, {"trade_id": 665980770, "side": "sell", "size": "0.01682847", "price": "2950.00000000", "time": "2025-07-12T14:10:35.412342Z", "fetched_at": "2025-07-12T14:10:51.567541+00:00", "symbol": "ETH-USD"}, {"trade_id": 665980769, "side": "sell", "size": "1.02952037", "price": "2950.00000000", "time": "2025-07-12T14:10:35.412342Z", "fetched_at": "2025-07-12T14:10:51.567541+00:00", "symbol": "ETH-USD"}, {"trade_id": 665980768, "side": "sell", "size": "0.00092287", "price": "2949.50000000", "time": "2025-07-12T14:10:35.412342Z", "fetched_at": "2025-07-12T14:10:51.567541+00:00", "symbol": "ETH-USD"}, {"trade_id": 665980767, "side": "sell", "size": "0.47250000", "price": "2950.00000000", "time": "2025-07-12T14:10:35.411476Z", "fetched_at": "2025-07-12T14:10:51.567541+00:00", "symbol": "ETH-USD"}, {"trade_id": 665980766, "side": "sell", "size": "0.11820000", "price": "2950.00000000", "time": "2025-07-12T14:10:35.410210Z", "fetched_at": "2025-07-12T14:10:51.567541+00:00", "symbol": "ETH-USD"}, {"trade_id": 665980765, "side": "sell", "size": "0.00017713", "price": "2949.93000000", "time": "2025-07-12T14:10:35.405329Z", "fetched_at": "2025-07-12T14:10:51.567541+00:00", "symbol": "ETH-USD"}, {"trade_id": 665980764, "side": "sell", "size": "0.00092287", "price": "2949.50000000", "time": "2025-07-12T14:10:35.405329Z", "fetched_at": "2025-07-12T14:10:51.567541+00:00", "symbol": "ETH-USD"}, {"trade_id": 665980763, "side": "sell", "size": "1.21400058", "price": "2950.00000000", "time": "2025-07-12T14:10:35.404406Z", "fetched_at": "2025-07-12T14:10:51.567541+00:00", "symbol": "ETH-USD"}, {"trade_id": 665980762, "side": "sell", "size": "0.00050000", "price": "2950.00000000", "time": "2025-07-12T14:10:35.403986Z", "fetched_at": "2025-07-12T14:10:51.567541+00:00", "symbol": "ETH-USD"}, {"trade_id": 665980761, "side": "sell", "size": "0.11820000", "price": "2950.00000000", "time": "2025-07-12T14:10:35.403798Z", "fetched_at": "2025-07-12T14:10:51.567541+00:00", "symbol": "ETH-USD"}, {"trade_id": 665980760, "side": "sell", "size": "0.07910000", "price": "2950.00000000", "time": "2025-07-12T14:10:35.403309Z", "fetched_at": "2025-07-12T14:10:51.567541+00:00", "symbol": "ETH-USD"}, {"trade_id": 665980759, "side": "sell", "size": "0.01882650", "price": "2950.00000000", "time": "2025-07-12T14:10:35.401152Z", "fetched_at": "2025-07-12T14:10:51.567541+00:00", "symbol": "ETH-USD"}, {"trade_id": 665980758, "side": "sell", "size": "0.63875715", "price": "2950.00000000", "time": "2025-07-12T14:10:35.401152Z", "fetched_at": "2025-07-12T14:10:51.567541+00:00", "symbol": "ETH-USD"}, {"trade_id": 665980757, "side": "sell", "size": "0.69310804", "price": "2950.00000000", "time": "2025-07-12T14:10:35.398963Z", "fetched_at": "2025-07-12T14:10:51.567541+00:00", "symbol": "ETH-USD"}, {"trade_id": 665980756, "side": "sell", "size": "2.53118463", "price": "2950.00000000", "time": "2025-07-12T14:10:35.398932Z", "fetched_at": "2025-07-12T14:10:51.567541+00:00", "symbol": "ETH-USD"}, {"trade_id": 665980755, "side": "sell", "size": "0.13695018", "price": "2950.00000000", "time": "2025-07-12T14:10:35.397389Z", "fetched_at": "2025-07-12T14:10:51.567541+00:00", "symbol": "ETH-USD"}, {"trade_id": 665980754, "side": "sell", "size": "0.00050960", "price": "2949.99000000", "time": "2025-07-12T14:10:35.397389Z", "fetched_at": "2025-07-12T14:10:51.567541+00:00", "symbol": "ETH-USD"}, {"trade_id": 665980753, "side": "buy", "size": "0.00339087", "price": "2949.10000000", "time": "2025-07-12T14:10:35.397156Z", "fetched_at": "2025-07-12T14:10:51.567541+00:00", "symbol": "ETH-USD"}, {"trade_id": 665980752, "side": "sell", "size": "0.15000000", "price": "2949.93000000", "time": "2025-07-12T14:10:35.396603Z", "fetched_at": "2025-07-12T14:10:51.567541+00:00", "symbol": "ETH-USD"}, {"trade_id": 665980751, "side": "sell", "size": "3.19698112", "price": "2949.93000000", "time": "2025-07-12T14:10:35.378064Z", "fetched_at": "2025-07-12T14:10:51.567541+00:00", "symbol": "ETH-USD"}, {"trade_id": 665980750, "side": "sell", "size": "0.00100000", "price": "2949.76000000", "time": "2025-07-12T14:10:35.378064Z", "fetched_at": "2025-07-12T14:10:51.567541+00:00", "symbol": "ETH-USD"}, {"trade_id": 665980749, "side": "sell", "size": "0.00092287", "price": "2949.68000000", "time": "2025-07-12T14:10:35.378064Z", "fetched_at": "2025-07-12T14:10:51.567541+00:00", "symbol": "ETH-USD"}, {"trade_id": 665980748, "side": "sell", "size": "0.00369554", "price": "2949.66000000", "time": "2025-07-12T14:10:35.378064Z", "fetched_at": "2025-07-12T14:10:51.567541+00:00", "symbol": "ETH-USD"}, {"trade_id": 665980747, "side": "sell", "size": "0.00055292", "price": "2949.50000000", "time": "2025-07-12T14:10:35.377984Z", "fetched_at": "2025-07-12T14:10:51.567541+00:00", "symbol": "ETH-USD"}, {"trade_id": 665980746, "side": "sell", "size": "0.05531244", "price": "2949.45000000", "time": "2025-07-12T14:10:35.377984Z", "fetched_at": "2025-07-12T14:10:51.567541+00:00", "symbol": "ETH-USD"}, {"trade_id": 665980745, "side": "sell", "size": "0.06290000", "price": "2949.45000000", "time": "2025-07-12T14:10:35.377138Z", "fetched_at": "2025-07-12T14:10:51.567541+00:00", "symbol": "ETH-USD"}, {"trade_id": 665980744, "side": "sell", "size": "8.47534591", "price": "2949.74000000", "time": "2025-07-12T14:10:35.357244Z", "fetched_at": "2025-07-12T14:10:51.567541+00:00", "symbol": "ETH-USD"}, {"trade_id": 665980743, "side": "sell", "size": "0.00037609", "price": "2949.69000000", "time": "2025-07-12T14:10:35.357244Z", "fetched_at": "2025-07-12T14:10:51.567541+00:00", "symbol": "ETH-USD"}, {"trade_id": 665980742, "side": "sell", "size": "0.00820955", "price": "2949.52000000", "time": "2025-07-12T14:10:35.357244Z", "fetched_at": "2025-07-12T14:10:51.567541+00:00", "symbol": "ETH-USD"}, {"trade_id": 665980741, "side": "sell", "size": "0.30483022", "price": "2949.51000000", "time": "2025-07-12T14:10:35.357244Z", "fetched_at": "2025-07-12T14:10:51.567541+00:00", "symbol": "ETH-USD"}, {"trade_id": 665980740, "side": "sell", "size": "0.00055292", "price": "2949.10000000", "time": "2025-07-12T14:10:35.357244Z", "fetched_at": "2025-07-12T14:10:51.567541+00:00", "symbol": "ETH-USD"}, {"trade_id": 665980739, "side": "sell", "size": "0.05707558", "price": "2949.51000000", "time": "2025-07-12T14:10:35.350211Z", "fetched_at": "2025-07-12T14:10:51.567541+00:00", "symbol": "ETH-USD"}, {"trade_id": 665980738, "side": "sell", "size": "0.52696175", "price": "2948.70000000", "time": "2025-07-12T14:10:35.350211Z", "fetched_at": "2025-07-12T14:10:51.567541+00:00", "symbol": "ETH-USD"}, {"trade_id": 665980737, "side": "sell", "size": "0.37377416", "price": "2948.70000000", "time": "2025-07-12T14:10:35.350196Z", "fetched_at": "2025-07-12T14:10:51.567541+00:00", "symbol": "ETH-USD"}, {"trade_id": 665980736, "side": "sell", "size": "0.00172903", "price": "2949.46000000", "time": "2025-07-12T14:10:35.335349Z", "fetched_at": "2025-07-12T14:10:51.567541+00:00", "symbol": "ETH-USD"}, {"trade_id": 665980735, "side": "sell", "size": "0.00050986", "price": "2949.11000000", "time": "2025-07-12T14:10:35.335349Z", "fetched_at": "2025-07-12T14:10:51.567541+00:00", "symbol": "ETH-USD"}, {"trade_id": 665980734, "side": "sell", "size": "0.00149009", "price": "2948.20000000", "time": "2025-07-12T14:10:35.325265Z", "fetched_at": "2025-07-12T14:10:51.567541+00:00", "symbol": "ETH-USD"}, {"trade_id": 665980733, "side": "sell", "size": "0.00110584", "price": "2948.20000000", "time": "2025-07-12T14:10:35.325265Z", "fetched_at": "2025-07-12T14:10:51.567541+00:00", "symbol": "ETH-USD"}, {"trade_id": 665980732, "side": "sell", "size": "0.08240000", "price": "2947.87000000", "time": "2025-07-12T14:10:35.311023Z", "fetched_at": "2025-07-12T14:10:51.567541+00:00", "symbol": "ETH-USD"}, {"trade_id": 665980731, "side": "sell", "size": "0.01760000", "price": "2947.87000000", "time": "2025-07-12T14:10:35.308476Z", "fetched_at": "2025-07-12T14:10:51.567541+00:00", "symbol": "ETH-USD"}, {"trade_id": 665980730, "side": "sell", "size": "0.33911179", "price": "2948.88000000", "time": "2025-07-12T14:10:35.292765Z", "fetched_at": "2025-07-12T14:10:51.567541+00:00", "symbol": "ETH-USD"}, {"trade_id": 665980729, "side": "sell", "size": "0.00100000", "price": "2948.88000000", "time": "2025-07-12T14:10:35.292765Z", "fetched_at": "2025-07-12T14:10:51.567541+00:00", "symbol": "ETH-USD"}, {"trade_id": 665980728, "side": "sell", "size": "0.12912000", "price": "2947.96000000", "time": "2025-07-12T14:10:35.288870Z", "fetched_at": "2025-07-12T14:10:51.567541+00:00", "symbol": "ETH-USD"}, {"trade_id": 665980727, "side": "sell", "size": "0.00221169", "price": "2947.96000000", "time": "2025-07-12T14:10:35.286690Z", "fetched_at": "2025-07-12T14:10:51.567541+00:00", "symbol": "ETH-USD"}, {"trade_id": 665980726, "side": "sell", "size": "2.06594694", "price": "2948.88000000", "time": "2025-07-12T14:10:35.281634Z", "fetched_at": "2025-07-12T14:10:51.567541+00:00", "symbol": "ETH-USD"}, {"trade_id": 665980725, "side": "sell", "size": "0.41199000", "price": "2948.80000000", "time": "2025-07-12T14:10:35.281634Z", "fetched_at": "2025-07-12T14:10:51.567541+00:00", "symbol": "ETH-USD"}, {"trade_id": 665980724, "side": "sell", "size": "1.49353677", "price": "2948.80000000", "time": "2025-07-12T14:10:35.281634Z", "fetched_at": "2025-07-12T14:10:51.567541+00:00", "symbol": "ETH-USD"}, {"trade_id": 665980723, "side": "sell", "size": "1.20857934", "price": "2948.80000000", "time": "2025-07-12T14:10:35.279918Z", "fetched_at": "2025-07-12T14:10:51.567541+00:00", "symbol": "ETH-USD"}, {"trade_id": 665980722, "side": "sell", "size": "0.00032156", "price": "2948.80000000", "time": "2025-07-12T14:10:35.279918Z", "fetched_at": "2025-07-12T14:10:51.567541+00:00", "symbol": "ETH-USD"}, {"trade_id": 665980721, "side": "sell", "size": "0.00290337", "price": "2948.66000000", "time": "2025-07-12T14:10:35.279918Z", "fetched_at": "2025-07-12T14:10:51.567541+00:00", "symbol": "ETH-USD"}, {"trade_id": 665980720, "side": "sell", "size": "0.14400000", "price": "2948.62000000", "time": "2025-07-12T14:10:35.279918Z", "fetched_at": "2025-07-12T14:10:51.567541+00:00", "symbol": "ETH-USD"}, {"trade_id": 665980719, "side": "sell", "size": "8.47874993", "price": "2948.55000000", "time": "2025-07-12T14:10:35.279918Z", "fetched_at": "2025-07-12T14:10:51.567541+00:00", "symbol": "ETH-USD"}, {"trade_id": 665980718, "side": "sell", "size": "0.41159000", "price": "2948.52000000", "time": "2025-07-12T14:10:35.279918Z", "fetched_at": "2025-07-12T14:10:51.567541+00:00", "symbol": "ETH-USD"}, {"trade_id": 665980717, "side": "sell", "size": "0.00050986", "price": "2948.23000000", "time": "2025-07-12T14:10:35.279918Z", "fetched_at": "2025-07-12T14:10:51.567541+00:00", "symbol": "ETH-USD"}, {"trade_id": 665980716, "side": "sell", "size": "0.00037628", "price": "2948.22000000", "time": "2025-07-12T14:10:35.279918Z", "fetched_at": "2025-07-12T14:10:51.567541+00:00", "symbol": "ETH-USD"}, {"trade_id": 665980715, "side": "sell", "size": "0.56761323", "price": "2948.21000000", "time": "2025-07-12T14:10:35.272227Z", "fetched_at": "2025-07-12T14:10:51.567541+00:00", "symbol": "ETH-USD"}, {"trade_id": 665980714, "side": "sell", "size": "0.48260000", "price": "2948.21000000", "time": "2025-07-12T14:10:35.270612Z", "fetched_at": "2025-07-12T14:10:51.567541+00:00", "symbol": "ETH-USD"}, {"trade_id": 665980713, "side": "sell", "size": "5.59287679", "price": "2948.21000000", "time": "2025-07-12T14:10:35.257993Z", "fetched_at": "2025-07-12T14:10:51.567541+00:00", "symbol": "ETH-USD"}, {"trade_id": 665980712, "side": "sell", "size": "1.83663599", "price": "2948.21000000", "time": "2025-07-12T14:10:35.251458Z", "fetched_at": "2025-07-12T14:10:51.567541+00:00", "symbol": "ETH-USD"}, {"trade_id": 665980711, "side": "sell", "size": "0.00863995", "price": "2948.15000000", "time": "2025-07-12T14:10:35.251458Z", "fetched_at": "2025-07-12T14:10:51.567541+00:00", "symbol": "ETH-USD"}, {"trade_id": 665980710, "side": "sell", "size": "0.00640148", "price": "2948.15000000", "time": "2025-07-12T14:10:35.251458Z", "fetched_at": "2025-07-12T14:10:51.567541+00:00", "symbol": "ETH-USD"}, {"trade_id": 665980709, "side": "sell", "size": "0.00206242", "price": "2948.09000000", "time": "2025-07-12T14:10:35.251458Z", "fetched_at": "2025-07-12T14:10:51.567541+00:00", "symbol": "ETH-USD"}, {"trade_id": 665980708, "side": "sell", "size": "1.86946963", "price": "2947.97000000", "time": "2025-07-12T14:10:35.251458Z", "fetched_at": "2025-07-12T14:10:51.567541+00:00", "symbol": "ETH-USD"}, {"trade_id": 665980707, "side": "sell", "size": "0.00442337", "price": "2947.87000000", "time": "2025-07-12T14:10:35.251458Z", "fetched_at": "2025-07-12T14:10:51.567541+00:00", "symbol": "ETH-USD"}, {"trade_id": 665980706, "side": "sell", "size": "0.47250000", "price": "2947.97000000", "time": "2025-07-12T14:10:35.248002Z", "fetched_at": "2025-07-12T14:10:51.567541+00:00", "symbol": "ETH-USD"}, {"trade_id": 665980705, "side": "sell", "size": "0.71263724", "price": "2947.97000000", "time": "2025-07-12T14:10:35.246218Z", "fetched_at": "2025-07-12T14:10:51.567541+00:00", "symbol": "ETH-USD"}, {"trade_id": 665980704, "side": "sell", "size": "0.37750000", "price": "2947.97000000", "time": "2025-07-12T14:10:35.233341Z", "fetched_at": "2025-07-12T14:10:51.567541+00:00", "symbol": "ETH-USD"}, {"trade_id": 665980703, "side": "buy", "size": "0.02886000", "price": "2947.13000000", "time": "2025-07-12T14:10:35.231521Z", "fetched_at": "2025-07-12T14:10:51.567541+00:00", "symbol": "ETH-USD"}, {"trade_id": 665980702, "side": "sell", "size": "1.98736564", "price": "2947.97000000", "time": "2025-07-12T14:10:35.229254Z", "fetched_at": "2025-07-12T14:10:51.567541+00:00", "symbol": "ETH-USD"}, {"trade_id": 665980701, "side": "sell", "size": "0.12912000", "price": "2947.87000000", "time": "2025-07-12T14:10:35.229254Z", "fetched_at": "2025-07-12T14:10:51.567541+00:00", "symbol": "ETH-USD"}, {"trade_id": 665980700, "side": "sell", "size": "0.63782735", "price": "2947.97000000", "time": "2025-07-12T14:10:35.227991Z", "fetched_at": "2025-07-12T14:10:51.567541+00:00", "symbol": "ETH-USD"}, {"trade_id": 665980699, "side": "sell", "size": "0.88638951", "price": "2947.97000000", "time": "2025-07-12T14:10:35.225304Z", "fetched_at": "2025-07-12T14:10:51.567541+00:00", "symbol": "ETH-USD"}, {"trade_id": 665980698, "side": "sell", "size": "0.45641216", "price": "2947.74000000", "time": "2025-07-12T14:10:35.225304Z", "fetched_at": "2025-07-12T14:10:51.567541+00:00", "symbol": "ETH-USD"}, {"trade_id": 665980697, "side": "sell", "size": "2.57526787", "price": "2947.97000000", "time": "2025-07-12T14:10:35.223299Z", "fetched_at": "2025-07-12T14:10:51.567541+00:00", "symbol": "ETH-USD"}, {"trade_id": 665980696, "side": "sell", "size": "1.05063050", "price": "2947.97000000", "time": "2025-07-12T14:10:35.220828Z", "fetched_at": "2025-07-12T14:10:51.567541+00:00", "symbol": "ETH-USD"}, {"trade_id": 665980695, "side": "sell", "size": "0.28858940", "price": "2947.97000000", "time": "2025-07-12T14:10:35.220805Z", "fetched_at": "2025-07-12T14:10:51.567541+00:00", "symbol": "ETH-USD"}, {"trade_id": 665980694, "side": "sell", "size": "1.86246950", "price": "2947.97000000", "time": "2025-07-12T14:10:35.220414Z", "fetched_at": "2025-07-12T14:10:51.567541+00:00", "symbol": "ETH-USD"}, {"trade_id": 665980693, "side": "sell", "size": "0.05325505", "price": "2947.36000000", "time": "2025-07-12T14:10:35.210504Z", "fetched_at": "2025-07-12T14:10:51.567541+00:00", "symbol": "ETH-USD"}, {"trade_id": 665980692, "side": "buy", "size": "0.20000000", "price": "2947.17000000", "time": "2025-07-12T14:10:35.203015Z", "fetched_at": "2025-07-12T14:10:51.567541+00:00", "symbol": "ETH-USD"}, {"trade_id": 665980691, "side": "sell", "size": "0.00050925", "price": "2947.35000000", "time": "2025-07-12T14:10:35.201740Z", "fetched_at": "2025-07-12T14:10:51.567541+00:00", "symbol": "ETH-USD"}, {"trade_id": 665980690, "side": "sell", "size": "0.47250000", "price": "2948.07000000", "time": "2025-07-12T14:10:35.186948Z", "fetched_at": "2025-07-12T14:10:51.567541+00:00", "symbol": "ETH-USD"}, {"trade_id": 665980689, "side": "sell", "size": "0.69859897", "price": "2948.07000000", "time": "2025-07-12T14:10:35.184827Z", "fetched_at": "2025-07-12T14:10:51.567541+00:00", "symbol": "ETH-USD"}, {"trade_id": 665980688, "side": "sell", "size": "1.36065179", "price": "2948.07000000", "time": "2025-07-12T14:10:35.181430Z", "fetched_at": "2025-07-12T14:10:51.567541+00:00", "symbol": "ETH-USD"}, {"trade_id": 665980687, "side": "sell", "size": "4.67730232", "price": "2948.07000000", "time": "2025-07-12T14:10:35.180541Z", "fetched_at": "2025-07-12T14:10:51.567541+00:00", "symbol": "ETH-USD"}, {"trade_id": 665980686, "side": "sell", "size": "0.33921302", "price": "2948.00000000", "time": "2025-07-12T14:10:35.180541Z", "fetched_at": "2025-07-12T14:10:51.567541+00:00", "symbol": "ETH-USD"}, {"trade_id": 665980685, "side": "sell", "size": "0.00100000", "price": "2948.00000000", "time": "2025-07-12T14:10:35.180541Z", "fetched_at": "2025-07-12T14:10:51.567541+00:00", "symbol": "ETH-USD"}, {"trade_id": 665980684, "side": "sell", "size": "0.79628798", "price": "2947.88000000", "time": "2025-07-12T14:10:35.180541Z", "fetched_at": "2025-07-12T14:10:51.567541+00:00", "symbol": "ETH-USD"}, {"trade_id": 665980683, "side": "sell", "size": "0.06266860", "price": "2947.87000000", "time": "2025-07-12T14:10:35.180541Z", "fetched_at": "2025-07-12T14:10:51.567541+00:00", "symbol": "ETH-USD"}, {"trade_id": 665980682, "side": "sell", "size": "0.00884675", "price": "2947.36000000", "time": "2025-07-12T14:10:35.180541Z", "fetched_at": "2025-07-12T14:10:51.567541+00:00", "symbol": "ETH-USD"}, {"trade_id": 665980681, "side": "sell", "size": "0.29023928", "price": "2947.22000000", "time": "2025-07-12T14:10:35.172851Z", "fetched_at": "2025-07-12T14:10:51.567541+00:00", "symbol": "ETH-USD"}, {"trade_id": 665980680, "side": "sell", "size": "1.23464169", "price": "2947.88000000", "time": "2025-07-12T14:10:35.171990Z", "fetched_at": "2025-07-12T14:10:51.567541+00:00", "symbol": "ETH-USD"}, {"trade_id": 665980679, "side": "sell", "size": "1.41119121", "price": "2947.88000000", "time": "2025-07-12T14:10:35.171191Z", "fetched_at": "2025-07-12T14:10:51.567541+00:00", "symbol": "ETH-USD"}, {"trade_id": 665980678, "side": "sell", "size": "0.65018024", "price": "2947.87000000", "time": "2025-07-12T14:10:35.171191Z", "fetched_at": "2025-07-12T14:10:51.567541+00:00", "symbol": "ETH-USD"}, {"trade_id": 665980677, "side": "sell", "size": "0.86743605", "price": "2947.04000000", "time": "2025-07-12T14:10:35.171191Z", "fetched_at": "2025-07-12T14:10:51.567541+00:00", "symbol": "ETH-USD"}, {"trade_id": 665980676, "side": "sell", "size": "0.03270000", "price": "2947.04000000", "time": "2025-07-12T14:10:35.170367Z", "fetched_at": "2025-07-12T14:10:51.567541+00:00", "symbol": "ETH-USD"}, {"trade_id": 665980675, "side": "sell", "size": "0.00110723", "price": "2947.04000000", "time": "2025-07-12T14:10:35.167728Z", "fetched_at": "2025-07-12T14:10:51.567541+00:00", "symbol": "ETH-USD"}, {"trade_id": 665980674, "side": "sell", "size": "0.01769349", "price": "2947.02000000", "time": "2025-07-12T14:10:35.144670Z", "fetched_at": "2025-07-12T14:10:51.567541+00:00", "symbol": "ETH-USD"}, {"trade_id": 665980673, "side": "sell", "size": "0.92450294", "price": "2947.88000000", "time": "2025-07-12T14:10:35.140199Z", "fetched_at": "2025-07-12T14:10:51.567541+00:00", "symbol": "ETH-USD"}, {"trade_id": 665980672, "side": "sell", "size": "0.41159000", "price": "2947.47000000", "time": "2025-07-12T14:10:35.140199Z", "fetched_at": "2025-07-12T14:10:51.567541+00:00", "symbol": "ETH-USD"}, {"trade_id": 665980671, "side": "sell", "size": "3.02004560", "price": "2947.88000000", "time": "2025-07-12T14:10:35.137708Z", "fetched_at": "2025-07-12T14:10:51.567541+00:00", "symbol": "ETH-USD"}, {"trade_id": 665980670, "side": "sell", "size": "0.30767498", "price": "2947.88000000", "time": "2025-07-12T14:10:35.135073Z", "fetched_at": "2025-07-12T14:10:51.567541+00:00", "symbol": "ETH-USD"}, {"trade_id": 665980669, "side": "sell", "size": "0.41199000", "price": "2947.75000000", "time": "2025-07-12T14:10:35.135073Z", "fetched_at": "2025-07-12T14:10:51.567541+00:00", "symbol": "ETH-USD"}, {"trade_id": 665980668, "side": "sell", "size": "0.04705025", "price": "2946.83000000", "time": "2025-07-12T14:10:35.135073Z", "fetched_at": "2025-07-12T14:10:51.567541+00:00", "symbol": "ETH-USD"}, {"trade_id": 665980667, "side": "sell", "size": "0.78633199", "price": "2947.88000000", "time": "2025-07-12T14:10:35.132487Z", "fetched_at": "2025-07-12T14:10:51.567541+00:00", "symbol": "ETH-USD"}