[{"trade_id": 666009615, "side": "sell", "size": "0.08960000", "price": "2909.29000000", "time": "2025-07-12T15:39:29.289419Z", "fetched_at": "2025-07-12T15:39:33.407657+00:00", "symbol": "ETH-USD"}, {"trade_id": 666009614, "side": "buy", "size": "0.24432270", "price": "2909.52000000", "time": "2025-07-12T15:39:28.740516Z", "fetched_at": "2025-07-12T15:39:33.407657+00:00", "symbol": "ETH-USD"}, {"trade_id": 666009613, "side": "buy", "size": "1.17935366", "price": "2909.52000000", "time": "2025-07-12T15:39:28.740317Z", "fetched_at": "2025-07-12T15:39:33.407657+00:00", "symbol": "ETH-USD"}, {"trade_id": 666009612, "side": "buy", "size": "0.01120780", "price": "2909.58000000", "time": "2025-07-12T15:39:28.740317Z", "fetched_at": "2025-07-12T15:39:33.407657+00:00", "symbol": "ETH-USD"}, {"trade_id": 666009611, "side": "buy", "size": "0.00918342", "price": "2909.58000000", "time": "2025-07-12T15:39:28.740317Z", "fetched_at": "2025-07-12T15:39:33.407657+00:00", "symbol": "ETH-USD"}, {"trade_id": 666009610, "side": "buy", "size": "0.00344707", "price": "2909.77000000", "time": "2025-07-12T15:39:28.530267Z", "fetched_at": "2025-07-12T15:39:33.407657+00:00", "symbol": "ETH-USD"}, {"trade_id": 666009609, "side": "sell", "size": "0.03277297", "price": "2909.80000000", "time": "2025-07-12T15:39:27.857591Z", "fetched_at": "2025-07-12T15:39:33.407657+00:00", "symbol": "ETH-USD"}, {"trade_id": 666009608, "side": "sell", "size": "0.00005589", "price": "2909.73000000", "time": "2025-07-12T15:39:27.857591Z", "fetched_at": "2025-07-12T15:39:33.407657+00:00", "symbol": "ETH-USD"}, {"trade_id": 666009607, "side": "sell", "size": "0.00007114", "price": "2909.59000000", "time": "2025-07-12T15:39:27.857591Z", "fetched_at": "2025-07-12T15:39:33.407657+00:00", "symbol": "ETH-USD"}, {"trade_id": 666009606, "side": "buy", "size": "0.00029561", "price": "2909.58000000", "time": "2025-07-12T15:39:27.647443Z", "fetched_at": "2025-07-12T15:39:33.407657+00:00", "symbol": "ETH-USD"}, {"trade_id": 666009605, "side": "buy", "size": "0.00113074", "price": "2909.58000000", "time": "2025-07-12T15:39:27.647443Z", "fetched_at": "2025-07-12T15:39:33.407657+00:00", "symbol": "ETH-USD"}, {"trade_id": 666009604, "side": "buy", "size": "0.00344729", "price": "2909.58000000", "time": "2025-07-12T15:39:27.647443Z", "fetched_at": "2025-07-12T15:39:33.407657+00:00", "symbol": "ETH-USD"}, {"trade_id": 666009603, "side": "sell", "size": "0.00010334", "price": "2909.29000000", "time": "2025-07-12T15:39:27.016023Z", "fetched_at": "2025-07-12T15:39:33.407657+00:00", "symbol": "ETH-USD"}, {"trade_id": 666009602, "side": "sell", "size": "0.03602540", "price": "2909.29000000", "time": "2025-07-12T15:39:27.016023Z", "fetched_at": "2025-07-12T15:39:33.407657+00:00", "symbol": "ETH-USD"}, {"trade_id": 666009601, "side": "sell", "size": "0.85598536", "price": "2909.29000000", "time": "2025-07-12T15:39:27.016023Z", "fetched_at": "2025-07-12T15:39:33.407657+00:00", "symbol": "ETH-USD"}, {"trade_id": 666009600, "side": "sell", "size": "0.00112004", "price": "2909.29000000", "time": "2025-07-12T15:39:27.016023Z", "fetched_at": "2025-07-12T15:39:33.407657+00:00", "symbol": "ETH-USD"}, {"trade_id": 666009599, "side": "buy", "size": "0.00344752", "price": "2909.39000000", "time": "2025-07-12T15:39:26.534120Z", "fetched_at": "2025-07-12T15:39:33.407657+00:00", "symbol": "ETH-USD"}, {"trade_id": 666009598, "side": "buy", "size": "0.00100000", "price": "2909.50000000", "time": "2025-07-12T15:39:26.462501Z", "fetched_at": "2025-07-12T15:39:33.407657+00:00", "symbol": "ETH-USD"}, {"trade_id": 666009597, "side": "buy", "size": "0.00344721", "price": "2909.65000000", "time": "2025-07-12T15:39:26.462501Z", "fetched_at": "2025-07-12T15:39:33.407657+00:00", "symbol": "ETH-USD"}, {"trade_id": 666009596, "side": "buy", "size": "0.00100000", "price": "2909.72000000", "time": "2025-07-12T15:39:26.423382Z", "fetched_at": "2025-07-12T15:39:33.407657+00:00", "symbol": "ETH-USD"}, {"trade_id": 666009595, "side": "buy", "size": "0.72452720", "price": "2909.81000000", "time": "2025-07-12T15:39:26.419624Z", "fetched_at": "2025-07-12T15:39:33.407657+00:00", "symbol": "ETH-USD"}, {"trade_id": 666009594, "side": "buy", "size": "0.45244245", "price": "2909.82000000", "time": "2025-07-12T15:39:26.419472Z", "fetched_at": "2025-07-12T15:39:33.407657+00:00", "symbol": "ETH-USD"}, {"trade_id": 666009593, "side": "buy", "size": "0.40964763", "price": "2909.82000000", "time": "2025-07-12T15:39:26.418220Z", "fetched_at": "2025-07-12T15:39:33.407657+00:00", "symbol": "ETH-USD"}, {"trade_id": 666009592, "side": "buy", "size": "0.17182957", "price": "2909.86000000", "time": "2025-07-12T15:39:26.418220Z", "fetched_at": "2025-07-12T15:39:33.407657+00:00", "symbol": "ETH-USD"}, {"trade_id": 666009591, "side": "buy", "size": "0.04640950", "price": "2909.87000000", "time": "2025-07-12T15:39:26.418220Z", "fetched_at": "2025-07-12T15:39:33.407657+00:00", "symbol": "ETH-USD"}, {"trade_id": 666009590, "side": "buy", "size": "0.05948514", "price": "2909.97000000", "time": "2025-07-12T15:39:26.418220Z", "fetched_at": "2025-07-12T15:39:33.407657+00:00", "symbol": "ETH-USD"}, {"trade_id": 666009589, "side": "buy", "size": "0.02111361", "price": "2909.97000000", "time": "2025-07-12T15:39:26.418220Z", "fetched_at": "2025-07-12T15:39:33.407657+00:00", "symbol": "ETH-USD"}, {"trade_id": 666009588, "side": "buy", "size": "0.00344682", "price": "2909.98000000", "time": "2025-07-12T15:39:26.418220Z", "fetched_at": "2025-07-12T15:39:33.407657+00:00", "symbol": "ETH-USD"}, {"trade_id": 666009587, "side": "buy", "size": "0.06713627", "price": "2910.03000000", "time": "2025-07-12T15:39:26.418220Z", "fetched_at": "2025-07-12T15:39:33.407657+00:00", "symbol": "ETH-USD"}, {"trade_id": 666009586, "side": "sell", "size": "0.08488184", "price": "2910.17000000", "time": "2025-07-12T15:39:26.173185Z", "fetched_at": "2025-07-12T15:39:33.407657+00:00", "symbol": "ETH-USD"}, {"trade_id": 666009585, "side": "sell", "size": "0.16120385", "price": "2910.16000000", "time": "2025-07-12T15:39:26.173185Z", "fetched_at": "2025-07-12T15:39:33.407657+00:00", "symbol": "ETH-USD"}, {"trade_id": 666009584, "side": "sell", "size": "0.05084904", "price": "2910.15000000", "time": "2025-07-12T15:39:26.173185Z", "fetched_at": "2025-07-12T15:39:33.407657+00:00", "symbol": "ETH-USD"}, {"trade_id": 666009583, "side": "sell", "size": "0.02905162", "price": "2910.11000000", "time": "2025-07-12T15:39:26.173185Z", "fetched_at": "2025-07-12T15:39:33.407657+00:00", "symbol": "ETH-USD"}, {"trade_id": 666009582, "side": "sell", "size": "0.12452808", "price": "2910.10000000", "time": "2025-07-12T15:39:26.173185Z", "fetched_at": "2025-07-12T15:39:33.407657+00:00", "symbol": "ETH-USD"}, {"trade_id": 666009581, "side": "sell", "size": "0.04870738", "price": "2910.09000000", "time": "2025-07-12T15:39:26.173185Z", "fetched_at": "2025-07-12T15:39:33.407657+00:00", "symbol": "ETH-USD"}, {"trade_id": 666009580, "side": "sell", "size": "0.08559291", "price": "2910.06000000", "time": "2025-07-12T15:39:26.173185Z", "fetched_at": "2025-07-12T15:39:33.407657+00:00", "symbol": "ETH-USD"}, {"trade_id": 666009579, "side": "sell", "size": "0.07500844", "price": "2909.94000000", "time": "2025-07-12T15:39:26.173185Z", "fetched_at": "2025-07-12T15:39:33.407657+00:00", "symbol": "ETH-USD"}, {"trade_id": 666009578, "side": "sell", "size": "0.00113242", "price": "2909.73000000", "time": "2025-07-12T15:39:26.173185Z", "fetched_at": "2025-07-12T15:39:33.407657+00:00", "symbol": "ETH-USD"}, {"trade_id": 666009577, "side": "sell", "size": "0.00020670", "price": "2909.73000000", "time": "2025-07-12T15:39:26.173185Z", "fetched_at": "2025-07-12T15:39:33.407657+00:00", "symbol": "ETH-USD"}, {"trade_id": 666009576, "side": "buy", "size": "0.00100000", "price": "2909.94000000", "time": "2025-07-12T15:39:25.870141Z", "fetched_at": "2025-07-12T15:39:33.407657+00:00", "symbol": "ETH-USD"}, {"trade_id": 666009575, "side": "buy", "size": "0.03888569", "price": "2910.07000000", "time": "2025-07-12T15:39:25.870141Z", "fetched_at": "2025-07-12T15:39:33.407657+00:00", "symbol": "ETH-USD"}, {"trade_id": 666009574, "side": "buy", "size": "0.02642879", "price": "2910.07000000", "time": "2025-07-12T15:39:25.865760Z", "fetched_at": "2025-07-12T15:39:33.407657+00:00", "symbol": "ETH-USD"}, {"trade_id": 666009573, "side": "buy", "size": "0.00001718", "price": "2910.07000000", "time": "2025-07-12T15:39:25.865760Z", "fetched_at": "2025-07-12T15:39:33.407657+00:00", "symbol": "ETH-USD"}, {"trade_id": 666009572, "side": "buy", "size": "0.00368032", "price": "2910.07000000", "time": "2025-07-12T15:39:25.865760Z", "fetched_at": "2025-07-12T15:39:33.407657+00:00", "symbol": "ETH-USD"}, {"trade_id": 666009571, "side": "buy", "size": "0.03710938", "price": "2910.07000000", "time": "2025-07-12T15:39:25.865760Z", "fetched_at": "2025-07-12T15:39:33.407657+00:00", "symbol": "ETH-USD"}, {"trade_id": 666009570, "side": "buy", "size": "0.03888569", "price": "2910.14000000", "time": "2025-07-12T15:39:25.865760Z", "fetched_at": "2025-07-12T15:39:33.407657+00:00", "symbol": "ETH-USD"}, {"trade_id": 666009569, "side": "buy", "size": "0.43669749", "price": "2910.11000000", "time": "2025-07-12T15:39:25.860704Z", "fetched_at": "2025-07-12T15:39:33.407657+00:00", "symbol": "ETH-USD"}, {"trade_id": 666009568, "side": "buy", "size": "0.42237656", "price": "2910.11000000", "time": "2025-07-12T15:39:25.859806Z", "fetched_at": "2025-07-12T15:39:33.407657+00:00", "symbol": "ETH-USD"}, {"trade_id": 666009567, "side": "buy", "size": "0.17181372", "price": "2910.12000000", "time": "2025-07-12T15:39:25.859806Z", "fetched_at": "2025-07-12T15:39:33.407657+00:00", "symbol": "ETH-USD"}, {"trade_id": 666009566, "side": "buy", "size": "0.24604976", "price": "2910.13000000", "time": "2025-07-12T15:39:25.858631Z", "fetched_at": "2025-07-12T15:39:33.407657+00:00", "symbol": "ETH-USD"}, {"trade_id": 666009565, "side": "buy", "size": "0.55215284", "price": "2910.16000000", "time": "2025-07-12T15:39:25.856788Z", "fetched_at": "2025-07-12T15:39:33.407657+00:00", "symbol": "ETH-USD"}, {"trade_id": 666009564, "side": "buy", "size": "0.13170469", "price": "2910.17000000", "time": "2025-07-12T15:39:25.856788Z", "fetched_at": "2025-07-12T15:39:33.407657+00:00", "symbol": "ETH-USD"}, {"trade_id": 666009563, "side": "buy", "size": "0.03442505", "price": "2910.38000000", "time": "2025-07-12T15:39:25.856788Z", "fetched_at": "2025-07-12T15:39:33.407657+00:00", "symbol": "ETH-USD"}, {"trade_id": 666009562, "side": "buy", "size": "0.01185755", "price": "2910.38000000", "time": "2025-07-12T15:39:25.856788Z", "fetched_at": "2025-07-12T15:39:33.407657+00:00", "symbol": "ETH-USD"}, {"trade_id": 666009561, "side": "buy", "size": "0.00344635", "price": "2910.38000000", "time": "2025-07-12T15:39:25.856788Z", "fetched_at": "2025-07-12T15:39:33.407657+00:00", "symbol": "ETH-USD"}, {"trade_id": 666009560, "side": "buy", "size": "0.00087263", "price": "2910.38000000", "time": "2025-07-12T15:39:25.856788Z", "fetched_at": "2025-07-12T15:39:33.407657+00:00", "symbol": "ETH-USD"}, {"trade_id": 666009559, "side": "buy", "size": "0.01906301", "price": "2910.38000000", "time": "2025-07-12T15:39:24.940583Z", "fetched_at": "2025-07-12T15:39:33.407657+00:00", "symbol": "ETH-USD"}, {"trade_id": 666009558, "side": "buy", "size": "0.00344635", "price": "2910.38000000", "time": "2025-07-12T15:39:24.940583Z", "fetched_at": "2025-07-12T15:39:33.407657+00:00", "symbol": "ETH-USD"}, {"trade_id": 666009557, "side": "sell", "size": "0.00002249", "price": "2910.39000000", "time": "2025-07-12T15:39:24.722334Z", "fetched_at": "2025-07-12T15:39:33.407657+00:00", "symbol": "ETH-USD"}, {"trade_id": 666009556, "side": "sell", "size": "0.01199751", "price": "2910.39000000", "time": "2025-07-12T15:39:24.722334Z", "fetched_at": "2025-07-12T15:39:33.407657+00:00", "symbol": "ETH-USD"}, {"trade_id": 666009555, "side": "sell", "size": "0.05699842", "price": "2910.08000000", "time": "2025-07-12T15:39:24.298458Z", "fetched_at": "2025-07-12T15:39:33.407657+00:00", "symbol": "ETH-USD"}, {"trade_id": 666009554, "side": "buy", "size": "0.01958029", "price": "2910.07000000", "time": "2025-07-12T15:39:24.079701Z", "fetched_at": "2025-07-12T15:39:33.407657+00:00", "symbol": "ETH-USD"}, {"trade_id": 666009553, "side": "buy", "size": "0.00344670", "price": "2910.08000000", "time": "2025-07-12T15:39:24.079701Z", "fetched_at": "2025-07-12T15:39:33.407657+00:00", "symbol": "ETH-USD"}, {"trade_id": 666009552, "side": "buy", "size": "0.00100000", "price": "2910.16000000", "time": "2025-07-12T15:39:24.079701Z", "fetched_at": "2025-07-12T15:39:33.407657+00:00", "symbol": "ETH-USD"}, {"trade_id": 666009551, "side": "buy", "size": "0.01779149", "price": "2910.38000000", "time": "2025-07-12T15:39:24.079701Z", "fetched_at": "2025-07-12T15:39:33.407657+00:00", "symbol": "ETH-USD"}, {"trade_id": 666009550, "side": "buy", "size": "0.05714717", "price": "2910.38000000", "time": "2025-07-12T15:39:24.079701Z", "fetched_at": "2025-07-12T15:39:33.407657+00:00", "symbol": "ETH-USD"}, {"trade_id": 666009549, "side": "buy", "size": "0.00002405", "price": "2910.38000000", "time": "2025-07-12T15:39:24.079701Z", "fetched_at": "2025-07-12T15:39:33.407657+00:00", "symbol": "ETH-USD"}, {"trade_id": 666009548, "side": "buy", "size": "0.00001030", "price": "2910.38000000", "time": "2025-07-12T15:39:24.079701Z", "fetched_at": "2025-07-12T15:39:33.407657+00:00", "symbol": "ETH-USD"}, {"trade_id": 666009547, "side": "buy", "size": "0.00100000", "price": "2910.38000000", "time": "2025-07-12T15:39:24.079701Z", "fetched_at": "2025-07-12T15:39:33.407657+00:00", "symbol": "ETH-USD"}, {"trade_id": 666009546, "side": "sell", "size": "0.00005868", "price": "2910.39000000", "time": "2025-07-12T15:39:23.179231Z", "fetched_at": "2025-07-12T15:39:33.407657+00:00", "symbol": "ETH-USD"}, {"trade_id": 666009545, "side": "sell", "size": "0.00005589", "price": "2910.39000000", "time": "2025-07-12T15:39:23.179231Z", "fetched_at": "2025-07-12T15:39:33.407657+00:00", "symbol": "ETH-USD"}, {"trade_id": 666009544, "side": "sell", "size": "0.00031001", "price": "2910.39000000", "time": "2025-07-12T15:39:23.179231Z", "fetched_at": "2025-07-12T15:39:33.407657+00:00", "symbol": "ETH-USD"}, {"trade_id": 666009543, "side": "buy", "size": "0.05090873", "price": "2910.60000000", "time": "2025-07-12T15:39:21.291938Z", "fetched_at": "2025-07-12T15:39:33.407657+00:00", "symbol": "ETH-USD"}, {"trade_id": 666009542, "side": "buy", "size": "0.01143402", "price": "2910.61000000", "time": "2025-07-12T15:39:21.291938Z", "fetched_at": "2025-07-12T15:39:33.407657+00:00", "symbol": "ETH-USD"}, {"trade_id": 666009541, "side": "buy", "size": "0.02325972", "price": "2910.61000000", "time": "2025-07-12T15:39:21.291938Z", "fetched_at": "2025-07-12T15:39:33.407657+00:00", "symbol": "ETH-USD"}, {"trade_id": 666009540, "side": "buy", "size": "0.00001030", "price": "2910.61000000", "time": "2025-07-12T15:39:21.291938Z", "fetched_at": "2025-07-12T15:39:33.407657+00:00", "symbol": "ETH-USD"}, {"trade_id": 666009539, "side": "buy", "size": "0.01155771", "price": "2910.61000000", "time": "2025-07-12T15:39:21.291938Z", "fetched_at": "2025-07-12T15:39:33.407657+00:00", "symbol": "ETH-USD"}, {"trade_id": 666009538, "side": "buy", "size": "0.03358564", "price": "2910.61000000", "time": "2025-07-12T15:39:21.291938Z", "fetched_at": "2025-07-12T15:39:33.407657+00:00", "symbol": "ETH-USD"}, {"trade_id": 666009537, "side": "buy", "size": "0.00444923", "price": "2910.61000000", "time": "2025-07-12T15:39:21.291938Z", "fetched_at": "2025-07-12T15:39:33.407657+00:00", "symbol": "ETH-USD"}, {"trade_id": 666009536, "side": "buy", "size": "0.01082590", "price": "2910.61000000", "time": "2025-07-12T15:39:21.291938Z", "fetched_at": "2025-07-12T15:39:33.407657+00:00", "symbol": "ETH-USD"}, {"trade_id": 666009535, "side": "sell", "size": "0.10029494", "price": "2910.62000000", "time": "2025-07-12T15:39:21.060141Z", "fetched_at": "2025-07-12T15:39:33.407657+00:00", "symbol": "ETH-USD"}, {"trade_id": 666009534, "side": "sell", "size": "0.04224057", "price": "2911.17000000", "time": "2025-07-12T15:39:17.728630Z", "fetched_at": "2025-07-12T15:39:33.407657+00:00", "symbol": "ETH-USD"}, {"trade_id": 666009533, "side": "sell", "size": "0.02365681", "price": "2910.99000000", "time": "2025-07-12T15:39:17.728630Z", "fetched_at": "2025-07-12T15:39:33.407657+00:00", "symbol": "ETH-USD"}, {"trade_id": 666009532, "side": "sell", "size": "0.00082655", "price": "2910.98000000", "time": "2025-07-12T15:39:17.728630Z", "fetched_at": "2025-07-12T15:39:33.407657+00:00", "symbol": "ETH-USD"}, {"trade_id": 666009531, "side": "buy", "size": "0.00258195", "price": "2910.60000000", "time": "2025-07-12T15:39:17.578591Z", "fetched_at": "2025-07-12T15:39:33.407657+00:00", "symbol": "ETH-USD"}, {"trade_id": 666009530, "side": "buy", "size": "0.01792757", "price": "2910.60000000", "time": "2025-07-12T15:39:17.578591Z", "fetched_at": "2025-07-12T15:39:33.407657+00:00", "symbol": "ETH-USD"}, {"trade_id": 666009529, "side": "buy", "size": "0.00100000", "price": "2910.60000000", "time": "2025-07-12T15:39:17.578591Z", "fetched_at": "2025-07-12T15:39:33.407657+00:00", "symbol": "ETH-USD"}, {"trade_id": 666009528, "side": "sell", "size": "0.00005588", "price": "2910.61000000", "time": "2025-07-12T15:39:17.186881Z", "fetched_at": "2025-07-12T15:39:33.407657+00:00", "symbol": "ETH-USD"}, {"trade_id": 666009527, "side": "sell", "size": "0.00024001", "price": "2910.61000000", "time": "2025-07-12T15:39:17.186881Z", "fetched_at": "2025-07-12T15:39:33.407657+00:00", "symbol": "ETH-USD"}, {"trade_id": 666009526, "side": "sell", "size": "0.00031000", "price": "2910.61000000", "time": "2025-07-12T15:39:17.186881Z", "fetched_at": "2025-07-12T15:39:33.407657+00:00", "symbol": "ETH-USD"}, {"trade_id": 666009525, "side": "buy", "size": "0.04627850", "price": "2910.82000000", "time": "2025-07-12T15:39:16.230372Z", "fetched_at": "2025-07-12T15:39:33.407657+00:00", "symbol": "ETH-USD"}, {"trade_id": 666009524, "side": "buy", "size": "0.00100000", "price": "2910.82000000", "time": "2025-07-12T15:39:16.230372Z", "fetched_at": "2025-07-12T15:39:33.407657+00:00", "symbol": "ETH-USD"}, {"trade_id": 666009523, "side": "buy", "size": "0.48034465", "price": "2910.99000000", "time": "2025-07-12T15:39:15.988958Z", "fetched_at": "2025-07-12T15:39:33.407657+00:00", "symbol": "ETH-USD"}, {"trade_id": 666009522, "side": "buy", "size": "0.00344561", "price": "2911.00000000", "time": "2025-07-12T15:39:15.988958Z", "fetched_at": "2025-07-12T15:39:33.407657+00:00", "symbol": "ETH-USD"}, {"trade_id": 666009521, "side": "buy", "size": "0.00100000", "price": "2911.04000000", "time": "2025-07-12T15:39:15.988958Z", "fetched_at": "2025-07-12T15:39:33.407657+00:00", "symbol": "ETH-USD"}, {"trade_id": 666009520, "side": "buy", "size": "0.30000000", "price": "2911.10000000", "time": "2025-07-12T15:39:15.988958Z", "fetched_at": "2025-07-12T15:39:33.407657+00:00", "symbol": "ETH-USD"}, {"trade_id": 666009519, "side": "buy", "size": "0.30000000", "price": "2911.20000000", "time": "2025-07-12T15:39:15.988628Z", "fetched_at": "2025-07-12T15:39:33.407657+00:00", "symbol": "ETH-USD"}, {"trade_id": 666009518, "side": "buy", "size": "0.01541257", "price": "2911.26000000", "time": "2025-07-12T15:39:15.988628Z", "fetched_at": "2025-07-12T15:39:33.407657+00:00", "symbol": "ETH-USD"}, {"trade_id": 666009517, "side": "buy", "size": "0.01551905", "price": "2911.26000000", "time": "2025-07-12T15:39:15.988628Z", "fetched_at": "2025-07-12T15:39:33.407657+00:00", "symbol": "ETH-USD"}, {"trade_id": 666009516, "side": "buy", "size": "0.00166938", "price": "2911.26000000", "time": "2025-07-12T15:39:15.988628Z", "fetched_at": "2025-07-12T15:39:33.407657+00:00", "symbol": "ETH-USD"}, {"trade_id": 666009515, "side": "buy", "size": "0.00100000", "price": "2911.26000000", "time": "2025-07-12T15:39:15.988628Z", "fetched_at": "2025-07-12T15:39:33.407657+00:00", "symbol": "ETH-USD"}, {"trade_id": 666009514, "side": "buy", "size": "0.04900000", "price": "2911.35000000", "time": "2025-07-12T15:39:14.830546Z", "fetched_at": "2025-07-12T15:39:33.407657+00:00", "symbol": "ETH-USD"}, {"trade_id": 666009513, "side": "buy", "size": "0.00100000", "price": "2911.48000000", "time": "2025-07-12T15:39:14.830546Z", "fetched_at": "2025-07-12T15:39:33.407657+00:00", "symbol": "ETH-USD"}, {"trade_id": 666009512, "side": "sell", "size": "0.00834502", "price": "2911.49000000", "time": "2025-07-12T15:39:14.309160Z", "fetched_at": "2025-07-12T15:39:33.407657+00:00", "symbol": "ETH-USD"}, {"trade_id": 666009511, "side": "buy", "size": "0.30000000", "price": "2911.60000000", "time": "2025-07-12T15:39:13.192428Z", "fetched_at": "2025-07-12T15:39:33.407657+00:00", "symbol": "ETH-USD"}, {"trade_id": 666009510, "side": "buy", "size": "0.26518396", "price": "2911.65000000", "time": "2025-07-12T15:39:13.192428Z", "fetched_at": "2025-07-12T15:39:33.407657+00:00", "symbol": "ETH-USD"}, {"trade_id": 666009509, "side": "sell", "size": "0.10874000", "price": "2911.89000000", "time": "2025-07-12T15:39:12.251376Z", "fetched_at": "2025-07-12T15:39:33.407657+00:00", "symbol": "ETH-USD"}, {"trade_id": 666009508, "side": "sell", "size": "0.04766284", "price": "2911.80000000", "time": "2025-07-12T15:39:12.240132Z", "fetched_at": "2025-07-12T15:39:33.407657+00:00", "symbol": "ETH-USD"}, {"trade_id": 666009507, "side": "sell", "size": "0.00005589", "price": "2911.80000000", "time": "2025-07-12T15:39:12.240132Z", "fetched_at": "2025-07-12T15:39:33.407657+00:00", "symbol": "ETH-USD"}, {"trade_id": 666009506, "side": "sell", "size": "0.00024001", "price": "2911.80000000", "time": "2025-07-12T15:39:12.240132Z", "fetched_at": "2025-07-12T15:39:33.407657+00:00", "symbol": "ETH-USD"}, {"trade_id": 666009505, "side": "sell", "size": "0.00030999", "price": "2911.80000000", "time": "2025-07-12T15:39:12.240132Z", "fetched_at": "2025-07-12T15:39:33.407657+00:00", "symbol": "ETH-USD"}, {"trade_id": 666009504, "side": "sell", "size": "0.10873996", "price": "2912.33000000", "time": "2025-07-12T15:39:10.968498Z", "fetched_at": "2025-07-12T15:39:33.407657+00:00", "symbol": "ETH-USD"}, {"trade_id": 666009503, "side": "sell", "size": "0.00000004", "price": "2912.13000000", "time": "2025-07-12T15:39:10.968498Z", "fetched_at": "2025-07-12T15:39:33.407657+00:00", "symbol": "ETH-USD"}, {"trade_id": 666009502, "side": "sell", "size": "0.08030000", "price": "2912.13000000", "time": "2025-07-12T15:39:10.967264Z", "fetched_at": "2025-07-12T15:39:33.407657+00:00", "symbol": "ETH-USD"}, {"trade_id": 666009501, "side": "buy", "size": "0.14977000", "price": "2912.10000000", "time": "2025-07-12T15:39:10.961752Z", "fetched_at": "2025-07-12T15:39:33.407657+00:00", "symbol": "ETH-USD"}, {"trade_id": 666009500, "side": "sell", "size": "3.23383172", "price": "2912.65000000", "time": "2025-07-12T15:39:10.957169Z", "fetched_at": "2025-07-12T15:39:33.407657+00:00", "symbol": "ETH-USD"}, {"trade_id": 666009499, "side": "sell", "size": "2.30162020", "price": "2912.55000000", "time": "2025-07-12T15:39:10.957169Z", "fetched_at": "2025-07-12T15:39:33.407657+00:00", "symbol": "ETH-USD"}, {"trade_id": 666009498, "side": "sell", "size": "0.36000000", "price": "2912.52000000", "time": "2025-07-12T15:39:10.957169Z", "fetched_at": "2025-07-12T15:39:33.407657+00:00", "symbol": "ETH-USD"}, {"trade_id": 666009497, "side": "sell", "size": "0.68702860", "price": "2912.51000000", "time": "2025-07-12T15:39:10.957169Z", "fetched_at": "2025-07-12T15:39:33.407657+00:00", "symbol": "ETH-USD"}, {"trade_id": 666009496, "side": "sell", "size": "0.40000000", "price": "2912.45000000", "time": "2025-07-12T15:39:10.957169Z", "fetched_at": "2025-07-12T15:39:33.407657+00:00", "symbol": "ETH-USD"}, {"trade_id": 666009495, "side": "sell", "size": "0.20000000", "price": "2912.45000000", "time": "2025-07-12T15:39:10.957169Z", "fetched_at": "2025-07-12T15:39:33.407657+00:00", "symbol": "ETH-USD"}, {"trade_id": 666009494, "side": "sell", "size": "0.25236373", "price": "2912.44000000", "time": "2025-07-12T15:39:10.957169Z", "fetched_at": "2025-07-12T15:39:33.407657+00:00", "symbol": "ETH-USD"}, {"trade_id": 666009493, "side": "sell", "size": "1.75195914", "price": "2912.40000000", "time": "2025-07-12T15:39:10.957169Z", "fetched_at": "2025-07-12T15:39:33.407657+00:00", "symbol": "ETH-USD"}, {"trade_id": 666009492, "side": "sell", "size": "0.00100000", "price": "2912.36000000", "time": "2025-07-12T15:39:10.957169Z", "fetched_at": "2025-07-12T15:39:33.407657+00:00", "symbol": "ETH-USD"}, {"trade_id": 666009491, "side": "sell", "size": "0.16780281", "price": "2912.30000000", "time": "2025-07-12T15:39:10.957169Z", "fetched_at": "2025-07-12T15:39:33.407657+00:00", "symbol": "ETH-USD"}, {"trade_id": 666009490, "side": "sell", "size": "0.00005589", "price": "2912.19000000", "time": "2025-07-12T15:39:10.957169Z", "fetched_at": "2025-07-12T15:39:33.407657+00:00", "symbol": "ETH-USD"}, {"trade_id": 666009489, "side": "sell", "size": "0.00024001", "price": "2912.19000000", "time": "2025-07-12T15:39:10.957169Z", "fetched_at": "2025-07-12T15:39:33.407657+00:00", "symbol": "ETH-USD"}, {"trade_id": 666009488, "side": "sell", "size": "0.00031001", "price": "2912.19000000", "time": "2025-07-12T15:39:10.957169Z", "fetched_at": "2025-07-12T15:39:33.407657+00:00", "symbol": "ETH-USD"}, {"trade_id": 666009487, "side": "sell", "size": "0.18192397", "price": "2912.17000000", "time": "2025-07-12T15:39:10.957169Z", "fetched_at": "2025-07-12T15:39:33.407657+00:00", "symbol": "ETH-USD"}, {"trade_id": 666009486, "side": "sell", "size": "0.61765070", "price": "2912.15000000", "time": "2025-07-12T15:39:10.957169Z", "fetched_at": "2025-07-12T15:39:33.407657+00:00", "symbol": "ETH-USD"}, {"trade_id": 666009485, "side": "sell", "size": "0.00100000", "price": "2912.14000000", "time": "2025-07-12T15:39:10.957169Z", "fetched_at": "2025-07-12T15:39:33.407657+00:00", "symbol": "ETH-USD"}, {"trade_id": 666009484, "side": "sell", "size": "0.47250000", "price": "2912.12000000", "time": "2025-07-12T15:39:10.953992Z", "fetched_at": "2025-07-12T15:39:33.407657+00:00", "symbol": "ETH-USD"}, {"trade_id": 666009483, "side": "sell", "size": "0.58710154", "price": "2912.11000000", "time": "2025-07-12T15:39:10.953992Z", "fetched_at": "2025-07-12T15:39:33.407657+00:00", "symbol": "ETH-USD"}, {"trade_id": 666009482, "side": "sell", "size": "0.13496959", "price": "2912.09000000", "time": "2025-07-12T15:39:10.953992Z", "fetched_at": "2025-07-12T15:39:33.407657+00:00", "symbol": "ETH-USD"}, {"trade_id": 666009481, "side": "sell", "size": "0.72352150", "price": "2912.09000000", "time": "2025-07-12T15:39:10.953942Z", "fetched_at": "2025-07-12T15:39:33.407657+00:00", "symbol": "ETH-USD"}, {"trade_id": 666009480, "side": "sell", "size": "0.07705317", "price": "2912.08000000", "time": "2025-07-12T15:39:10.953942Z", "fetched_at": "2025-07-12T15:39:33.407657+00:00", "symbol": "ETH-USD"}, {"trade_id": 666009479, "side": "sell", "size": "0.06557065", "price": "2911.98000000", "time": "2025-07-12T15:39:10.953603Z", "fetched_at": "2025-07-12T15:39:33.407657+00:00", "symbol": "ETH-USD"}, {"trade_id": 666009478, "side": "sell", "size": "0.07426653", "price": "2911.97000000", "time": "2025-07-12T15:39:10.953603Z", "fetched_at": "2025-07-12T15:39:33.407657+00:00", "symbol": "ETH-USD"}, {"trade_id": 666009477, "side": "sell", "size": "0.64522886", "price": "2911.96000000", "time": "2025-07-12T15:39:10.953603Z", "fetched_at": "2025-07-12T15:39:33.407657+00:00", "symbol": "ETH-USD"}, {"trade_id": 666009476, "side": "sell", "size": "0.36260000", "price": "2911.94000000", "time": "2025-07-12T15:39:10.953603Z", "fetched_at": "2025-07-12T15:39:33.407657+00:00", "symbol": "ETH-USD"}, {"trade_id": 666009475, "side": "sell", "size": "0.30653819", "price": "2911.93000000", "time": "2025-07-12T15:39:10.953603Z", "fetched_at": "2025-07-12T15:39:33.407657+00:00", "symbol": "ETH-USD"}, {"trade_id": 666009474, "side": "sell", "size": "0.32247268", "price": "2911.92000000", "time": "2025-07-12T15:39:10.953603Z", "fetched_at": "2025-07-12T15:39:33.407657+00:00", "symbol": "ETH-USD"}, {"trade_id": 666009473, "side": "sell", "size": "0.00100000", "price": "2911.92000000", "time": "2025-07-12T15:39:10.953603Z", "fetched_at": "2025-07-12T15:39:33.407657+00:00", "symbol": "ETH-USD"}, {"trade_id": 666009472, "side": "sell", "size": "0.80000000", "price": "2911.89000000", "time": "2025-07-12T15:39:10.953603Z", "fetched_at": "2025-07-12T15:39:33.407657+00:00", "symbol": "ETH-USD"}, {"trade_id": 666009471, "side": "sell", "size": "0.40000000", "price": "2911.89000000", "time": "2025-07-12T15:39:10.953603Z", "fetched_at": "2025-07-12T15:39:33.407657+00:00", "symbol": "ETH-USD"}, {"trade_id": 666009470, "side": "sell", "size": "0.20000000", "price": "2911.89000000", "time": "2025-07-12T15:39:10.953603Z", "fetched_at": "2025-07-12T15:39:33.407657+00:00", "symbol": "ETH-USD"}, {"trade_id": 666009469, "side": "sell", "size": "0.36010984", "price": "2911.83000000", "time": "2025-07-12T15:39:10.953603Z", "fetched_at": "2025-07-12T15:39:33.407657+00:00", "symbol": "ETH-USD"}, {"trade_id": 666009468, "side": "sell", "size": "0.47250000", "price": "2911.82000000", "time": "2025-07-12T15:39:10.953603Z", "fetched_at": "2025-07-12T15:39:33.407657+00:00", "symbol": "ETH-USD"}, {"trade_id": 666009467, "side": "sell", "size": "1.64513739", "price": "2911.81000000", "time": "2025-07-12T15:39:10.953603Z", "fetched_at": "2025-07-12T15:39:33.407657+00:00", "symbol": "ETH-USD"}, {"trade_id": 666009466, "side": "sell", "size": "0.82251281", "price": "2911.80000000", "time": "2025-07-12T15:39:10.953603Z", "fetched_at": "2025-07-12T15:39:33.407657+00:00", "symbol": "ETH-USD"}, {"trade_id": 666009465, "side": "sell", "size": "0.09096198", "price": "2911.75000000", "time": "2025-07-12T15:39:10.953603Z", "fetched_at": "2025-07-12T15:39:33.407657+00:00", "symbol": "ETH-USD"}, {"trade_id": 666009464, "side": "sell", "size": "0.85859077", "price": "2911.75000000", "time": "2025-07-12T15:39:10.953603Z", "fetched_at": "2025-07-12T15:39:33.407657+00:00", "symbol": "ETH-USD"}, {"trade_id": 666009463, "side": "sell", "size": "0.01068967", "price": "2911.68000000", "time": "2025-07-12T15:39:10.953450Z", "fetched_at": "2025-07-12T15:39:33.407657+00:00", "symbol": "ETH-USD"}, {"trade_id": 666009462, "side": "sell", "size": "0.42148951", "price": "2911.67000000", "time": "2025-07-12T15:39:10.953450Z", "fetched_at": "2025-07-12T15:39:33.407657+00:00", "symbol": "ETH-USD"}, {"trade_id": 666009461, "side": "sell", "size": "0.57614545", "price": "2911.67000000", "time": "2025-07-12T15:39:10.953450Z", "fetched_at": "2025-07-12T15:39:33.407657+00:00", "symbol": "ETH-USD"}, {"trade_id": 666009460, "side": "sell", "size": "0.19680368", "price": "2911.66000000", "time": "2025-07-12T15:39:10.953450Z", "fetched_at": "2025-07-12T15:39:33.407657+00:00", "symbol": "ETH-USD"}, {"trade_id": 666009459, "side": "sell", "size": "0.08333765", "price": "2911.57000000", "time": "2025-07-12T15:39:10.953450Z", "fetched_at": "2025-07-12T15:39:33.407657+00:00", "symbol": "ETH-USD"}, {"trade_id": 666009458, "side": "sell", "size": "0.17173187", "price": "2911.52000000", "time": "2025-07-12T15:39:10.953037Z", "fetched_at": "2025-07-12T15:39:33.407657+00:00", "symbol": "ETH-USD"}, {"trade_id": 666009457, "side": "sell", "size": "0.30000000", "price": "2911.40000000", "time": "2025-07-12T15:39:10.953037Z", "fetched_at": "2025-07-12T15:39:33.407657+00:00", "symbol": "ETH-USD"}, {"trade_id": 666009456, "side": "sell", "size": "0.30000000", "price": "2911.30000000", "time": "2025-07-12T15:39:10.953037Z", "fetched_at": "2025-07-12T15:39:33.407657+00:00", "symbol": "ETH-USD"}, {"trade_id": 666009455, "side": "sell", "size": "0.54000000", "price": "2911.29000000", "time": "2025-07-12T15:39:10.953037Z", "fetched_at": "2025-07-12T15:39:33.407657+00:00", "symbol": "ETH-USD"}, {"trade_id": 666009454, "side": "sell", "size": "0.00096289", "price": "2911.27000000", "time": "2025-07-12T15:39:10.953037Z", "fetched_at": "2025-07-12T15:39:33.407657+00:00", "symbol": "ETH-USD"}, {"trade_id": 666009453, "side": "sell", "size": "0.03437547", "price": "2911.27000000", "time": "2025-07-12T15:39:10.953037Z", "fetched_at": "2025-07-12T15:39:33.407657+00:00", "symbol": "ETH-USD"}, {"trade_id": 666009452, "side": "sell", "size": "0.00010336", "price": "2911.27000000", "time": "2025-07-12T15:39:10.953037Z", "fetched_at": "2025-07-12T15:39:33.407657+00:00", "symbol": "ETH-USD"}, {"trade_id": 666009451, "side": "sell", "size": "0.10874000", "price": "2911.27000000", "time": "2025-07-12T15:39:10.953037Z", "fetched_at": "2025-07-12T15:39:33.407657+00:00", "symbol": "ETH-USD"}, {"trade_id": 666009450, "side": "buy", "size": "0.00100000", "price": "2911.48000000", "time": "2025-07-12T15:39:08.024500Z", "fetched_at": "2025-07-12T15:39:33.407657+00:00", "symbol": "ETH-USD"}, {"trade_id": 666009449, "side": "buy", "size": "0.00003091", "price": "2911.51000000", "time": "2025-07-12T15:39:08.024500Z", "fetched_at": "2025-07-12T15:39:33.407657+00:00", "symbol": "ETH-USD"}, {"trade_id": 666009448, "side": "buy", "size": "0.00661512", "price": "2911.51000000", "time": "2025-07-12T15:39:08.024500Z", "fetched_at": "2025-07-12T15:39:33.407657+00:00", "symbol": "ETH-USD"}, {"trade_id": 666009447, "side": "buy", "size": "0.42534720", "price": "2911.51000000", "time": "2025-07-12T15:39:08.024500Z", "fetched_at": "2025-07-12T15:39:33.407657+00:00", "symbol": "ETH-USD"}, {"trade_id": 666009446, "side": "buy", "size": "0.00100000", "price": "2911.70000000", "time": "2025-07-12T15:39:06.773352Z", "fetched_at": "2025-07-12T15:39:33.407657+00:00", "symbol": "ETH-USD"}, {"trade_id": 666009445, "side": "buy", "size": "0.00100000", "price": "2911.92000000", "time": "2025-07-12T15:39:06.750516Z", "fetched_at": "2025-07-12T15:39:33.407657+00:00", "symbol": "ETH-USD"}, {"trade_id": 666009444, "side": "buy", "size": "0.00008569", "price": "2912.01000000", "time": "2025-07-12T15:39:06.739944Z", "fetched_at": "2025-07-12T15:39:33.407657+00:00", "symbol": "ETH-USD"}, {"trade_id": 666009443, "side": "buy", "size": "0.00670000", "price": "2912.01000000", "time": "2025-07-12T15:39:06.739641Z", "fetched_at": "2025-07-12T15:39:33.407657+00:00", "symbol": "ETH-USD"}, {"trade_id": 666009442, "side": "buy", "size": "0.00100000", "price": "2912.14000000", "time": "2025-07-12T15:39:06.554788Z", "fetched_at": "2025-07-12T15:39:33.407657+00:00", "symbol": "ETH-USD"}, {"trade_id": 666009441, "side": "buy", "size": "0.14115227", "price": "2912.18000000", "time": "2025-07-12T15:39:06.554788Z", "fetched_at": "2025-07-12T15:39:33.407657+00:00", "symbol": "ETH-USD"}, {"trade_id": 666009440, "side": "buy", "size": "0.00344000", "price": "2912.18000000", "time": "2025-07-12T15:39:06.133580Z", "fetched_at": "2025-07-12T15:39:33.407657+00:00", "symbol": "ETH-USD"}, {"trade_id": 666009439, "side": "buy", "size": "0.06979020", "price": "2912.30000000", "time": "2025-07-12T15:39:06.133467Z", "fetched_at": "2025-07-12T15:39:33.407657+00:00", "symbol": "ETH-USD"}, {"trade_id": 666009438, "side": "buy", "size": "0.03828589", "price": "2912.30000000", "time": "2025-07-12T15:39:06.133467Z", "fetched_at": "2025-07-12T15:39:33.407657+00:00", "symbol": "ETH-USD"}, {"trade_id": 666009437, "side": "buy", "size": "0.00100000", "price": "2912.36000000", "time": "2025-07-12T15:39:06.030324Z", "fetched_at": "2025-07-12T15:39:33.407657+00:00", "symbol": "ETH-USD"}, {"trade_id": 666009436, "side": "buy", "size": "0.40424386", "price": "2912.43000000", "time": "2025-07-12T15:39:06.026431Z", "fetched_at": "2025-07-12T15:39:33.407657+00:00", "symbol": "ETH-USD"}, {"trade_id": 666009435, "side": "buy", "size": "0.04294889", "price": "2912.52000000", "time": "2025-07-12T15:39:06.026298Z", "fetched_at": "2025-07-12T15:39:33.407657+00:00", "symbol": "ETH-USD"}, {"trade_id": 666009434, "side": "buy", "size": "0.38244077", "price": "2912.57000000", "time": "2025-07-12T15:39:06.026298Z", "fetched_at": "2025-07-12T15:39:33.407657+00:00", "symbol": "ETH-USD"}, {"trade_id": 666009433, "side": "buy", "size": "0.00344374", "price": "2912.58000000", "time": "2025-07-12T15:39:06.026298Z", "fetched_at": "2025-07-12T15:39:33.407657+00:00", "symbol": "ETH-USD"}, {"trade_id": 666009432, "side": "buy", "size": "0.39899597", "price": "2912.74000000", "time": "2025-07-12T15:39:06.025995Z", "fetched_at": "2025-07-12T15:39:33.407657+00:00", "symbol": "ETH-USD"}, {"trade_id": 666009431, "side": "buy", "size": "0.26810507", "price": "2912.76000000", "time": "2025-07-12T15:39:05.754796Z", "fetched_at": "2025-07-12T15:39:33.407657+00:00", "symbol": "ETH-USD"}, {"trade_id": 666009430, "side": "buy", "size": "0.03132544", "price": "2912.79000000", "time": "2025-07-12T15:39:05.754796Z", "fetched_at": "2025-07-12T15:39:33.407657+00:00", "symbol": "ETH-USD"}, {"trade_id": 666009429, "side": "buy", "size": "0.85827131", "price": "2912.83000000", "time": "2025-07-12T15:39:05.754796Z", "fetched_at": "2025-07-12T15:39:33.407657+00:00", "symbol": "ETH-USD"}, {"trade_id": 666009428, "side": "buy", "size": "0.05442339", "price": "2912.87000000", "time": "2025-07-12T15:39:05.754796Z", "fetched_at": "2025-07-12T15:39:33.407657+00:00", "symbol": "ETH-USD"}, {"trade_id": 666009427, "side": "buy", "size": "0.17164906", "price": "2912.92000000", "time": "2025-07-12T15:39:05.754796Z", "fetched_at": "2025-07-12T15:39:33.407657+00:00", "symbol": "ETH-USD"}, {"trade_id": 666009426, "side": "buy", "size": "0.00344333", "price": "2912.93000000", "time": "2025-07-12T15:39:05.754796Z", "fetched_at": "2025-07-12T15:39:33.407657+00:00", "symbol": "ETH-USD"}, {"trade_id": 666009425, "side": "sell", "size": "0.01111748", "price": "2912.80000000", "time": "2025-07-12T15:39:05.412543Z", "fetched_at": "2025-07-12T15:39:33.407657+00:00", "symbol": "ETH-USD"}, {"trade_id": 666009424, "side": "buy", "size": "0.14581374", "price": "2912.49000000", "time": "2025-07-12T15:39:05.334142Z", "fetched_at": "2025-07-12T15:39:33.407657+00:00", "symbol": "ETH-USD"}, {"trade_id": 666009423, "side": "buy", "size": "0.47250000", "price": "2912.49000000", "time": "2025-07-12T15:39:05.334142Z", "fetched_at": "2025-07-12T15:39:33.407657+00:00", "symbol": "ETH-USD"}, {"trade_id": 666009422, "side": "buy", "size": "0.14032116", "price": "2912.50000000", "time": "2025-07-12T15:39:05.334142Z", "fetched_at": "2025-07-12T15:39:33.407657+00:00", "symbol": "ETH-USD"}, {"trade_id": 666009421, "side": "buy", "size": "0.43506784", "price": "2912.79000000", "time": "2025-07-12T15:39:05.334142Z", "fetched_at": "2025-07-12T15:39:33.407657+00:00", "symbol": "ETH-USD"}, {"trade_id": 666009420, "side": "buy", "size": "0.03593461", "price": "2912.79000000", "time": "2025-07-12T15:39:05.334142Z", "fetched_at": "2025-07-12T15:39:33.407657+00:00", "symbol": "ETH-USD"}, {"trade_id": 666009419, "side": "buy", "size": "0.00344349", "price": "2912.79000000", "time": "2025-07-12T15:39:05.334142Z", "fetched_at": "2025-07-12T15:39:33.407657+00:00", "symbol": "ETH-USD"}, {"trade_id": 666009418, "side": "buy", "size": "0.02767793", "price": "2912.79000000", "time": "2025-07-12T15:39:05.334142Z", "fetched_at": "2025-07-12T15:39:33.407657+00:00", "symbol": "ETH-USD"}, {"trade_id": 666009417, "side": "sell", "size": "0.01667622", "price": "2913.03000000", "time": "2025-07-12T15:39:03.702504Z", "fetched_at": "2025-07-12T15:39:33.407657+00:00", "symbol": "ETH-USD"}, {"trade_id": 666009416, "side": "sell", "size": "0.00100000", "price": "2913.02000000", "time": "2025-07-12T15:39:03.632267Z", "fetched_at": "2025-07-12T15:39:33.407657+00:00", "symbol": "ETH-USD"}, {"trade_id": 666009415, "side": "sell", "size": "0.30000000", "price": "2912.90000000", "time": "2025-07-12T15:39:03.616827Z", "fetched_at": "2025-07-12T15:39:33.407657+00:00", "symbol": "ETH-USD"}, {"trade_id": 666009414, "side": "sell", "size": "0.00010335", "price": "2912.80000000", "time": "2025-07-12T15:39:03.616459Z", "fetched_at": "2025-07-12T15:39:33.407657+00:00", "symbol": "ETH-USD"}, {"trade_id": 666009413, "side": "sell", "size": "0.30000000", "price": "2912.80000000", "time": "2025-07-12T15:39:03.616459Z", "fetched_at": "2025-07-12T15:39:33.407657+00:00", "symbol": "ETH-USD"}, {"trade_id": 666009412, "side": "sell", "size": "0.00005588", "price": "2912.79000000", "time": "2025-07-12T15:39:02.994778Z", "fetched_at": "2025-07-12T15:39:33.407657+00:00", "symbol": "ETH-USD"}, {"trade_id": 666009411, "side": "sell", "size": "0.00024002", "price": "2912.79000000", "time": "2025-07-12T15:39:02.994778Z", "fetched_at": "2025-07-12T15:39:33.407657+00:00", "symbol": "ETH-USD"}, {"trade_id": 666009410, "side": "sell", "size": "0.00030999", "price": "2912.79000000", "time": "2025-07-12T15:39:02.994778Z", "fetched_at": "2025-07-12T15:39:33.407657+00:00", "symbol": "ETH-USD"}, {"trade_id": 666009409, "side": "sell", "size": "0.10874000", "price": "2912.42000000", "time": "2025-07-12T15:39:02.320230Z", "fetched_at": "2025-07-12T15:39:33.407657+00:00", "symbol": "ETH-USD"}, {"trade_id": 666009408, "side": "sell", "size": "0.32886000", "price": "2912.42000000", "time": "2025-07-12T15:39:02.263439Z", "fetched_at": "2025-07-12T15:39:33.407657+00:00", "symbol": "ETH-USD"}, {"trade_id": 666009407, "side": "sell", "size": "0.00053203", "price": "2912.42000000", "time": "2025-07-12T15:39:02.263439Z", "fetched_at": "2025-07-12T15:39:33.407657+00:00", "symbol": "ETH-USD"}, {"trade_id": 666009406, "side": "sell", "size": "0.10874000", "price": "2912.42000000", "time": "2025-07-12T15:39:02.263439Z", "fetched_at": "2025-07-12T15:39:33.407657+00:00", "symbol": "ETH-USD"}, {"trade_id": 666009405, "side": "buy", "size": "0.81391674", "price": "2912.57000000", "time": "2025-07-12T15:39:02.161425Z", "fetched_at": "2025-07-12T15:39:33.407657+00:00", "symbol": "ETH-USD"}, {"trade_id": 666009404, "side": "buy", "size": "0.25836155", "price": "2912.74000000", "time": "2025-07-12T15:39:02.160673Z", "fetched_at": "2025-07-12T15:39:33.407657+00:00", "symbol": "ETH-USD"}, {"trade_id": 666009403, "side": "buy", "size": "0.04228949", "price": "2912.78000000", "time": "2025-07-12T15:39:02.135396Z", "fetched_at": "2025-07-12T15:39:33.407657+00:00", "symbol": "ETH-USD"}, {"trade_id": 666009402, "side": "buy", "size": "0.00002746", "price": "2912.78000000", "time": "2025-07-12T15:39:02.135396Z", "fetched_at": "2025-07-12T15:39:33.407657+00:00", "symbol": "ETH-USD"}, {"trade_id": 666009401, "side": "buy", "size": "0.13712155", "price": "2912.78000000", "time": "2025-07-12T15:39:02.135396Z", "fetched_at": "2025-07-12T15:39:33.407657+00:00", "symbol": "ETH-USD"}, {"trade_id": 666009400, "side": "buy", "size": "0.04265711", "price": "2913.23000000", "time": "2025-07-12T15:39:01.155007Z", "fetched_at": "2025-07-12T15:39:33.407657+00:00", "symbol": "ETH-USD"}, {"trade_id": 666009399, "side": "buy", "size": "0.07177575", "price": "2913.24000000", "time": "2025-07-12T15:39:01.155007Z", "fetched_at": "2025-07-12T15:39:33.407657+00:00", "symbol": "ETH-USD"}, {"trade_id": 666009398, "side": "sell", "size": "0.02052239", "price": "2913.61000000", "time": "2025-07-12T15:39:01.028652Z", "fetched_at": "2025-07-12T15:39:33.407657+00:00", "symbol": "ETH-USD"}, {"trade_id": 666009397, "side": "sell", "size": "0.00100000", "price": "2913.46000000", "time": "2025-07-12T15:39:01.028652Z", "fetched_at": "2025-07-12T15:39:33.407657+00:00", "symbol": "ETH-USD"}, {"trade_id": 666009396, "side": "sell", "size": "0.00100000", "price": "2913.24000000", "time": "2025-07-12T15:39:01.028652Z", "fetched_at": "2025-07-12T15:39:33.407657+00:00", "symbol": "ETH-USD"}, {"trade_id": 666009395, "side": "sell", "size": "0.34337770", "price": "2913.12000000", "time": "2025-07-12T15:39:00.553113Z", "fetched_at": "2025-07-12T15:39:33.407657+00:00", "symbol": "ETH-USD"}, {"trade_id": 666009394, "side": "sell", "size": "0.00100000", "price": "2913.02000000", "time": "2025-07-12T15:39:00.553113Z", "fetched_at": "2025-07-12T15:39:33.407657+00:00", "symbol": "ETH-USD"}, {"trade_id": 666009393, "side": "sell", "size": "0.24031694", "price": "2912.82000000", "time": "2025-07-12T15:39:00.403525Z", "fetched_at": "2025-07-12T15:39:33.407657+00:00", "symbol": "ETH-USD"}, {"trade_id": 666009392, "side": "sell", "size": "0.00100000", "price": "2912.80000000", "time": "2025-07-12T15:39:00.392877Z", "fetched_at": "2025-07-12T15:39:33.407657+00:00", "symbol": "ETH-USD"}, {"trade_id": 666009391, "side": "sell", "size": "0.51895147", "price": "2912.78000000", "time": "2025-07-12T15:39:00.182691Z", "fetched_at": "2025-07-12T15:39:33.407657+00:00", "symbol": "ETH-USD"}, {"trade_id": 666009390, "side": "sell", "size": "0.30465385", "price": "2912.71000000", "time": "2025-07-12T15:39:00.182691Z", "fetched_at": "2025-07-12T15:39:33.407657+00:00", "symbol": "ETH-USD"}, {"trade_id": 666009389, "side": "sell", "size": "0.30877895", "price": "2912.66000000", "time": "2025-07-12T15:39:00.182691Z", "fetched_at": "2025-07-12T15:39:33.407657+00:00", "symbol": "ETH-USD"}, {"trade_id": 666009388, "side": "sell", "size": "0.08828623", "price": "2912.62000000", "time": "2025-07-12T15:39:00.182691Z", "fetched_at": "2025-07-12T15:39:33.407657+00:00", "symbol": "ETH-USD"}, {"trade_id": 666009387, "side": "sell", "size": "0.28431577", "price": "2912.62000000", "time": "2025-07-12T15:39:00.182126Z", "fetched_at": "2025-07-12T15:39:33.407657+00:00", "symbol": "ETH-USD"}, {"trade_id": 666009386, "side": "sell", "size": "0.01596137", "price": "2912.58000000", "time": "2025-07-12T15:39:00.182126Z", "fetched_at": "2025-07-12T15:39:33.407657+00:00", "symbol": "ETH-USD"}, {"trade_id": 666009385, "side": "sell", "size": "0.00100000", "price": "2912.58000000", "time": "2025-07-12T15:39:00.182126Z", "fetched_at": "2025-07-12T15:39:33.407657+00:00", "symbol": "ETH-USD"}, {"trade_id": 666009384, "side": "sell", "size": "0.00337671", "price": "2912.45000000", "time": "2025-07-12T15:39:00.182126Z", "fetched_at": "2025-07-12T15:39:33.407657+00:00", "symbol": "ETH-USD"}, {"trade_id": 666009383, "side": "sell", "size": "0.15253721", "price": "2912.45000000", "time": "2025-07-12T15:39:00.180543Z", "fetched_at": "2025-07-12T15:39:33.407657+00:00", "symbol": "ETH-USD"}, {"trade_id": 666009382, "side": "sell", "size": "0.00337671", "price": "2912.29000000", "time": "2025-07-12T15:39:00.180543Z", "fetched_at": "2025-07-12T15:39:33.407657+00:00", "symbol": "ETH-USD"}, {"trade_id": 666009381, "side": "sell", "size": "0.00337671", "price": "2912.12000000", "time": "2025-07-12T15:39:00.162235Z", "fetched_at": "2025-07-12T15:39:33.407657+00:00", "symbol": "ETH-USD"}, {"trade_id": 666009380, "side": "sell", "size": "0.10874000", "price": "2912.12000000", "time": "2025-07-12T15:39:00.161350Z", "fetched_at": "2025-07-12T15:39:33.407657+00:00", "symbol": "ETH-USD"}, {"trade_id": 666009379, "side": "sell", "size": "0.00337671", "price": "2912.11000000", "time": "2025-07-12T15:39:00.147145Z", "fetched_at": "2025-07-12T15:39:33.407657+00:00", "symbol": "ETH-USD"}, {"trade_id": 666009378, "side": "sell", "size": "0.10874000", "price": "2912.11000000", "time": "2025-07-12T15:39:00.147145Z", "fetched_at": "2025-07-12T15:39:33.407657+00:00", "symbol": "ETH-USD"}, {"trade_id": 666009377, "side": "buy", "size": "0.03520889", "price": "2912.33000000", "time": "2025-07-12T15:39:00.053061Z", "fetched_at": "2025-07-12T15:39:33.407657+00:00", "symbol": "ETH-USD"}, {"trade_id": 666009376, "side": "buy", "size": "0.85841920", "price": "2912.33000000", "time": "2025-07-12T15:39:00.053061Z", "fetched_at": "2025-07-12T15:39:33.407657+00:00", "symbol": "ETH-USD"}, {"trade_id": 666009375, "side": "buy", "size": "0.60323794", "price": "2912.31000000", "time": "2025-07-12T15:39:00.046989Z", "fetched_at": "2025-07-12T15:39:33.407657+00:00", "symbol": "ETH-USD"}, {"trade_id": 666009374, "side": "buy", "size": "0.24644869", "price": "2912.31000000", "time": "2025-07-12T15:39:00.046968Z", "fetched_at": "2025-07-12T15:39:33.407657+00:00", "symbol": "ETH-USD"}, {"trade_id": 666009373, "side": "buy", "size": "0.00096037", "price": "2912.45000000", "time": "2025-07-12T15:39:00.046968Z", "fetched_at": "2025-07-12T15:39:33.407657+00:00", "symbol": "ETH-USD"}, {"trade_id": 666009372, "side": "buy", "size": "2.36227494", "price": "2912.41000000", "time": "2025-07-12T15:39:00.041402Z", "fetched_at": "2025-07-12T15:39:33.407657+00:00", "symbol": "ETH-USD"}, {"trade_id": 666009371, "side": "buy", "size": "0.85838429", "price": "2912.44000000", "time": "2025-07-12T15:39:00.041402Z", "fetched_at": "2025-07-12T15:39:33.407657+00:00", "symbol": "ETH-USD"}, {"trade_id": 666009370, "side": "buy", "size": "0.17166970", "price": "2912.56000000", "time": "2025-07-12T15:39:00.041006Z", "fetched_at": "2025-07-12T15:39:33.407657+00:00", "symbol": "ETH-USD"}, {"trade_id": 666009369, "side": "buy", "size": "0.32886000", "price": "2912.57000000", "time": "2025-07-12T15:39:00.041006Z", "fetched_at": "2025-07-12T15:39:33.407657+00:00", "symbol": "ETH-USD"}, {"trade_id": 666009368, "side": "buy", "size": "0.03776389", "price": "2912.57000000", "time": "2025-07-12T15:39:00.041006Z", "fetched_at": "2025-07-12T15:39:33.407657+00:00", "symbol": "ETH-USD"}, {"trade_id": 666009367, "side": "buy", "size": "0.05179661", "price": "2912.57000000", "time": "2025-07-12T15:39:00.041006Z", "fetched_at": "2025-07-12T15:39:33.407657+00:00", "symbol": "ETH-USD"}, {"trade_id": 666009366, "side": "buy", "size": "0.00873846", "price": "2912.31000000", "time": "2025-07-12T15:38:59.933589Z", "fetched_at": "2025-07-12T15:39:33.407657+00:00", "symbol": "ETH-USD"}, {"trade_id": 666009365, "side": "buy", "size": "1.37730205", "price": "2912.40000000", "time": "2025-07-12T15:38:59.933589Z", "fetched_at": "2025-07-12T15:39:33.407657+00:00", "symbol": "ETH-USD"}, {"trade_id": 666009364, "side": "buy", "size": "0.83259378", "price": "2912.41000000", "time": "2025-07-12T15:38:59.933589Z", "fetched_at": "2025-07-12T15:39:33.407657+00:00", "symbol": "ETH-USD"}, {"trade_id": 666009363, "side": "buy", "size": "0.00106095", "price": "2912.42000000", "time": "2025-07-12T15:38:59.933589Z", "fetched_at": "2025-07-12T15:39:33.407657+00:00", "symbol": "ETH-USD"}, {"trade_id": 666009362, "side": "buy", "size": "0.32886000", "price": "2912.57000000", "time": "2025-07-12T15:38:59.933589Z", "fetched_at": "2025-07-12T15:39:33.407657+00:00", "symbol": "ETH-USD"}, {"trade_id": 666009361, "side": "buy", "size": "0.44842010", "price": "2912.57000000", "time": "2025-07-12T15:38:59.933589Z", "fetched_at": "2025-07-12T15:39:33.407657+00:00", "symbol": "ETH-USD"}, {"trade_id": 666009360, "side": "buy", "size": "0.04404357", "price": "2912.57000000", "time": "2025-07-12T15:38:59.933589Z", "fetched_at": "2025-07-12T15:39:33.407657+00:00", "symbol": "ETH-USD"}, {"trade_id": 666009359, "side": "buy", "size": "0.01651462", "price": "2912.57000000", "time": "2025-07-12T15:38:59.933589Z", "fetched_at": "2025-07-12T15:39:33.407657+00:00", "symbol": "ETH-USD"}, {"trade_id": 666009358, "side": "sell", "size": "0.09999799", "price": "2912.42000000", "time": "2025-07-12T15:38:58.851772Z", "fetched_at": "2025-07-12T15:39:33.407657+00:00", "symbol": "ETH-USD"}, {"trade_id": 666009357, "side": "sell", "size": "0.10000000", "price": "2912.42000000", "time": "2025-07-12T15:38:58.823900Z", "fetched_at": "2025-07-12T15:39:33.407657+00:00", "symbol": "ETH-USD"}, {"trade_id": 666009356, "side": "sell", "size": "0.00100000", "price": "2912.36000000", "time": "2025-07-12T15:38:58.706670Z", "fetched_at": "2025-07-12T15:39:33.407657+00:00", "symbol": "ETH-USD"}, {"trade_id": 666009355, "side": "sell", "size": "1.99978367", "price": "2912.35000000", "time": "2025-07-12T15:38:58.706670Z", "fetched_at": "2025-07-12T15:39:33.407657+00:00", "symbol": "ETH-USD"}, {"trade_id": 666009354, "side": "sell", "size": "0.00010334", "price": "2912.31000000", "time": "2025-07-12T15:38:58.686914Z", "fetched_at": "2025-07-12T15:39:33.407657+00:00", "symbol": "ETH-USD"}, {"trade_id": 666009353, "side": "sell", "size": "0.00788412", "price": "2912.31000000", "time": "2025-07-12T15:38:58.686914Z", "fetched_at": "2025-07-12T15:39:33.407657+00:00", "symbol": "ETH-USD"}, {"trade_id": 666009352, "side": "sell", "size": "0.17602144", "price": "2912.31000000", "time": "2025-07-12T15:38:58.686914Z", "fetched_at": "2025-07-12T15:39:33.407657+00:00", "symbol": "ETH-USD"}, {"trade_id": 666009351, "side": "sell", "size": "0.02409329", "price": "2912.31000000", "time": "2025-07-12T15:38:58.305408Z", "fetched_at": "2025-07-12T15:39:33.407657+00:00", "symbol": "ETH-USD"}, {"trade_id": 666009350, "side": "sell", "size": "0.02605793", "price": "2912.25000000", "time": "2025-07-12T15:38:57.953245Z", "fetched_at": "2025-07-12T15:39:33.407657+00:00", "symbol": "ETH-USD"}, {"trade_id": 666009349, "side": "sell", "size": "0.00005589", "price": "2912.25000000", "time": "2025-07-12T15:38:57.953245Z", "fetched_at": "2025-07-12T15:39:33.407657+00:00", "symbol": "ETH-USD"}, {"trade_id": 666009348, "side": "sell", "size": "0.00024002", "price": "2912.25000000", "time": "2025-07-12T15:38:57.953245Z", "fetched_at": "2025-07-12T15:39:33.407657+00:00", "symbol": "ETH-USD"}, {"trade_id": 666009347, "side": "sell", "size": "0.00031000", "price": "2912.25000000", "time": "2025-07-12T15:38:57.953245Z", "fetched_at": "2025-07-12T15:39:33.407657+00:00", "symbol": "ETH-USD"}, {"trade_id": 666009346, "side": "sell", "size": "0.00182618", "price": "2912.25000000", "time": "2025-07-12T15:38:57.953245Z", "fetched_at": "2025-07-12T15:39:33.407657+00:00", "symbol": "ETH-USD"}, {"trade_id": 666009345, "side": "sell", "size": "0.08072173", "price": "2912.25000000", "time": "2025-07-12T15:38:57.953245Z", "fetched_at": "2025-07-12T15:39:33.407657+00:00", "symbol": "ETH-USD"}, {"trade_id": 666009344, "side": "sell", "size": "0.02455076", "price": "2912.25000000", "time": "2025-07-12T15:38:57.953245Z", "fetched_at": "2025-07-12T15:39:33.407657+00:00", "symbol": "ETH-USD"}, {"trade_id": 666009343, "side": "sell", "size": "0.15343892", "price": "2912.25000000", "time": "2025-07-12T15:38:57.953245Z", "fetched_at": "2025-07-12T15:39:33.407657+00:00", "symbol": "ETH-USD"}, {"trade_id": 666009342, "side": "sell", "size": "0.01677000", "price": "2912.25000000", "time": "2025-07-12T15:38:57.853295Z", "fetched_at": "2025-07-12T15:39:33.407657+00:00", "symbol": "ETH-USD"}, {"trade_id": 666009341, "side": "sell", "size": "0.03212224", "price": "2912.25000000", "time": "2025-07-12T15:38:57.156497Z", "fetched_at": "2025-07-12T15:39:33.407657+00:00", "symbol": "ETH-USD"}, {"trade_id": 666009340, "side": "sell", "size": "0.00671984", "price": "2912.25000000", "time": "2025-07-12T15:38:55.657883Z", "fetched_at": "2025-07-12T15:39:33.407657+00:00", "symbol": "ETH-USD"}, {"trade_id": 666009339, "side": "sell", "size": "0.00995887", "price": "2912.22000000", "time": "2025-07-12T15:38:55.657883Z", "fetched_at": "2025-07-12T15:39:33.407657+00:00", "symbol": "ETH-USD"}, {"trade_id": 666009338, "side": "sell", "size": "0.03186729", "price": "2912.22000000", "time": "2025-07-12T15:38:55.137192Z", "fetched_at": "2025-07-12T15:39:33.407657+00:00", "symbol": "ETH-USD"}, {"trade_id": 666009337, "side": "sell", "size": "0.00100000", "price": "2912.14000000", "time": "2025-07-12T15:38:53.962671Z", "fetched_at": "2025-07-12T15:39:33.407657+00:00", "symbol": "ETH-USD"}, {"trade_id": 666009336, "side": "sell", "size": "0.00235316", "price": "2912.10000000", "time": "2025-07-12T15:38:53.962671Z", "fetched_at": "2025-07-12T15:39:33.407657+00:00", "symbol": "ETH-USD"}, {"trade_id": 666009335, "side": "sell", "size": "0.00000650", "price": "2912.10000000", "time": "2025-07-12T15:38:53.962671Z", "fetched_at": "2025-07-12T15:39:33.407657+00:00", "symbol": "ETH-USD"}, {"trade_id": 666009334, "side": "sell", "size": "0.00009684", "price": "2912.10000000", "time": "2025-07-12T15:38:53.855143Z", "fetched_at": "2025-07-12T15:39:33.407657+00:00", "symbol": "ETH-USD"}, {"trade_id": 666009333, "side": "sell", "size": "0.02235316", "price": "2912.10000000", "time": "2025-07-12T15:38:53.855143Z", "fetched_at": "2025-07-12T15:39:33.407657+00:00", "symbol": "ETH-USD"}, {"trade_id": 666009332, "side": "sell", "size": "0.00200039", "price": "2912.07000000", "time": "2025-07-12T15:38:53.043723Z", "fetched_at": "2025-07-12T15:39:33.407657+00:00", "symbol": "ETH-USD"}, {"trade_id": 666009331, "side": "buy", "size": "0.03270175", "price": "2911.68000000", "time": "2025-07-12T15:38:52.758499Z", "fetched_at": "2025-07-12T15:39:33.407657+00:00", "symbol": "ETH-USD"}, {"trade_id": 666009330, "side": "sell", "size": "0.00168500", "price": "2912.08000000", "time": "2025-07-12T15:38:52.137657Z", "fetched_at": "2025-07-12T15:39:33.407657+00:00", "symbol": "ETH-USD"}, {"trade_id": 666009329, "side": "sell", "size": "0.00005589", "price": "2911.62000000", "time": "2025-07-12T15:38:51.806195Z", "fetched_at": "2025-07-12T15:39:33.407657+00:00", "symbol": "ETH-USD"}, {"trade_id": 666009328, "side": "sell", "size": "0.00024001", "price": "2911.62000000", "time": "2025-07-12T15:38:51.806195Z", "fetched_at": "2025-07-12T15:39:33.407657+00:00", "symbol": "ETH-USD"}, {"trade_id": 666009327, "side": "sell", "size": "0.00031000", "price": "2911.62000000", "time": "2025-07-12T15:38:51.806195Z", "fetched_at": "2025-07-12T15:39:33.407657+00:00", "symbol": "ETH-USD"}, {"trade_id": 666009326, "side": "buy", "size": "0.11894704", "price": "2911.31000000", "time": "2025-07-12T15:38:51.488648Z", "fetched_at": "2025-07-12T15:39:33.407657+00:00", "symbol": "ETH-USD"}, {"trade_id": 666009325, "side": "buy", "size": "0.00047634", "price": "2911.32000000", "time": "2025-07-12T15:38:51.488648Z", "fetched_at": "2025-07-12T15:39:33.407657+00:00", "symbol": "ETH-USD"}, {"trade_id": 666009324, "side": "buy", "size": "0.36232736", "price": "2911.49000000", "time": "2025-07-12T15:38:51.488648Z", "fetched_at": "2025-07-12T15:39:33.407657+00:00", "symbol": "ETH-USD"}, {"trade_id": 666009323, "side": "buy", "size": "0.39569926", "price": "2911.61000000", "time": "2025-07-12T15:38:51.488648Z", "fetched_at": "2025-07-12T15:39:33.407657+00:00", "symbol": "ETH-USD"}, {"trade_id": 666009322, "side": "buy", "size": "0.09985000", "price": "2911.61000000", "time": "2025-07-12T15:38:51.488648Z", "fetched_at": "2025-07-12T15:39:33.407657+00:00", "symbol": "ETH-USD"}, {"trade_id": 666009321, "side": "buy", "size": "0.02770479", "price": "2911.49000000", "time": "2025-07-12T15:38:51.446673Z", "fetched_at": "2025-07-12T15:39:33.407657+00:00", "symbol": "ETH-USD"}, {"trade_id": 666009320, "side": "buy", "size": "0.36232736", "price": "2911.50000000", "time": "2025-07-12T15:38:51.446673Z", "fetched_at": "2025-07-12T15:39:33.407657+00:00", "symbol": "ETH-USD"}, {"trade_id": 666009319, "side": "buy", "size": "0.47250000", "price": "2911.61000000", "time": "2025-07-12T15:38:51.446673Z", "fetched_at": "2025-07-12T15:39:33.407657+00:00", "symbol": "ETH-USD"}, {"trade_id": 666009318, "side": "buy", "size": "0.32886000", "price": "2911.61000000", "time": "2025-07-12T15:38:51.446673Z", "fetched_at": "2025-07-12T15:39:33.407657+00:00", "symbol": "ETH-USD"}, {"trade_id": 666009317, "side": "sell", "size": "0.08390468", "price": "2911.62000000", "time": "2025-07-12T15:38:51.427502Z", "fetched_at": "2025-07-12T15:39:33.407657+00:00", "symbol": "ETH-USD"}, {"trade_id": 666009316, "side": "sell", "size": "0.00344449", "price": "2911.61000000", "time": "2025-07-12T15:38:51.390369Z", "fetched_at": "2025-07-12T15:39:33.407657+00:00", "symbol": "ETH-USD"}, {"trade_id": 666009315, "side": "sell", "size": "0.10874000", "price": "2911.05000000", "time": "2025-07-12T15:38:51.310660Z", "fetched_at": "2025-07-12T15:39:33.407657+00:00", "symbol": "ETH-USD"}, {"trade_id": 666009314, "side": "buy", "size": "0.11361498", "price": "2911.39000000", "time": "2025-07-12T15:38:51.272722Z", "fetched_at": "2025-07-12T15:39:33.407657+00:00", "symbol": "ETH-USD"}, {"trade_id": 666009313, "side": "buy", "size": "0.05888030", "price": "2911.61000000", "time": "2025-07-12T15:38:51.268684Z", "fetched_at": "2025-07-12T15:39:33.407657+00:00", "symbol": "ETH-USD"}, {"trade_id": 666009312, "side": "buy", "size": "0.60255713", "price": "2911.61000000", "time": "2025-07-12T15:38:51.265212Z", "fetched_at": "2025-07-12T15:39:33.407657+00:00", "symbol": "ETH-USD"}, {"trade_id": 666009311, "side": "buy", "size": "0.00047627", "price": "2911.75000000", "time": "2025-07-12T15:38:51.260042Z", "fetched_at": "2025-07-12T15:39:33.407657+00:00", "symbol": "ETH-USD"}, {"trade_id": 666009310, "side": "buy", "size": "0.48090521", "price": "2911.85000000", "time": "2025-07-12T15:38:51.258743Z", "fetched_at": "2025-07-12T15:39:33.407657+00:00", "symbol": "ETH-USD"}, {"trade_id": 666009309, "side": "buy", "size": "0.85854596", "price": "2911.90000000", "time": "2025-07-12T15:38:51.258162Z", "fetched_at": "2025-07-12T15:39:33.407657+00:00", "symbol": "ETH-USD"}, {"trade_id": 666009308, "side": "buy", "size": "0.10486551", "price": "2911.92000000", "time": "2025-07-12T15:38:51.258162Z", "fetched_at": "2025-07-12T15:39:33.407657+00:00", "symbol": "ETH-USD"}, {"trade_id": 666009307, "side": "sell", "size": "0.16311000", "price": "2911.99000000", "time": "2025-07-12T15:38:51.257989Z", "fetched_at": "2025-07-12T15:39:33.407657+00:00", "symbol": "ETH-USD"}, {"trade_id": 666009306, "side": "buy", "size": "0.34285475", "price": "2911.98000000", "time": "2025-07-12T15:38:51.257672Z", "fetched_at": "2025-07-12T15:39:33.407657+00:00", "symbol": "ETH-USD"}, {"trade_id": 666009305, "side": "buy", "size": "0.98236924", "price": "2911.98000000", "time": "2025-07-12T15:38:51.256838Z", "fetched_at": "2025-07-12T15:39:33.407657+00:00", "symbol": "ETH-USD"}, {"trade_id": 666009304, "side": "buy", "size": "1.01515451", "price": "2911.98000000", "time": "2025-07-12T15:38:51.256744Z", "fetched_at": "2025-07-12T15:39:33.407657+00:00", "symbol": "ETH-USD"}, {"trade_id": 666009303, "side": "buy", "size": "0.85851648", "price": "2912.00000000", "time": "2025-07-12T15:38:51.252999Z", "fetched_at": "2025-07-12T15:39:33.407657+00:00", "symbol": "ETH-USD"}, {"trade_id": 666009302, "side": "buy", "size": "0.32886000", "price": "2912.08000000", "time": "2025-07-12T15:38:51.252999Z", "fetched_at": "2025-07-12T15:39:33.407657+00:00", "symbol": "ETH-USD"}, {"trade_id": 666009301, "side": "sell", "size": "0.00344449", "price": "2912.09000000", "time": "2025-07-12T15:38:51.125398Z", "fetched_at": "2025-07-12T15:39:33.407657+00:00", "symbol": "ETH-USD"}, {"trade_id": 666009300, "side": "sell", "size": "0.00344449", "price": "2912.01000000", "time": "2025-07-12T15:38:51.106440Z", "fetched_at": "2025-07-12T15:39:33.407657+00:00", "symbol": "ETH-USD"}, {"trade_id": 666009299, "side": "sell", "size": "0.00705948", "price": "2912.00000000", "time": "2025-07-12T15:38:50.994785Z", "fetched_at": "2025-07-12T15:39:33.407657+00:00", "symbol": "ETH-USD"}, {"trade_id": 666009298, "side": "sell", "size": "0.00344500", "price": "2912.00000000", "time": "2025-07-12T15:38:50.994785Z", "fetched_at": "2025-07-12T15:39:33.407657+00:00", "symbol": "ETH-USD"}, {"trade_id": 666009297, "side": "sell", "size": "0.30000000", "price": "2912.00000000", "time": "2025-07-12T15:38:50.994785Z", "fetched_at": "2025-07-12T15:39:33.407657+00:00", "symbol": "ETH-USD"}, {"trade_id": 666009296, "side": "buy", "size": "0.01084822", "price": "2911.99000000", "time": "2025-07-12T15:38:50.987544Z", "fetched_at": "2025-07-12T15:39:33.407657+00:00", "symbol": "ETH-USD"}, {"trade_id": 666009295, "side": "buy", "size": "0.09985000", "price": "2911.99000000", "time": "2025-07-12T15:38:50.987544Z", "fetched_at": "2025-07-12T15:39:33.407657+00:00", "symbol": "ETH-USD"}, {"trade_id": 666009294, "side": "sell", "size": "0.03705948", "price": "2911.99000000", "time": "2025-07-12T15:38:50.817641Z", "fetched_at": "2025-07-12T15:39:33.407657+00:00", "symbol": "ETH-USD"}, {"trade_id": 666009293, "side": "sell", "size": "0.00344483", "price": "2911.98000000", "time": "2025-07-12T15:38:50.817641Z", "fetched_at": "2025-07-12T15:39:33.407657+00:00", "symbol": "ETH-USD"}, {"trade_id": 666009292, "side": "buy", "size": "0.10266663", "price": "2911.91000000", "time": "2025-07-12T15:38:50.440668Z", "fetched_at": "2025-07-12T15:39:33.407657+00:00", "symbol": "ETH-USD"}, {"trade_id": 666009291, "side": "buy", "size": "0.13732307", "price": "2911.94000000", "time": "2025-07-12T15:38:50.440668Z", "fetched_at": "2025-07-12T15:39:33.407657+00:00", "symbol": "ETH-USD"}, {"trade_id": 666009290, "side": "buy", "size": "0.00001030", "price": "2911.98000000", "time": "2025-07-12T15:38:50.440668Z", "fetched_at": "2025-07-12T15:39:33.407657+00:00", "symbol": "ETH-USD"}, {"trade_id": 666009289, "side": "sell", "size": "0.00306511", "price": "2911.99000000", "time": "2025-07-12T15:38:50.386848Z", "fetched_at": "2025-07-12T15:39:33.407657+00:00", "symbol": "ETH-USD"}, {"trade_id": 666009288, "side": "sell", "size": "0.47250000", "price": "2911.94000000", "time": "2025-07-12T15:38:49.665006Z", "fetched_at": "2025-07-12T15:39:33.407657+00:00", "symbol": "ETH-USD"}, {"trade_id": 666009287, "side": "sell", "size": "0.17375383", "price": "2911.93000000", "time": "2025-07-12T15:38:49.665006Z", "fetched_at": "2025-07-12T15:39:33.407657+00:00", "symbol": "ETH-USD"}, {"trade_id": 666009286, "side": "sell", "size": "0.38775230", "price": "2911.92000000", "time": "2025-07-12T15:38:49.665006Z", "fetched_at": "2025-07-12T15:39:33.407657+00:00", "symbol": "ETH-USD"}, {"trade_id": 666009285, "side": "sell", "size": "0.00344565", "price": "2911.55000000", "time": "2025-07-12T15:38:49.665006Z", "fetched_at": "2025-07-12T15:39:33.407657+00:00", "symbol": "ETH-USD"}, {"trade_id": 666009284, "side": "sell", "size": "0.00100000", "price": "2911.92000000", "time": "2025-07-12T15:38:49.371529Z", "fetched_at": "2025-07-12T15:39:33.407657+00:00", "symbol": "ETH-USD"}, {"trade_id": 666009283, "side": "sell", "size": "0.00344565", "price": "2911.70000000", "time": "2025-07-12T15:38:49.371529Z", "fetched_at": "2025-07-12T15:39:33.407657+00:00", "symbol": "ETH-USD"}, {"trade_id": 666009282, "side": "sell", "size": "0.00804576", "price": "2911.70000000", "time": "2025-07-12T15:38:49.371529Z", "fetched_at": "2025-07-12T15:39:33.407657+00:00", "symbol": "ETH-USD"}, {"trade_id": 666009281, "side": "sell", "size": "0.00010334", "price": "2911.70000000", "time": "2025-07-12T15:38:49.371529Z", "fetched_at": "2025-07-12T15:39:33.407657+00:00", "symbol": "ETH-USD"}, {"trade_id": 666009280, "side": "sell", "size": "0.00100000", "price": "2911.70000000", "time": "2025-07-12T15:38:49.371529Z", "fetched_at": "2025-07-12T15:39:33.407657+00:00", "symbol": "ETH-USD"}, {"trade_id": 666009279, "side": "buy", "size": "0.02312433", "price": "2911.69000000", "time": "2025-07-12T15:38:48.841391Z", "fetched_at": "2025-07-12T15:39:33.407657+00:00", "symbol": "ETH-USD"}, {"trade_id": 666009278, "side": "sell", "size": "0.00344562", "price": "2911.48000000", "time": "2025-07-12T15:38:48.503102Z", "fetched_at": "2025-07-12T15:39:33.407657+00:00", "symbol": "ETH-USD"}, {"trade_id": 666009277, "side": "sell", "size": "0.00100000", "price": "2911.48000000", "time": "2025-07-12T15:38:48.503102Z", "fetched_at": "2025-07-12T15:39:33.407657+00:00", "symbol": "ETH-USD"}, {"trade_id": 666009276, "side": "sell", "size": "0.00083650", "price": "2911.26000000", "time": "2025-07-12T15:38:48.030457Z", "fetched_at": "2025-07-12T15:39:33.407657+00:00", "symbol": "ETH-USD"}, {"trade_id": 666009275, "side": "sell", "size": "0.00100000", "price": "2911.26000000", "time": "2025-07-12T15:38:48.020626Z", "fetched_at": "2025-07-12T15:39:33.407657+00:00", "symbol": "ETH-USD"}, {"trade_id": 666009274, "side": "sell", "size": "0.30000000", "price": "2911.10000000", "time": "2025-07-12T15:38:48.000022Z", "fetched_at": "2025-07-12T15:39:33.407657+00:00", "symbol": "ETH-USD"}, {"trade_id": 666009273, "side": "sell", "size": "0.00100000", "price": "2911.04000000", "time": "2025-07-12T15:38:47.999103Z", "fetched_at": "2025-07-12T15:39:33.407657+00:00", "symbol": "ETH-USD"}, {"trade_id": 666009272, "side": "sell", "size": "0.00083650", "price": "2911.00000000", "time": "2025-07-12T15:38:47.999103Z", "fetched_at": "2025-07-12T15:39:33.407657+00:00", "symbol": "ETH-USD"}, {"trade_id": 666009271, "side": "sell", "size": "0.30000000", "price": "2911.00000000", "time": "2025-07-12T15:38:47.999103Z", "fetched_at": "2025-07-12T15:39:33.407657+00:00", "symbol": "ETH-USD"}, {"trade_id": 666009270, "side": "sell", "size": "0.00609153", "price": "2910.99000000", "time": "2025-07-12T15:38:47.932429Z", "fetched_at": "2025-07-12T15:39:33.407657+00:00", "symbol": "ETH-USD"}, {"trade_id": 666009269, "side": "sell", "size": "0.00083650", "price": "2910.99000000", "time": "2025-07-12T15:38:47.932429Z", "fetched_at": "2025-07-12T15:39:33.407657+00:00", "symbol": "ETH-USD"}, {"trade_id": 666009268, "side": "sell", "size": "0.02305368", "price": "2910.99000000", "time": "2025-07-12T15:38:47.932429Z", "fetched_at": "2025-07-12T15:39:33.407657+00:00", "symbol": "ETH-USD"}, {"trade_id": 666009267, "side": "sell", "size": "0.02508077", "price": "2910.99000000", "time": "2025-07-12T15:38:47.305939Z", "fetched_at": "2025-07-12T15:39:33.407657+00:00", "symbol": "ETH-USD"}, {"trade_id": 666009266, "side": "sell", "size": "0.00344645", "price": "2910.82000000", "time": "2025-07-12T15:38:47.305939Z", "fetched_at": "2025-07-12T15:39:33.407657+00:00", "symbol": "ETH-USD"}, {"trade_id": 666009265, "side": "sell", "size": "0.00100000", "price": "2910.82000000", "time": "2025-07-12T15:38:47.305939Z", "fetched_at": "2025-07-12T15:39:33.407657+00:00", "symbol": "ETH-USD"}, {"trade_id": 666009264, "side": "sell", "size": "0.00000797", "price": "2910.60000000", "time": "2025-07-12T15:38:47.022797Z", "fetched_at": "2025-07-12T15:39:33.407657+00:00", "symbol": "ETH-USD"}, {"trade_id": 666009263, "side": "sell", "size": "0.01608355", "price": "2910.60000000", "time": "2025-07-12T15:38:47.019580Z", "fetched_at": "2025-07-12T15:39:33.407657+00:00", "symbol": "ETH-USD"}, {"trade_id": 666009262, "side": "sell", "size": "0.00344645", "price": "2910.60000000", "time": "2025-07-12T15:38:47.019580Z", "fetched_at": "2025-07-12T15:39:33.407657+00:00", "symbol": "ETH-USD"}, {"trade_id": 666009261, "side": "sell", "size": "0.00100000", "price": "2910.60000000", "time": "2025-07-12T15:38:47.019580Z", "fetched_at": "2025-07-12T15:39:33.407657+00:00", "symbol": "ETH-USD"}, {"trade_id": 666009260, "side": "sell", "size": "0.30000000", "price": "2910.30000000", "time": "2025-07-12T15:38:46.632821Z", "fetched_at": "2025-07-12T15:39:33.407657+00:00", "symbol": "ETH-USD"}, {"trade_id": 666009259, "side": "sell", "size": "0.00344645", "price": "2910.28000000", "time": "2025-07-12T15:38:46.632821Z", "fetched_at": "2025-07-12T15:39:33.407657+00:00", "symbol": "ETH-USD"}, {"trade_id": 666009258, "side": "sell", "size": "0.00006091", "price": "2910.28000000", "time": "2025-07-12T15:38:46.632821Z", "fetched_at": "2025-07-12T15:39:33.407657+00:00", "symbol": "ETH-USD"}, {"trade_id": 666009257, "side": "sell", "size": "0.00026113", "price": "2910.28000000", "time": "2025-07-12T15:38:46.632821Z", "fetched_at": "2025-07-12T15:39:33.407657+00:00", "symbol": "ETH-USD"}, {"trade_id": 666009256, "side": "sell", "size": "0.00033666", "price": "2910.28000000", "time": "2025-07-12T15:38:46.632821Z", "fetched_at": "2025-07-12T15:39:33.407657+00:00", "symbol": "ETH-USD"}, {"trade_id": 666009255, "side": "sell", "size": "0.00827459", "price": "2910.28000000", "time": "2025-07-12T15:38:46.632821Z", "fetched_at": "2025-07-12T15:39:33.407657+00:00", "symbol": "ETH-USD"}, {"trade_id": 666009254, "side": "buy", "size": "0.15139086", "price": "2910.27000000", "time": "2025-07-12T15:38:46.072049Z", "fetched_at": "2025-07-12T15:39:33.407657+00:00", "symbol": "ETH-USD"}, {"trade_id": 666009253, "side": "sell", "size": "0.00050672", "price": "2910.28000000", "time": "2025-07-12T15:38:45.491751Z", "fetched_at": "2025-07-12T15:39:33.407657+00:00", "symbol": "ETH-USD"}, {"trade_id": 666009252, "side": "sell", "size": "0.02010012", "price": "2910.58000000", "time": "2025-07-12T15:38:45.053626Z", "fetched_at": "2025-07-12T15:39:33.407657+00:00", "symbol": "ETH-USD"}, {"trade_id": 666009251, "side": "sell", "size": "0.00344679", "price": "2910.57000000", "time": "2025-07-12T15:38:45.053626Z", "fetched_at": "2025-07-12T15:39:33.407657+00:00", "symbol": "ETH-USD"}, {"trade_id": 666009250, "side": "sell", "size": "0.00021891", "price": "2910.45000000", "time": "2025-07-12T15:38:45.053626Z", "fetched_at": "2025-07-12T15:39:33.407657+00:00", "symbol": "ETH-USD"}, {"trade_id": 666009249, "side": "sell", "size": "0.00028332", "price": "2910.45000000", "time": "2025-07-12T15:38:45.053626Z", "fetched_at": "2025-07-12T15:39:33.407657+00:00", "symbol": "ETH-USD"}, {"trade_id": 666009248, "side": "sell", "size": "0.00005086", "price": "2910.45000000", "time": "2025-07-12T15:38:45.053626Z", "fetched_at": "2025-07-12T15:39:33.407657+00:00", "symbol": "ETH-USD"}, {"trade_id": 666009247, "side": "sell", "size": "0.00100000", "price": "2910.38000000", "time": "2025-07-12T15:38:45.053626Z", "fetched_at": "2025-07-12T15:39:33.407657+00:00", "symbol": "ETH-USD"}, {"trade_id": 666009246, "side": "sell", "size": "0.00344679", "price": "2910.09000000", "time": "2025-07-12T15:38:44.958953Z", "fetched_at": "2025-07-12T15:39:33.407657+00:00", "symbol": "ETH-USD"}, {"trade_id": 666009245, "side": "sell", "size": "0.04741034", "price": "2909.99000000", "time": "2025-07-12T15:38:44.950599Z", "fetched_at": "2025-07-12T15:39:33.407657+00:00", "symbol": "ETH-USD"}, {"trade_id": 666009244, "side": "sell", "size": "0.00084381", "price": "2909.99000000", "time": "2025-07-12T15:38:44.950599Z", "fetched_at": "2025-07-12T15:39:33.407657+00:00", "symbol": "ETH-USD"}, {"trade_id": 666009243, "side": "sell", "size": "0.00015622", "price": "2909.99000000", "time": "2025-07-12T15:38:44.950599Z", "fetched_at": "2025-07-12T15:39:33.407657+00:00", "symbol": "ETH-USD"}, {"trade_id": 666009242, "side": "sell", "size": "0.00002042", "price": "2909.99000000", "time": "2025-07-12T15:38:44.950599Z", "fetched_at": "2025-07-12T15:39:33.407657+00:00", "symbol": "ETH-USD"}, {"trade_id": 666009241, "side": "buy", "size": "0.41066125", "price": "2909.73000000", "time": "2025-07-12T15:38:44.230298Z", "fetched_at": "2025-07-12T15:39:33.407657+00:00", "symbol": "ETH-USD"}, {"trade_id": 666009240, "side": "buy", "size": "0.00035694", "price": "2909.74000000", "time": "2025-07-12T15:38:44.230298Z", "fetched_at": "2025-07-12T15:39:33.407657+00:00", "symbol": "ETH-USD"}, {"trade_id": 666009239, "side": "buy", "size": "0.51551133", "price": "2909.74000000", "time": "2025-07-12T15:38:44.230298Z", "fetched_at": "2025-07-12T15:39:33.407657+00:00", "symbol": "ETH-USD"}, {"trade_id": 666009238, "side": "buy", "size": "0.83694046", "price": "2909.75000000", "time": "2025-07-12T15:38:44.230298Z", "fetched_at": "2025-07-12T15:39:33.407657+00:00", "symbol": "ETH-USD"}, {"trade_id": 666009237, "side": "buy", "size": "0.22243743", "price": "2909.76000000", "time": "2025-07-12T15:38:44.230298Z", "fetched_at": "2025-07-12T15:39:33.407657+00:00", "symbol": "ETH-USD"}, {"trade_id": 666009236, "side": "buy", "size": "0.08453450", "price": "2909.77000000", "time": "2025-07-12T15:38:44.230298Z", "fetched_at": "2025-07-12T15:39:33.407657+00:00", "symbol": "ETH-USD"}, {"trade_id": 666009235, "side": "buy", "size": "0.04879565", "price": "2909.89000000", "time": "2025-07-12T15:38:44.230298Z", "fetched_at": "2025-07-12T15:39:33.407657+00:00", "symbol": "ETH-USD"}, {"trade_id": 666009234, "side": "buy", "size": "0.02028255", "price": "2909.89000000", "time": "2025-07-12T15:38:44.230298Z", "fetched_at": "2025-07-12T15:39:33.407657+00:00", "symbol": "ETH-USD"}, {"trade_id": 666009233, "side": "buy", "size": "0.85913570", "price": "2909.90000000", "time": "2025-07-12T15:38:44.230298Z", "fetched_at": "2025-07-12T15:39:33.407657+00:00", "symbol": "ETH-USD"}, {"trade_id": 666009232, "side": "buy", "size": "0.32886000", "price": "2909.98000000", "time": "2025-07-12T15:38:44.230298Z", "fetched_at": "2025-07-12T15:39:33.407657+00:00", "symbol": "ETH-USD"}, {"trade_id": 666009231, "side": "buy", "size": "0.47757584", "price": "2909.98000000", "time": "2025-07-12T15:38:44.230298Z", "fetched_at": "2025-07-12T15:39:33.407657+00:00", "symbol": "ETH-USD"}, {"trade_id": 666009230, "side": "sell", "size": "0.03166717", "price": "2909.99000000", "time": "2025-07-12T15:38:43.185459Z", "fetched_at": "2025-07-12T15:39:33.407657+00:00", "symbol": "ETH-USD"}, {"trade_id": 666009229, "side": "sell", "size": "0.00001283", "price": "2909.90000000", "time": "2025-07-12T15:38:43.185459Z", "fetched_at": "2025-07-12T15:39:33.407657+00:00", "symbol": "ETH-USD"}, {"trade_id": 666009228, "side": "sell", "size": "0.00008717", "price": "2909.90000000", "time": "2025-07-12T15:38:43.182998Z", "fetched_at": "2025-07-12T15:39:33.407657+00:00", "symbol": "ETH-USD"}, {"trade_id": 666009227, "side": "sell", "size": "0.00915620", "price": "2909.90000000", "time": "2025-07-12T15:38:43.182998Z", "fetched_at": "2025-07-12T15:39:33.407657+00:00", "symbol": "ETH-USD"}, {"trade_id": 666009226, "side": "sell", "size": "0.00344663", "price": "2909.90000000", "time": "2025-07-12T15:38:43.182998Z", "fetched_at": "2025-07-12T15:39:33.407657+00:00", "symbol": "ETH-USD"}, {"trade_id": 666009225, "side": "sell", "size": "0.00489811", "price": "2909.90000000", "time": "2025-07-12T15:38:42.280934Z", "fetched_at": "2025-07-12T15:39:33.407657+00:00", "symbol": "ETH-USD"}, {"trade_id": 666009224, "side": "sell", "size": "0.00344691", "price": "2909.90000000", "time": "2025-07-12T15:38:42.280934Z", "fetched_at": "2025-07-12T15:39:33.407657+00:00", "symbol": "ETH-USD"}, {"trade_id": 666009223, "side": "sell", "size": "0.00340058", "price": "2910.06000000", "time": "2025-07-12T15:38:41.165337Z", "fetched_at": "2025-07-12T15:39:33.407657+00:00", "symbol": "ETH-USD"}, {"trade_id": 666009222, "side": "sell", "size": "0.30000000", "price": "2910.20000000", "time": "2025-07-12T15:38:40.952024Z", "fetched_at": "2025-07-12T15:39:33.407657+00:00", "symbol": "ETH-USD"}, {"trade_id": 666009221, "side": "sell", "size": "0.00100000", "price": "2910.16000000", "time": "2025-07-12T15:38:40.952024Z", "fetched_at": "2025-07-12T15:39:33.407657+00:00", "symbol": "ETH-USD"}, {"trade_id": 666009220, "side": "sell", "size": "0.29655000", "price": "2910.10000000", "time": "2025-07-12T15:38:40.951780Z", "fetched_at": "2025-07-12T15:39:33.407657+00:00", "symbol": "ETH-USD"}, {"trade_id": 666009219, "side": "sell", "size": "0.00345000", "price": "2910.10000000", "time": "2025-07-12T15:38:40.951780Z", "fetched_at": "2025-07-12T15:39:33.407657+00:00", "symbol": "ETH-USD"}, {"trade_id": 666009218, "side": "sell", "size": "0.00344770", "price": "2910.09000000", "time": "2025-07-12T15:38:40.951780Z", "fetched_at": "2025-07-12T15:39:33.407657+00:00", "symbol": "ETH-USD"}, {"trade_id": 666009217, "side": "sell", "size": "0.00024001", "price": "2910.04000000", "time": "2025-07-12T15:38:40.951780Z", "fetched_at": "2025-07-12T15:39:33.407657+00:00", "symbol": "ETH-USD"}, {"trade_id": 666009216, "side": "sell", "size": "0.00030999", "price": "2910.04000000", "time": "2025-07-12T15:38:40.951780Z", "fetched_at": "2025-07-12T15:39:33.407657+00:00", "symbol": "ETH-USD"}, {"trade_id": 666009215, "side": "sell", "size": "0.00005588", "price": "2910.04000000", "time": "2025-07-12T15:38:40.951780Z", "fetched_at": "2025-07-12T15:39:33.407657+00:00", "symbol": "ETH-USD"}, {"trade_id": 666009214, "side": "sell", "size": "0.00000824", "price": "2909.91000000", "time": "2025-07-12T15:38:40.951780Z", "fetched_at": "2025-07-12T15:39:33.407657+00:00", "symbol": "ETH-USD"}, {"trade_id": 666009213, "side": "sell", "size": "0.05155000", "price": "2909.91000000", "time": "2025-07-12T15:38:40.908144Z", "fetched_at": "2025-07-12T15:39:33.407657+00:00", "symbol": "ETH-USD"}, {"trade_id": 666009212, "side": "sell", "size": "0.00260445", "price": "2909.90000000", "time": "2025-07-12T15:38:40.398976Z", "fetched_at": "2025-07-12T15:39:33.407657+00:00", "symbol": "ETH-USD"}, {"trade_id": 666009211, "side": "sell", "size": "0.00344770", "price": "2909.72000000", "time": "2025-07-12T15:38:39.803394Z", "fetched_at": "2025-07-12T15:39:33.407657+00:00", "symbol": "ETH-USD"}, {"trade_id": 666009210, "side": "sell", "size": "0.00100000", "price": "2909.72000000", "time": "2025-07-12T15:38:39.782181Z", "fetched_at": "2025-07-12T15:39:33.407657+00:00", "symbol": "ETH-USD"}, {"trade_id": 666009209, "side": "sell", "size": "0.00100000", "price": "2909.72000000", "time": "2025-07-12T15:38:39.782181Z", "fetched_at": "2025-07-12T15:39:33.407657+00:00", "symbol": "ETH-USD"}, {"trade_id": 666009208, "side": "sell", "size": "0.90000000", "price": "2909.70000000", "time": "2025-07-12T15:38:39.725872Z", "fetched_at": "2025-07-12T15:39:33.407657+00:00", "symbol": "ETH-USD"}, {"trade_id": 666009207, "side": "sell", "size": "0.34924681", "price": "2909.51000000", "time": "2025-07-12T15:38:39.718161Z", "fetched_at": "2025-07-12T15:39:33.407657+00:00", "symbol": "ETH-USD"}, {"trade_id": 666009206, "side": "sell", "size": "0.00344770", "price": "2909.50000000", "time": "2025-07-12T15:38:39.718161Z", "fetched_at": "2025-07-12T15:39:33.407657+00:00", "symbol": "ETH-USD"}, {"trade_id": 666009205, "side": "sell", "size": "0.29655320", "price": "2909.30000000", "time": "2025-07-12T15:38:39.678055Z", "fetched_at": "2025-07-12T15:39:33.407657+00:00", "symbol": "ETH-USD"}, {"trade_id": 666009204, "side": "sell", "size": "0.00344680", "price": "2909.29000000", "time": "2025-07-12T15:38:39.678055Z", "fetched_at": "2025-07-12T15:39:33.407657+00:00", "symbol": "ETH-USD"}, {"trade_id": 666009203, "side": "sell", "size": "0.03000000", "price": "2909.07000000", "time": "2025-07-12T15:38:39.658226Z", "fetched_at": "2025-07-12T15:39:33.407657+00:00", "symbol": "ETH-USD"}, {"trade_id": 666009202, "side": "sell", "size": "0.00344656", "price": "2909.23000000", "time": "2025-07-12T15:38:38.653108Z", "fetched_at": "2025-07-12T15:39:33.407657+00:00", "symbol": "ETH-USD"}, {"trade_id": 666009201, "side": "buy", "size": "0.00841818", "price": "2909.21000000", "time": "2025-07-12T15:38:38.588759Z", "fetched_at": "2025-07-12T15:39:33.407657+00:00", "symbol": "ETH-USD"}, {"trade_id": 666009200, "side": "buy", "size": "0.00036560", "price": "2909.50000000", "time": "2025-07-12T15:38:38.588759Z", "fetched_at": "2025-07-12T15:39:33.407657+00:00", "symbol": "ETH-USD"}, {"trade_id": 666009199, "side": "buy", "size": "0.00100000", "price": "2909.28000000", "time": "2025-07-12T15:38:38.549069Z", "fetched_at": "2025-07-12T15:39:33.407657+00:00", "symbol": "ETH-USD"}, {"trade_id": 666009198, "side": "buy", "size": "0.13323000", "price": "2909.31000000", "time": "2025-07-12T15:38:38.549069Z", "fetched_at": "2025-07-12T15:39:33.407657+00:00", "symbol": "ETH-USD"}, {"trade_id": 666009197, "side": "buy", "size": "0.21167300", "price": "2909.40000000", "time": "2025-07-12T15:38:38.549069Z", "fetched_at": "2025-07-12T15:39:33.407657+00:00", "symbol": "ETH-USD"}, {"trade_id": 666009196, "side": "buy", "size": "0.33896073", "price": "2909.51000000", "time": "2025-07-12T15:38:38.549069Z", "fetched_at": "2025-07-12T15:39:33.407657+00:00", "symbol": "ETH-USD"}, {"trade_id": 666009195, "side": "buy", "size": "0.47467418", "price": "2909.40000000", "time": "2025-07-12T15:38:38.544470Z", "fetched_at": "2025-07-12T15:39:33.407657+00:00", "symbol": "ETH-USD"}, {"trade_id": 666009194, "side": "buy", "size": "0.15000000", "price": "2909.41000000", "time": "2025-07-12T15:38:38.544470Z", "fetched_at": "2025-07-12T15:39:33.407657+00:00", "symbol": "ETH-USD"}, {"trade_id": 666009193, "side": "buy", "size": "0.12582689", "price": "2909.49000000", "time": "2025-07-12T15:38:38.544470Z", "fetched_at": "2025-07-12T15:39:33.407657+00:00", "symbol": "ETH-USD"}, {"trade_id": 666009192, "side": "buy", "size": "0.00100000", "price": "2909.50000000", "time": "2025-07-12T15:38:38.544470Z", "fetched_at": "2025-07-12T15:39:33.407657+00:00", "symbol": "ETH-USD"}, {"trade_id": 666009191, "side": "buy", "size": "0.00036422", "price": "2909.60000000", "time": "2025-07-12T15:38:38.543564Z", "fetched_at": "2025-07-12T15:39:33.407657+00:00", "symbol": "ETH-USD"}, {"trade_id": 666009190, "side": "buy", "size": "0.00100000", "price": "2909.72000000", "time": "2025-07-12T15:38:38.536559Z", "fetched_at": "2025-07-12T15:39:33.407657+00:00", "symbol": "ETH-USD"}, {"trade_id": 666009189, "side": "buy", "size": "0.00002061", "price": "2909.85000000", "time": "2025-07-12T15:38:38.536559Z", "fetched_at": "2025-07-12T15:39:33.407657+00:00", "symbol": "ETH-USD"}, {"trade_id": 666009188, "side": "buy", "size": "0.01154627", "price": "2910.03000000", "time": "2025-07-12T15:38:38.536559Z", "fetched_at": "2025-07-12T15:39:33.407657+00:00", "symbol": "ETH-USD"}, {"trade_id": 666009187, "side": "buy", "size": "0.02431933", "price": "2910.03000000", "time": "2025-07-12T15:38:38.536559Z", "fetched_at": "2025-07-12T15:39:33.407657+00:00", "symbol": "ETH-USD"}, {"trade_id": 666009186, "side": "buy", "size": "0.15274969", "price": "2910.17000000", "time": "2025-07-12T15:38:37.850488Z", "fetched_at": "2025-07-12T15:39:33.407657+00:00", "symbol": "ETH-USD"}, {"trade_id": 666009185, "side": "buy", "size": "0.35755179", "price": "2910.17000000", "time": "2025-07-12T15:38:37.849466Z", "fetched_at": "2025-07-12T15:39:33.407657+00:00", "symbol": "ETH-USD"}, {"trade_id": 666009184, "side": "buy", "size": "0.01439000", "price": "2910.17000000", "time": "2025-07-12T15:38:37.849323Z", "fetched_at": "2025-07-12T15:39:33.407657+00:00", "symbol": "ETH-USD"}, {"trade_id": 666009183, "side": "buy", "size": "0.01677000", "price": "2910.27000000", "time": "2025-07-12T15:38:37.765126Z", "fetched_at": "2025-07-12T15:39:33.407657+00:00", "symbol": "ETH-USD"}, {"trade_id": 666009182, "side": "sell", "size": "0.02253169", "price": "2910.20000000", "time": "2025-07-12T15:38:37.721581Z", "fetched_at": "2025-07-12T15:39:33.407657+00:00", "symbol": "ETH-USD"}, {"trade_id": 666009181, "side": "sell", "size": "0.01867195", "price": "2910.18000000", "time": "2025-07-12T15:38:37.721581Z", "fetched_at": "2025-07-12T15:39:33.407657+00:00", "symbol": "ETH-USD"}, {"trade_id": 666009180, "side": "sell", "size": "0.01132805", "price": "2910.18000000", "time": "2025-07-12T15:38:37.580358Z", "fetched_at": "2025-07-12T15:39:33.407657+00:00", "symbol": "ETH-USD"}, {"trade_id": 666009179, "side": "sell", "size": "0.00000728", "price": "2910.18000000", "time": "2025-07-12T15:38:37.580358Z", "fetched_at": "2025-07-12T15:39:33.407657+00:00", "symbol": "ETH-USD"}, {"trade_id": 666009178, "side": "sell", "size": "0.06413000", "price": "2910.18000000", "time": "2025-07-12T15:38:37.487870Z", "fetched_at": "2025-07-12T15:39:33.407657+00:00", "symbol": "ETH-USD"}, {"trade_id": 666009177, "side": "sell", "size": "0.00094393", "price": "2910.17000000", "time": "2025-07-12T15:38:37.436547Z", "fetched_at": "2025-07-12T15:39:33.407657+00:00", "symbol": "ETH-USD"}, {"trade_id": 666009176, "side": "sell", "size": "0.00250266", "price": "2910.17000000", "time": "2025-07-12T15:38:37.434118Z", "fetched_at": "2025-07-12T15:39:33.407657+00:00", "symbol": "ETH-USD"}, {"trade_id": 666009175, "side": "sell", "size": "0.00030999", "price": "2909.95000000", "time": "2025-07-12T15:38:37.322187Z", "fetched_at": "2025-07-12T15:39:33.407657+00:00", "symbol": "ETH-USD"}, {"trade_id": 666009174, "side": "sell", "size": "0.00024005", "price": "2909.95000000", "time": "2025-07-12T15:38:37.322187Z", "fetched_at": "2025-07-12T15:39:33.407657+00:00", "symbol": "ETH-USD"}, {"trade_id": 666009173, "side": "sell", "size": "0.00005590", "price": "2909.95000000", "time": "2025-07-12T15:38:37.322187Z", "fetched_at": "2025-07-12T15:39:33.407657+00:00", "symbol": "ETH-USD"}, {"trade_id": 666009172, "side": "sell", "size": "0.03270175", "price": "2909.95000000", "time": "2025-07-12T15:38:37.220674Z", "fetched_at": "2025-07-12T15:39:33.407657+00:00", "symbol": "ETH-USD"}, {"trade_id": 666009171, "side": "buy", "size": "0.01310208", "price": "2909.85000000", "time": "2025-07-12T15:38:37.215635Z", "fetched_at": "2025-07-12T15:39:33.407657+00:00", "symbol": "ETH-USD"}, {"trade_id": 666009170, "side": "buy", "size": "0.00100000", "price": "2909.94000000", "time": "2025-07-12T15:38:37.215635Z", "fetched_at": "2025-07-12T15:39:33.407657+00:00", "symbol": "ETH-USD"}, {"trade_id": 666009169, "side": "buy", "size": "0.01711206", "price": "2910.00000000", "time": "2025-07-12T15:38:37.215635Z", "fetched_at": "2025-07-12T15:39:33.407657+00:00", "symbol": "ETH-USD"}, {"trade_id": 666009168, "side": "buy", "size": "0.03647678", "price": "2910.07000000", "time": "2025-07-12T15:38:37.215635Z", "fetched_at": "2025-07-12T15:39:33.407657+00:00", "symbol": "ETH-USD"}, {"trade_id": 666009167, "side": "buy", "size": "0.07912852", "price": "2910.17000000", "time": "2025-07-12T15:38:37.215635Z", "fetched_at": "2025-07-12T15:39:33.407657+00:00", "symbol": "ETH-USD"}, {"trade_id": 666009166, "side": "buy", "size": "0.01153197", "price": "2910.17000000", "time": "2025-07-12T15:38:37.215635Z", "fetched_at": "2025-07-12T15:39:33.407657+00:00", "symbol": "ETH-USD"}, {"trade_id": 666009165, "side": "buy", "size": "0.00003436", "price": "2910.17000000", "time": "2025-07-12T15:38:37.215635Z", "fetched_at": "2025-07-12T15:39:33.407657+00:00", "symbol": "ETH-USD"}, {"trade_id": 666009164, "side": "sell", "size": "0.01020173", "price": "2910.18000000", "time": "2025-07-12T15:38:37.074415Z", "fetched_at": "2025-07-12T15:39:33.407657+00:00", "symbol": "ETH-USD"}, {"trade_id": 666009163, "side": "sell", "size": "0.05618654", "price": "2910.19000000", "time": "2025-07-12T15:38:36.293422Z", "fetched_at": "2025-07-12T15:39:33.407657+00:00", "symbol": "ETH-USD"}, {"trade_id": 666009162, "side": "sell", "size": "0.00344645", "price": "2910.18000000", "time": "2025-07-12T15:38:36.293422Z", "fetched_at": "2025-07-12T15:39:33.407657+00:00", "symbol": "ETH-USD"}, {"trade_id": 666009161, "side": "sell", "size": "0.00005046", "price": "2910.18000000", "time": "2025-07-12T15:38:36.293422Z", "fetched_at": "2025-07-12T15:39:33.407657+00:00", "symbol": "ETH-USD"}, {"trade_id": 666009160, "side": "sell", "size": "0.03802650", "price": "2910.18000000", "time": "2025-07-12T15:38:36.293422Z", "fetched_at": "2025-07-12T15:39:33.407657+00:00", "symbol": "ETH-USD"}, {"trade_id": 666009159, "side": "sell", "size": "0.00059451", "price": "2910.18000000", "time": "2025-07-12T15:38:36.014120Z", "fetched_at": "2025-07-12T15:39:33.407657+00:00", "symbol": "ETH-USD"}, {"trade_id": 666009158, "side": "sell", "size": "0.00027963", "price": "2910.18000000", "time": "2025-07-12T15:38:36.014120Z", "fetched_at": "2025-07-12T15:39:33.407657+00:00", "symbol": "ETH-USD"}, {"trade_id": 666009157, "side": "sell", "size": "0.02914345", "price": "2910.49000000", "time": "2025-07-12T15:38:35.362064Z", "fetched_at": "2025-07-12T15:39:33.407657+00:00", "symbol": "ETH-USD"}, {"trade_id": 666009156, "side": "sell", "size": "0.00344611", "price": "2910.18000000", "time": "2025-07-12T15:38:35.362064Z", "fetched_at": "2025-07-12T15:39:33.407657+00:00", "symbol": "ETH-USD"}, {"trade_id": 666009155, "side": "buy", "size": "0.00485755", "price": "2910.10000000", "time": "2025-07-12T15:38:34.816843Z", "fetched_at": "2025-07-12T15:39:33.407657+00:00", "symbol": "ETH-USD"}, {"trade_id": 666009154, "side": "sell", "size": "0.06676014", "price": "2910.10000000", "time": "2025-07-12T15:38:34.617320Z", "fetched_at": "2025-07-12T15:39:33.407657+00:00", "symbol": "ETH-USD"}, {"trade_id": 666009153, "side": "buy", "size": "0.01557832", "price": "2910.07000000", "time": "2025-07-12T15:38:34.516636Z", "fetched_at": "2025-07-12T15:39:33.407657+00:00", "symbol": "ETH-USD"}, {"trade_id": 666009152, "side": "buy", "size": "0.00100000", "price": "2910.16000000", "time": "2025-07-12T15:38:34.516636Z", "fetched_at": "2025-07-12T15:39:33.407657+00:00", "symbol": "ETH-USD"}, {"trade_id": 666009151, "side": "buy", "size": "0.00100000", "price": "2910.38000000", "time": "2025-07-12T15:38:34.516636Z", "fetched_at": "2025-07-12T15:39:33.407657+00:00", "symbol": "ETH-USD"}, {"trade_id": 666009150, "side": "buy", "size": "0.01629560", "price": "2910.60000000", "time": "2025-07-12T15:38:34.516636Z", "fetched_at": "2025-07-12T15:39:33.407657+00:00", "symbol": "ETH-USD"}, {"trade_id": 666009149, "side": "buy", "size": "0.00407819", "price": "2910.60000000", "time": "2025-07-12T15:38:34.516636Z", "fetched_at": "2025-07-12T15:39:33.407657+00:00", "symbol": "ETH-USD"}, {"trade_id": 666009148, "side": "buy", "size": "0.00104789", "price": "2910.60000000", "time": "2025-07-12T15:38:34.516636Z", "fetched_at": "2025-07-12T15:39:33.407657+00:00", "symbol": "ETH-USD"}, {"trade_id": 666009147, "side": "buy", "size": "0.00100000", "price": "2910.60000000", "time": "2025-07-12T15:38:34.516636Z", "fetched_at": "2025-07-12T15:39:33.407657+00:00", "symbol": "ETH-USD"}, {"trade_id": 666009146, "side": "sell", "size": "0.00033326", "price": "2910.61000000", "time": "2025-07-12T15:38:33.293236Z", "fetched_at": "2025-07-12T15:39:33.407657+00:00", "symbol": "ETH-USD"}, {"trade_id": 666009145, "side": "buy", "size": "0.00000687", "price": "2910.72000000", "time": "2025-07-12T15:38:32.740692Z", "fetched_at": "2025-07-12T15:39:33.407657+00:00", "symbol": "ETH-USD"}, {"trade_id": 666009144, "side": "buy", "size": "0.63716001", "price": "2910.72000000", "time": "2025-07-12T15:38:32.740692Z", "fetched_at": "2025-07-12T15:39:33.407657+00:00", "symbol": "ETH-USD"}, {"trade_id": 666009143, "side": "buy", "size": "0.01103748", "price": "2910.99000000", "time": "2025-07-12T15:38:32.377163Z", "fetched_at": "2025-07-12T15:39:33.407657+00:00", "symbol": "ETH-USD"}, {"trade_id": 666009142, "side": "buy", "size": "0.00001374", "price": "2910.99000000", "time": "2025-07-12T15:38:32.377163Z", "fetched_at": "2025-07-12T15:39:33.407657+00:00", "symbol": "ETH-USD"}, {"trade_id": 666009141, "side": "buy", "size": "0.67252001", "price": "2910.99000000", "time": "2025-07-12T15:38:32.377163Z", "fetched_at": "2025-07-12T15:39:33.407657+00:00", "symbol": "ETH-USD"}, {"trade_id": 666009140, "side": "sell", "size": "0.02675431", "price": "2911.00000000", "time": "2025-07-12T15:38:30.795718Z", "fetched_at": "2025-07-12T15:39:33.407657+00:00", "symbol": "ETH-USD"}, {"trade_id": 666009139, "side": "sell", "size": "0.00344569", "price": "2910.99000000", "time": "2025-07-12T15:38:30.795718Z", "fetched_at": "2025-07-12T15:39:33.407657+00:00", "symbol": "ETH-USD"}, {"trade_id": 666009138, "side": "buy", "size": "0.27351840", "price": "2910.61000000", "time": "2025-07-12T15:38:30.741876Z", "fetched_at": "2025-07-12T15:39:33.407657+00:00", "symbol": "ETH-USD"}, {"trade_id": 666009137, "side": "buy", "size": "0.41089007", "price": "2910.65000000", "time": "2025-07-12T15:38:30.741876Z", "fetched_at": "2025-07-12T15:39:33.407657+00:00", "symbol": "ETH-USD"}, {"trade_id": 666009136, "side": "buy", "size": "0.19401896", "price": "2910.68000000", "time": "2025-07-12T15:38:30.741876Z", "fetched_at": "2025-07-12T15:39:33.407657+00:00", "symbol": "ETH-USD"}, {"trade_id": 666009135, "side": "buy", "size": "0.30000000", "price": "2910.70000000", "time": "2025-07-12T15:38:30.741876Z", "fetched_at": "2025-07-12T15:39:33.407657+00:00", "symbol": "ETH-USD"}, {"trade_id": 666009134, "side": "buy", "size": "0.00100000", "price": "2910.82000000", "time": "2025-07-12T15:38:30.741876Z", "fetched_at": "2025-07-12T15:39:33.407657+00:00", "symbol": "ETH-USD"}, {"trade_id": 666009133, "side": "buy", "size": "0.00222610", "price": "2910.91000000", "time": "2025-07-12T15:38:30.741876Z", "fetched_at": "2025-07-12T15:39:33.407657+00:00", "symbol": "ETH-USD"}, {"trade_id": 666009132, "side": "buy", "size": "0.01655839", "price": "2910.91000000", "time": "2025-07-12T15:38:30.741876Z", "fetched_at": "2025-07-12T15:39:33.407657+00:00", "symbol": "ETH-USD"}, {"trade_id": 666009131, "side": "buy", "size": "0.04406763", "price": "2910.98000000", "time": "2025-07-12T15:38:30.741876Z", "fetched_at": "2025-07-12T15:39:33.407657+00:00", "symbol": "ETH-USD"}, {"trade_id": 666009130, "side": "buy", "size": "0.00088044", "price": "2910.99000000", "time": "2025-07-12T15:38:30.741876Z", "fetched_at": "2025-07-12T15:39:33.407657+00:00", "symbol": "ETH-USD"}, {"trade_id": 666009129, "side": "buy", "size": "0.75684001", "price": "2910.99000000", "time": "2025-07-12T15:38:30.741876Z", "fetched_at": "2025-07-12T15:39:33.407657+00:00", "symbol": "ETH-USD"}, {"trade_id": 666009128, "side": "sell", "size": "0.01335590", "price": "2911.00000000", "time": "2025-07-12T15:38:30.725176Z", "fetched_at": "2025-07-12T15:39:33.407657+00:00", "symbol": "ETH-USD"}, {"trade_id": 666009127, "side": "buy", "size": "0.06750204", "price": "2910.98000000", "time": "2025-07-12T15:38:30.276351Z", "fetched_at": "2025-07-12T15:39:33.407657+00:00", "symbol": "ETH-USD"}, {"trade_id": 666009126, "side": "sell", "size": "0.00632749", "price": "2911.24000000", "time": "2025-07-12T15:38:29.703151Z", "fetched_at": "2025-07-12T15:39:33.407657+00:00", "symbol": "ETH-USD"}, {"trade_id": 666009125, "side": "sell", "size": "0.00344532", "price": "2911.23000000", "time": "2025-07-12T15:38:29.703151Z", "fetched_at": "2025-07-12T15:39:33.407657+00:00", "symbol": "ETH-USD"}, {"trade_id": 666009124, "side": "sell", "size": "0.04794873", "price": "2911.23000000", "time": "2025-07-12T15:38:29.640513Z", "fetched_at": "2025-07-12T15:39:33.407657+00:00", "symbol": "ETH-USD"}, {"trade_id": 666009123, "side": "sell", "size": "0.00344536", "price": "2911.22000000", "time": "2025-07-12T15:38:29.640513Z", "fetched_at": "2025-07-12T15:39:33.407657+00:00", "symbol": "ETH-USD"}, {"trade_id": 666009122, "side": "buy", "size": "0.48841246", "price": "2910.93000000", "time": "2025-07-12T15:38:29.505448Z", "fetched_at": "2025-07-12T15:39:33.407657+00:00", "symbol": "ETH-USD"}, {"trade_id": 666009121, "side": "buy", "size": "0.00100000", "price": "2911.04000000", "time": "2025-07-12T15:38:29.111887Z", "fetched_at": "2025-07-12T15:39:33.407657+00:00", "symbol": "ETH-USD"}, {"trade_id": 666009120, "side": "buy", "size": "0.80784001", "price": "2911.26000000", "time": "2025-07-12T15:38:29.110922Z", "fetched_at": "2025-07-12T15:39:33.407657+00:00", "symbol": "ETH-USD"}, {"trade_id": 666009119, "side": "buy", "size": "0.00222584", "price": "2911.26000000", "time": "2025-07-12T15:38:29.110922Z", "fetched_at": "2025-07-12T15:39:33.407657+00:00", "symbol": "ETH-USD"}, {"trade_id": 666009118, "side": "buy", "size": "0.00533789", "price": "2911.26000000", "time": "2025-07-12T15:38:29.110922Z", "fetched_at": "2025-07-12T15:39:33.407657+00:00", "symbol": "ETH-USD"}, {"trade_id": 666009117, "side": "buy", "size": "0.00100000", "price": "2911.26000000", "time": "2025-07-12T15:38:29.110922Z", "fetched_at": "2025-07-12T15:39:33.407657+00:00", "symbol": "ETH-USD"}, {"trade_id": 666009116, "side": "sell", "size": "0.07263941", "price": "2911.67000000", "time": "2025-07-12T15:38:28.308778Z", "fetched_at": "2025-07-12T15:39:33.407657+00:00", "symbol": "ETH-USD"}, {"trade_id": 666009115, "side": "sell", "size": "0.46152178", "price": "2911.65000000", "time": "2025-07-12T15:38:28.308778Z", "fetched_at": "2025-07-12T15:39:33.407657+00:00", "symbol": "ETH-USD"}, {"trade_id": 666009114, "side": "sell", "size": "0.07266821", "price": "2911.64000000", "time": "2025-07-12T15:38:28.308778Z", "fetched_at": "2025-07-12T15:39:33.407657+00:00", "symbol": "ETH-USD"}, {"trade_id": 666009113, "side": "sell", "size": "0.32601889", "price": "2911.64000000", "time": "2025-07-12T15:38:28.308778Z", "fetched_at": "2025-07-12T15:39:33.407657+00:00", "symbol": "ETH-USD"}