[{"trade_id": 666021347, "side": "buy", "size": "0.01644050", "price": "2925.70000000", "time": "2025-07-12T16:10:45.536712Z", "fetched_at": "2025-07-12T16:10:49.810508+00:00", "symbol": "ETH-USD"}, {"trade_id": 666021346, "side": "buy", "size": "0.00000683", "price": "2925.70000000", "time": "2025-07-12T16:10:45.536712Z", "fetched_at": "2025-07-12T16:10:49.810508+00:00", "symbol": "ETH-USD"}, {"trade_id": 666021345, "side": "buy", "size": "0.00001708", "price": "2925.70000000", "time": "2025-07-12T16:10:45.536712Z", "fetched_at": "2025-07-12T16:10:49.810508+00:00", "symbol": "ETH-USD"}, {"trade_id": 666021344, "side": "buy", "size": "0.00000341", "price": "2925.70000000", "time": "2025-07-12T16:10:45.536712Z", "fetched_at": "2025-07-12T16:10:49.810508+00:00", "symbol": "ETH-USD"}, {"trade_id": 666021343, "side": "buy", "size": "0.19999925", "price": "2925.74000000", "time": "2025-07-12T16:10:43.252413Z", "fetched_at": "2025-07-12T16:10:49.810508+00:00", "symbol": "ETH-USD"}, {"trade_id": 666021342, "side": "buy", "size": "0.00000341", "price": "2925.76000000", "time": "2025-07-12T16:10:43.252413Z", "fetched_at": "2025-07-12T16:10:49.810508+00:00", "symbol": "ETH-USD"}, {"trade_id": 666021341, "side": "buy", "size": "0.00341784", "price": "2925.83000000", "time": "2025-07-12T16:10:43.252413Z", "fetched_at": "2025-07-12T16:10:49.810508+00:00", "symbol": "ETH-USD"}, {"trade_id": 666021340, "side": "buy", "size": "0.04384738", "price": "2925.83000000", "time": "2025-07-12T16:10:43.252413Z", "fetched_at": "2025-07-12T16:10:49.810508+00:00", "symbol": "ETH-USD"}, {"trade_id": 666021339, "side": "buy", "size": "0.01644319", "price": "2925.83000000", "time": "2025-07-12T16:10:43.252413Z", "fetched_at": "2025-07-12T16:10:49.810508+00:00", "symbol": "ETH-USD"}, {"trade_id": 666021338, "side": "sell", "size": "0.00098925", "price": "2925.84000000", "time": "2025-07-12T16:10:41.111919Z", "fetched_at": "2025-07-12T16:10:49.810508+00:00", "symbol": "ETH-USD"}, {"trade_id": 666021337, "side": "sell", "size": "0.41214665", "price": "2925.77000000", "time": "2025-07-12T16:10:38.889419Z", "fetched_at": "2025-07-12T16:10:49.810508+00:00", "symbol": "ETH-USD"}, {"trade_id": 666021336, "side": "sell", "size": "0.00676791", "price": "2925.77000000", "time": "2025-07-12T16:10:38.776943Z", "fetched_at": "2025-07-12T16:10:49.810508+00:00", "symbol": "ETH-USD"}, {"trade_id": 666021335, "side": "sell", "size": "0.33452545", "price": "2925.77000000", "time": "2025-07-12T16:10:38.426877Z", "fetched_at": "2025-07-12T16:10:49.810508+00:00", "symbol": "ETH-USD"}, {"trade_id": 666021334, "side": "buy", "size": "0.01644229", "price": "2925.99000000", "time": "2025-07-12T16:10:37.670312Z", "fetched_at": "2025-07-12T16:10:49.810508+00:00", "symbol": "ETH-USD"}, {"trade_id": 666021333, "side": "buy", "size": "0.04384840", "price": "2925.99000000", "time": "2025-07-12T16:10:37.670312Z", "fetched_at": "2025-07-12T16:10:49.810508+00:00", "symbol": "ETH-USD"}, {"trade_id": 666021332, "side": "buy", "size": "0.83163151", "price": "2925.99000000", "time": "2025-07-12T16:10:37.670312Z", "fetched_at": "2025-07-12T16:10:49.810508+00:00", "symbol": "ETH-USD"}, {"trade_id": 666021331, "side": "buy", "size": "3.25700399", "price": "2925.99000000", "time": "2025-07-12T16:10:37.670312Z", "fetched_at": "2025-07-12T16:10:49.810508+00:00", "symbol": "ETH-USD"}, {"trade_id": 666021330, "side": "buy", "size": "0.77456376", "price": "2925.99000000", "time": "2025-07-12T16:10:37.670312Z", "fetched_at": "2025-07-12T16:10:49.810508+00:00", "symbol": "ETH-USD"}, {"trade_id": 666021329, "side": "buy", "size": "0.00000341", "price": "2925.99000000", "time": "2025-07-12T16:10:37.670312Z", "fetched_at": "2025-07-12T16:10:49.810508+00:00", "symbol": "ETH-USD"}, {"trade_id": 666021328, "side": "sell", "size": "0.04861471", "price": "2926.00000000", "time": "2025-07-12T16:10:37.252523Z", "fetched_at": "2025-07-12T16:10:49.810508+00:00", "symbol": "ETH-USD"}, {"trade_id": 666021327, "side": "sell", "size": "0.00045341", "price": "2926.00000000", "time": "2025-07-12T16:10:35.295595Z", "fetched_at": "2025-07-12T16:10:49.810508+00:00", "symbol": "ETH-USD"}, {"trade_id": 666021326, "side": "sell", "size": "0.00730227", "price": "2926.00000000", "time": "2025-07-12T16:10:34.023952Z", "fetched_at": "2025-07-12T16:10:49.810508+00:00", "symbol": "ETH-USD"}, {"trade_id": 666021325, "side": "sell", "size": "0.00100000", "price": "2926.00000000", "time": "2025-07-12T16:10:34.023952Z", "fetched_at": "2025-07-12T16:10:49.810508+00:00", "symbol": "ETH-USD"}, {"trade_id": 666021324, "side": "sell", "size": "0.27782986", "price": "2925.77000000", "time": "2025-07-12T16:10:33.263665Z", "fetched_at": "2025-07-12T16:10:49.810508+00:00", "symbol": "ETH-USD"}, {"trade_id": 666021323, "side": "buy", "size": "0.58363704", "price": "2925.96000000", "time": "2025-07-12T16:10:33.119242Z", "fetched_at": "2025-07-12T16:10:49.810508+00:00", "symbol": "ETH-USD"}, {"trade_id": 666021322, "side": "buy", "size": "0.00893000", "price": "2925.98000000", "time": "2025-07-12T16:10:32.603906Z", "fetched_at": "2025-07-12T16:10:49.810508+00:00", "symbol": "ETH-USD"}, {"trade_id": 666021321, "side": "sell", "size": "0.01677000", "price": "2925.99000000", "time": "2025-07-12T16:10:32.595946Z", "fetched_at": "2025-07-12T16:10:49.810508+00:00", "symbol": "ETH-USD"}, {"trade_id": 666021320, "side": "sell", "size": "0.01677000", "price": "2925.99000000", "time": "2025-07-12T16:10:32.595735Z", "fetched_at": "2025-07-12T16:10:49.810508+00:00", "symbol": "ETH-USD"}, {"trade_id": 666021319, "side": "sell", "size": "0.01677000", "price": "2925.99000000", "time": "2025-07-12T16:10:32.595631Z", "fetched_at": "2025-07-12T16:10:49.810508+00:00", "symbol": "ETH-USD"}, {"trade_id": 666021318, "side": "sell", "size": "0.17089239", "price": "2925.82000000", "time": "2025-07-12T16:10:32.595572Z", "fetched_at": "2025-07-12T16:10:49.810508+00:00", "symbol": "ETH-USD"}, {"trade_id": 666021317, "side": "sell", "size": "0.15000000", "price": "2925.81000000", "time": "2025-07-12T16:10:32.595572Z", "fetched_at": "2025-07-12T16:10:49.810508+00:00", "symbol": "ETH-USD"}, {"trade_id": 666021316, "side": "sell", "size": "0.55828001", "price": "2925.59000000", "time": "2025-07-12T16:10:32.594638Z", "fetched_at": "2025-07-12T16:10:49.810508+00:00", "symbol": "ETH-USD"}, {"trade_id": 666021315, "side": "sell", "size": "0.03501369", "price": "2925.59000000", "time": "2025-07-12T16:10:32.594638Z", "fetched_at": "2025-07-12T16:10:49.810508+00:00", "symbol": "ETH-USD"}, {"trade_id": 666021314, "side": "sell", "size": "0.02572236", "price": "2925.41000000", "time": "2025-07-12T16:10:32.201841Z", "fetched_at": "2025-07-12T16:10:49.810508+00:00", "symbol": "ETH-USD"}, {"trade_id": 666021313, "side": "sell", "size": "0.14518764", "price": "2925.38000000", "time": "2025-07-12T16:10:32.201841Z", "fetched_at": "2025-07-12T16:10:49.810508+00:00", "symbol": "ETH-USD"}, {"trade_id": 666021312, "side": "buy", "size": "0.00623609", "price": "2925.37000000", "time": "2025-07-12T16:10:31.607655Z", "fetched_at": "2025-07-12T16:10:49.810508+00:00", "symbol": "ETH-USD"}, {"trade_id": 666021311, "side": "sell", "size": "0.65449237", "price": "2925.38000000", "time": "2025-07-12T16:10:31.194771Z", "fetched_at": "2025-07-12T16:10:49.810508+00:00", "symbol": "ETH-USD"}, {"trade_id": 666021310, "side": "buy", "size": "0.04384771", "price": "2925.58000000", "time": "2025-07-12T16:10:30.631530Z", "fetched_at": "2025-07-12T16:10:49.810508+00:00", "symbol": "ETH-USD"}, {"trade_id": 666021309, "side": "buy", "size": "0.00000341", "price": "2925.58000000", "time": "2025-07-12T16:10:30.631530Z", "fetched_at": "2025-07-12T16:10:49.810508+00:00", "symbol": "ETH-USD"}, {"trade_id": 666021308, "side": "buy", "size": "2.37452954", "price": "2925.58000000", "time": "2025-07-12T16:10:30.631530Z", "fetched_at": "2025-07-12T16:10:49.810508+00:00", "symbol": "ETH-USD"}, {"trade_id": 666021307, "side": "buy", "size": "0.00000683", "price": "2925.58000000", "time": "2025-07-12T16:10:30.631530Z", "fetched_at": "2025-07-12T16:10:49.810508+00:00", "symbol": "ETH-USD"}, {"trade_id": 666021306, "side": "sell", "size": "0.00482637", "price": "2925.59000000", "time": "2025-07-12T16:10:29.522929Z", "fetched_at": "2025-07-12T16:10:49.810508+00:00", "symbol": "ETH-USD"}, {"trade_id": 666021305, "side": "buy", "size": "0.91191072", "price": "2925.58000000", "time": "2025-07-12T16:10:29.520823Z", "fetched_at": "2025-07-12T16:10:49.810508+00:00", "symbol": "ETH-USD"}, {"trade_id": 666021304, "side": "buy", "size": "0.63449100", "price": "2925.83000000", "time": "2025-07-12T16:10:28.489081Z", "fetched_at": "2025-07-12T16:10:49.810508+00:00", "symbol": "ETH-USD"}, {"trade_id": 666021303, "side": "buy", "size": "0.00000683", "price": "2925.83000000", "time": "2025-07-12T16:10:28.489081Z", "fetched_at": "2025-07-12T16:10:49.810508+00:00", "symbol": "ETH-USD"}, {"trade_id": 666021302, "side": "sell", "size": "0.00484809", "price": "2925.84000000", "time": "2025-07-12T16:10:28.383550Z", "fetched_at": "2025-07-12T16:10:49.810508+00:00", "symbol": "ETH-USD"}, {"trade_id": 666021301, "side": "buy", "size": "0.42509613", "price": "2925.06000000", "time": "2025-07-12T16:10:28.225099Z", "fetched_at": "2025-07-12T16:10:49.810508+00:00", "symbol": "ETH-USD"}, {"trade_id": 666021300, "side": "buy", "size": "0.19999893", "price": "2925.10000000", "time": "2025-07-12T16:10:28.225099Z", "fetched_at": "2025-07-12T16:10:49.810508+00:00", "symbol": "ETH-USD"}, {"trade_id": 666021299, "side": "buy", "size": "0.00100000", "price": "2925.12000000", "time": "2025-07-12T16:10:28.225099Z", "fetched_at": "2025-07-12T16:10:49.810508+00:00", "symbol": "ETH-USD"}, {"trade_id": 666021298, "side": "buy", "size": "0.80000000", "price": "2925.13000000", "time": "2025-07-12T16:10:28.225099Z", "fetched_at": "2025-07-12T16:10:49.810508+00:00", "symbol": "ETH-USD"}, {"trade_id": 666021297, "side": "buy", "size": "0.20000000", "price": "2925.13000000", "time": "2025-07-12T16:10:28.225099Z", "fetched_at": "2025-07-12T16:10:49.810508+00:00", "symbol": "ETH-USD"}, {"trade_id": 666021296, "side": "buy", "size": "0.40000000", "price": "2925.13000000", "time": "2025-07-12T16:10:28.225099Z", "fetched_at": "2025-07-12T16:10:49.810508+00:00", "symbol": "ETH-USD"}, {"trade_id": 666021295, "side": "buy", "size": "1.35508698", "price": "2925.14000000", "time": "2025-07-12T16:10:28.225099Z", "fetched_at": "2025-07-12T16:10:49.810508+00:00", "symbol": "ETH-USD"}, {"trade_id": 666021294, "side": "buy", "size": "2.70634872", "price": "2925.14000000", "time": "2025-07-12T16:10:28.225099Z", "fetched_at": "2025-07-12T16:10:49.810508+00:00", "symbol": "ETH-USD"}, {"trade_id": 666021293, "side": "buy", "size": "0.61127328", "price": "2925.16000000", "time": "2025-07-12T16:10:28.225099Z", "fetched_at": "2025-07-12T16:10:49.810508+00:00", "symbol": "ETH-USD"}, {"trade_id": 666021292, "side": "buy", "size": "0.85464665", "price": "2925.18000000", "time": "2025-07-12T16:10:28.225099Z", "fetched_at": "2025-07-12T16:10:49.810508+00:00", "symbol": "ETH-USD"}, {"trade_id": 666021291, "side": "buy", "size": "0.32776330", "price": "2925.19000000", "time": "2025-07-12T16:10:28.225099Z", "fetched_at": "2025-07-12T16:10:49.810508+00:00", "symbol": "ETH-USD"}, {"trade_id": 666021290, "side": "buy", "size": "0.62189818", "price": "2925.23000000", "time": "2025-07-12T16:10:28.225099Z", "fetched_at": "2025-07-12T16:10:49.810508+00:00", "symbol": "ETH-USD"}, {"trade_id": 666021289, "side": "buy", "size": "1.34071798", "price": "2925.25000000", "time": "2025-07-12T16:10:28.225099Z", "fetched_at": "2025-07-12T16:10:49.810508+00:00", "symbol": "ETH-USD"}, {"trade_id": 666021288, "side": "buy", "size": "2.50191669", "price": "2925.26000000", "time": "2025-07-12T16:10:28.225099Z", "fetched_at": "2025-07-12T16:10:49.810508+00:00", "symbol": "ETH-USD"}, {"trade_id": 666021287, "side": "buy", "size": "0.45084000", "price": "2925.27000000", "time": "2025-07-12T16:10:28.225099Z", "fetched_at": "2025-07-12T16:10:49.810508+00:00", "symbol": "ETH-USD"}, {"trade_id": 666021286, "side": "buy", "size": "2.04986732", "price": "2925.30000000", "time": "2025-07-12T16:10:28.225099Z", "fetched_at": "2025-07-12T16:10:49.810508+00:00", "symbol": "ETH-USD"}, {"trade_id": 666021285, "side": "buy", "size": "0.32348592", "price": "2925.31000000", "time": "2025-07-12T16:10:28.225099Z", "fetched_at": "2025-07-12T16:10:49.810508+00:00", "symbol": "ETH-USD"}, {"trade_id": 666021284, "side": "buy", "size": "0.20000000", "price": "2925.32000000", "time": "2025-07-12T16:10:28.225099Z", "fetched_at": "2025-07-12T16:10:49.810508+00:00", "symbol": "ETH-USD"}, {"trade_id": 666021283, "side": "buy", "size": "0.40000000", "price": "2925.32000000", "time": "2025-07-12T16:10:28.225099Z", "fetched_at": "2025-07-12T16:10:49.810508+00:00", "symbol": "ETH-USD"}, {"trade_id": 666021282, "side": "buy", "size": "0.41099060", "price": "2925.33000000", "time": "2025-07-12T16:10:28.225099Z", "fetched_at": "2025-07-12T16:10:49.810508+00:00", "symbol": "ETH-USD"}, {"trade_id": 666021281, "side": "buy", "size": "0.12005819", "price": "2925.34000000", "time": "2025-07-12T16:10:28.225099Z", "fetched_at": "2025-07-12T16:10:49.810508+00:00", "symbol": "ETH-USD"}, {"trade_id": 666021280, "side": "buy", "size": "0.00100000", "price": "2925.34000000", "time": "2025-07-12T16:10:28.225099Z", "fetched_at": "2025-07-12T16:10:49.810508+00:00", "symbol": "ETH-USD"}, {"trade_id": 666021279, "side": "buy", "size": "0.00511336", "price": "2925.34000000", "time": "2025-07-12T16:10:28.225099Z", "fetched_at": "2025-07-12T16:10:49.810508+00:00", "symbol": "ETH-USD"}, {"trade_id": 666021278, "side": "buy", "size": "0.47473916", "price": "2925.35000000", "time": "2025-07-12T16:10:28.225099Z", "fetched_at": "2025-07-12T16:10:49.810508+00:00", "symbol": "ETH-USD"}, {"trade_id": 666021277, "side": "buy", "size": "0.59446912", "price": "2925.36000000", "time": "2025-07-12T16:10:28.225099Z", "fetched_at": "2025-07-12T16:10:49.810508+00:00", "symbol": "ETH-USD"}, {"trade_id": 666021276, "side": "buy", "size": "0.47250000", "price": "2925.37000000", "time": "2025-07-12T16:10:28.225099Z", "fetched_at": "2025-07-12T16:10:49.810508+00:00", "symbol": "ETH-USD"}, {"trade_id": 666021275, "side": "buy", "size": "1.02521747", "price": "2925.38000000", "time": "2025-07-12T16:10:28.225099Z", "fetched_at": "2025-07-12T16:10:49.810508+00:00", "symbol": "ETH-USD"}, {"trade_id": 666021274, "side": "buy", "size": "1.78321487", "price": "2925.38000000", "time": "2025-07-12T16:10:28.225099Z", "fetched_at": "2025-07-12T16:10:49.810508+00:00", "symbol": "ETH-USD"}, {"trade_id": 666021273, "side": "buy", "size": "0.32403781", "price": "2925.41000000", "time": "2025-07-12T16:10:28.225099Z", "fetched_at": "2025-07-12T16:10:49.810508+00:00", "symbol": "ETH-USD"}, {"trade_id": 666021272, "side": "buy", "size": "0.44112072", "price": "2925.46000000", "time": "2025-07-12T16:10:28.225099Z", "fetched_at": "2025-07-12T16:10:49.810508+00:00", "symbol": "ETH-USD"}, {"trade_id": 666021271, "side": "buy", "size": "0.83485452", "price": "2925.47000000", "time": "2025-07-12T16:10:28.225099Z", "fetched_at": "2025-07-12T16:10:49.810508+00:00", "symbol": "ETH-USD"}, {"trade_id": 666021270, "side": "buy", "size": "0.10000000", "price": "2925.47000000", "time": "2025-07-12T16:10:28.225099Z", "fetched_at": "2025-07-12T16:10:49.810508+00:00", "symbol": "ETH-USD"}, {"trade_id": 666021269, "side": "buy", "size": "0.82558514", "price": "2925.48000000", "time": "2025-07-12T16:10:28.225099Z", "fetched_at": "2025-07-12T16:10:49.810508+00:00", "symbol": "ETH-USD"}, {"trade_id": 666021268, "side": "buy", "size": "0.11342884", "price": "2925.49000000", "time": "2025-07-12T16:10:28.225099Z", "fetched_at": "2025-07-12T16:10:49.810508+00:00", "symbol": "ETH-USD"}, {"trade_id": 666021267, "side": "buy", "size": "0.00100000", "price": "2925.56000000", "time": "2025-07-12T16:10:28.225099Z", "fetched_at": "2025-07-12T16:10:49.810508+00:00", "symbol": "ETH-USD"}, {"trade_id": 666021266, "side": "buy", "size": "0.20799683", "price": "2925.77000000", "time": "2025-07-12T16:10:28.225099Z", "fetched_at": "2025-07-12T16:10:49.810508+00:00", "symbol": "ETH-USD"}, {"trade_id": 666021265, "side": "buy", "size": "0.04672274", "price": "2925.77000000", "time": "2025-07-12T16:10:28.225099Z", "fetched_at": "2025-07-12T16:10:49.810508+00:00", "symbol": "ETH-USD"}, {"trade_id": 666021264, "side": "buy", "size": "0.02147810", "price": "2925.77000000", "time": "2025-07-12T16:10:28.225099Z", "fetched_at": "2025-07-12T16:10:49.810508+00:00", "symbol": "ETH-USD"}, {"trade_id": 666021263, "side": "buy", "size": "0.13667304", "price": "2925.78000000", "time": "2025-07-12T16:10:28.225099Z", "fetched_at": "2025-07-12T16:10:49.810508+00:00", "symbol": "ETH-USD"}, {"trade_id": 666021262, "side": "buy", "size": "0.00341784", "price": "2925.83000000", "time": "2025-07-12T16:10:28.225099Z", "fetched_at": "2025-07-12T16:10:49.810508+00:00", "symbol": "ETH-USD"}, {"trade_id": 666021261, "side": "buy", "size": "0.64983024", "price": "2925.83000000", "time": "2025-07-12T16:10:28.225099Z", "fetched_at": "2025-07-12T16:10:49.810508+00:00", "symbol": "ETH-USD"}, {"trade_id": 666021260, "side": "buy", "size": "0.15000000", "price": "2925.83000000", "time": "2025-07-12T16:10:28.225099Z", "fetched_at": "2025-07-12T16:10:49.810508+00:00", "symbol": "ETH-USD"}, {"trade_id": 666021259, "side": "buy", "size": "0.41799514", "price": "2925.83000000", "time": "2025-07-12T16:10:28.225099Z", "fetched_at": "2025-07-12T16:10:49.810508+00:00", "symbol": "ETH-USD"}, {"trade_id": 666021258, "side": "buy", "size": "0.06861619", "price": "2925.83000000", "time": "2025-07-12T16:10:28.225099Z", "fetched_at": "2025-07-12T16:10:49.810508+00:00", "symbol": "ETH-USD"}, {"trade_id": 666021257, "side": "buy", "size": "0.00341739", "price": "2926.21000000", "time": "2025-07-12T16:10:27.801769Z", "fetched_at": "2025-07-12T16:10:49.810508+00:00", "symbol": "ETH-USD"}, {"trade_id": 666021256, "side": "buy", "size": "0.64591560", "price": "2926.21000000", "time": "2025-07-12T16:10:27.801769Z", "fetched_at": "2025-07-12T16:10:49.810508+00:00", "symbol": "ETH-USD"}, {"trade_id": 666021255, "side": "buy", "size": "0.00088383", "price": "2926.21000000", "time": "2025-07-12T16:10:27.801769Z", "fetched_at": "2025-07-12T16:10:49.810508+00:00", "symbol": "ETH-USD"}, {"trade_id": 666021254, "side": "sell", "size": "0.00001115", "price": "2926.01000000", "time": "2025-07-12T16:10:26.302284Z", "fetched_at": "2025-07-12T16:10:49.810508+00:00", "symbol": "ETH-USD"}, {"trade_id": 666021253, "side": "sell", "size": "0.00010063", "price": "2926.01000000", "time": "2025-07-12T16:10:26.274898Z", "fetched_at": "2025-07-12T16:10:49.810508+00:00", "symbol": "ETH-USD"}, {"trade_id": 666021252, "side": "sell", "size": "0.00048003", "price": "2926.01000000", "time": "2025-07-12T16:10:26.274898Z", "fetched_at": "2025-07-12T16:10:49.810508+00:00", "symbol": "ETH-USD"}, {"trade_id": 666021251, "side": "sell", "size": "0.00062008", "price": "2926.01000000", "time": "2025-07-12T16:10:26.274898Z", "fetched_at": "2025-07-12T16:10:49.810508+00:00", "symbol": "ETH-USD"}, {"trade_id": 666021250, "side": "sell", "size": "0.07098591", "price": "2926.01000000", "time": "2025-07-12T16:10:26.274898Z", "fetched_at": "2025-07-12T16:10:49.810508+00:00", "symbol": "ETH-USD"}, {"trade_id": 666021249, "side": "sell", "size": "0.00010335", "price": "2926.01000000", "time": "2025-07-12T16:10:26.274898Z", "fetched_at": "2025-07-12T16:10:49.810508+00:00", "symbol": "ETH-USD"}, {"trade_id": 666021248, "side": "sell", "size": "0.17088595", "price": "2925.93000000", "time": "2025-07-12T16:10:26.274647Z", "fetched_at": "2025-07-12T16:10:49.810508+00:00", "symbol": "ETH-USD"}, {"trade_id": 666021247, "side": "sell", "size": "0.85444000", "price": "2925.89000000", "time": "2025-07-12T16:10:26.273455Z", "fetched_at": "2025-07-12T16:10:49.810508+00:00", "symbol": "ETH-USD"}, {"trade_id": 666021246, "side": "sell", "size": "0.58344001", "price": "2925.78000000", "time": "2025-07-12T16:10:26.264600Z", "fetched_at": "2025-07-12T16:10:49.810508+00:00", "symbol": "ETH-USD"}, {"trade_id": 666021245, "side": "sell", "size": "0.19896781", "price": "2925.87000000", "time": "2025-07-12T16:10:25.514077Z", "fetched_at": "2025-07-12T16:10:49.810508+00:00", "symbol": "ETH-USD"}, {"trade_id": 666021244, "side": "sell", "size": "0.17089070", "price": "2925.85000000", "time": "2025-07-12T16:10:25.514077Z", "fetched_at": "2025-07-12T16:10:49.810508+00:00", "symbol": "ETH-USD"}, {"trade_id": 666021243, "side": "sell", "size": "0.09774147", "price": "2925.84000000", "time": "2025-07-12T16:10:25.514077Z", "fetched_at": "2025-07-12T16:10:49.810508+00:00", "symbol": "ETH-USD"}, {"trade_id": 666021242, "side": "sell", "size": "0.20225853", "price": "2925.57000000", "time": "2025-07-12T16:10:25.514077Z", "fetched_at": "2025-07-12T16:10:49.810508+00:00", "symbol": "ETH-USD"}, {"trade_id": 666021241, "side": "sell", "size": "0.60996001", "price": "2925.57000000", "time": "2025-07-12T16:10:25.514077Z", "fetched_at": "2025-07-12T16:10:49.810508+00:00", "symbol": "ETH-USD"}, {"trade_id": 666021240, "side": "sell", "size": "0.01677000", "price": "2925.57000000", "time": "2025-07-12T16:10:25.382336Z", "fetched_at": "2025-07-12T16:10:49.810508+00:00", "symbol": "ETH-USD"}, {"trade_id": 666021239, "side": "buy", "size": "0.13668814", "price": "2925.65000000", "time": "2025-07-12T16:10:25.367Z", "fetched_at": "2025-07-12T16:10:49.810508+00:00", "symbol": "ETH-USD"}, {"trade_id": 666021238, "side": "buy", "size": "0.02788987", "price": "2925.67000000", "time": "2025-07-12T16:10:25.367Z", "fetched_at": "2025-07-12T16:10:49.810508+00:00", "symbol": "ETH-USD"}, {"trade_id": 666021237, "side": "buy", "size": "0.75807000", "price": "2925.76000000", "time": "2025-07-12T16:10:25.356524Z", "fetched_at": "2025-07-12T16:10:49.810508+00:00", "symbol": "ETH-USD"}, {"trade_id": 666021236, "side": "buy", "size": "0.00100000", "price": "2925.78000000", "time": "2025-07-12T16:10:25.356524Z", "fetched_at": "2025-07-12T16:10:49.810508+00:00", "symbol": "ETH-USD"}, {"trade_id": 666021235, "side": "buy", "size": "0.75907596", "price": "2925.81000000", "time": "2025-07-12T16:10:25.351931Z", "fetched_at": "2025-07-12T16:10:49.810508+00:00", "symbol": "ETH-USD"}, {"trade_id": 666021234, "side": "buy", "size": "0.33610730", "price": "2925.87000000", "time": "2025-07-12T16:10:25.351931Z", "fetched_at": "2025-07-12T16:10:49.810508+00:00", "symbol": "ETH-USD"}, {"trade_id": 666021233, "side": "buy", "size": "0.00341778", "price": "2925.88000000", "time": "2025-07-12T16:10:25.351931Z", "fetched_at": "2025-07-12T16:10:49.810508+00:00", "symbol": "ETH-USD"}, {"trade_id": 666021232, "side": "buy", "size": "0.00100000", "price": "2926.00000000", "time": "2025-07-12T16:10:25.351931Z", "fetched_at": "2025-07-12T16:10:49.810508+00:00", "symbol": "ETH-USD"}, {"trade_id": 666021231, "side": "buy", "size": "0.00100000", "price": "2926.22000000", "time": "2025-07-12T16:10:25.288734Z", "fetched_at": "2025-07-12T16:10:49.810508+00:00", "symbol": "ETH-USD"}, {"trade_id": 666021230, "side": "buy", "size": "0.83079515", "price": "2926.23000000", "time": "2025-07-12T16:10:25.288734Z", "fetched_at": "2025-07-12T16:10:49.810508+00:00", "symbol": "ETH-USD"}, {"trade_id": 666021229, "side": "sell", "size": "0.01380000", "price": "2926.24000000", "time": "2025-07-12T16:10:25.245011Z", "fetched_at": "2025-07-12T16:10:49.810508+00:00", "symbol": "ETH-USD"}, {"trade_id": 666021228, "side": "buy", "size": "0.00409739", "price": "2926.25000000", "time": "2025-07-12T16:10:25.203474Z", "fetched_at": "2025-07-12T16:10:49.810508+00:00", "symbol": "ETH-USD"}, {"trade_id": 666021227, "side": "buy", "size": "0.00321913", "price": "2926.25000000", "time": "2025-07-12T16:10:25.203474Z", "fetched_at": "2025-07-12T16:10:49.810508+00:00", "symbol": "ETH-USD"}, {"trade_id": 666021226, "side": "sell", "size": "0.56414070", "price": "2926.26000000", "time": "2025-07-12T16:10:25.092770Z", "fetched_at": "2025-07-12T16:10:49.810508+00:00", "symbol": "ETH-USD"}, {"trade_id": 666021225, "side": "sell", "size": "0.09989000", "price": "2926.26000000", "time": "2025-07-12T16:10:25.092770Z", "fetched_at": "2025-07-12T16:10:49.810508+00:00", "symbol": "ETH-USD"}, {"trade_id": 666021224, "side": "buy", "size": "0.01643932", "price": "2926.52000000", "time": "2025-07-12T16:10:24.917182Z", "fetched_at": "2025-07-12T16:10:49.810508+00:00", "symbol": "ETH-USD"}, {"trade_id": 666021223, "side": "buy", "size": "0.02660000", "price": "2926.53000000", "time": "2025-07-12T16:10:24.917182Z", "fetched_at": "2025-07-12T16:10:49.810508+00:00", "symbol": "ETH-USD"}, {"trade_id": 666021222, "side": "buy", "size": "0.19999906", "price": "2926.53000000", "time": "2025-07-12T16:10:24.917182Z", "fetched_at": "2025-07-12T16:10:49.810508+00:00", "symbol": "ETH-USD"}, {"trade_id": 666021221, "side": "sell", "size": "0.07100000", "price": "2926.54000000", "time": "2025-07-12T16:10:24.307042Z", "fetched_at": "2025-07-12T16:10:49.810508+00:00", "symbol": "ETH-USD"}, {"trade_id": 666021220, "side": "buy", "size": "0.14990852", "price": "2926.54000000", "time": "2025-07-12T16:10:24.186056Z", "fetched_at": "2025-07-12T16:10:49.810508+00:00", "symbol": "ETH-USD"}, {"trade_id": 666021219, "side": "buy", "size": "0.00341697", "price": "2926.57000000", "time": "2025-07-12T16:10:24.186056Z", "fetched_at": "2025-07-12T16:10:49.810508+00:00", "symbol": "ETH-USD"}, {"trade_id": 666021218, "side": "buy", "size": "0.05844406", "price": "2926.73000000", "time": "2025-07-12T16:10:24.170701Z", "fetched_at": "2025-07-12T16:10:49.810508+00:00", "symbol": "ETH-USD"}, {"trade_id": 666021217, "side": "buy", "size": "0.33974354", "price": "2926.78000000", "time": "2025-07-12T16:10:24.170701Z", "fetched_at": "2025-07-12T16:10:49.810508+00:00", "symbol": "ETH-USD"}, {"trade_id": 666021216, "side": "buy", "size": "0.01847764", "price": "2926.78000000", "time": "2025-07-12T16:10:23.636196Z", "fetched_at": "2025-07-12T16:10:49.810508+00:00", "symbol": "ETH-USD"}, {"trade_id": 666021215, "side": "sell", "size": "0.00098905", "price": "2926.79000000", "time": "2025-07-12T16:10:22.379098Z", "fetched_at": "2025-07-12T16:10:49.810508+00:00", "symbol": "ETH-USD"}, {"trade_id": 666021214, "side": "sell", "size": "0.00059196", "price": "2926.79000000", "time": "2025-07-12T16:10:21.961259Z", "fetched_at": "2025-07-12T16:10:49.810508+00:00", "symbol": "ETH-USD"}, {"trade_id": 666021213, "side": "sell", "size": "0.50933819", "price": "2926.79000000", "time": "2025-07-12T16:10:21.050201Z", "fetched_at": "2025-07-12T16:10:49.810508+00:00", "symbol": "ETH-USD"}, {"trade_id": 666021212, "side": "sell", "size": "0.56035269", "price": "2926.53000000", "time": "2025-07-12T16:10:20.478928Z", "fetched_at": "2025-07-12T16:10:49.810508+00:00", "symbol": "ETH-USD"}, {"trade_id": 666021211, "side": "buy", "size": "0.00100000", "price": "2926.44000000", "time": "2025-07-12T16:10:20.307017Z", "fetched_at": "2025-07-12T16:10:49.810508+00:00", "symbol": "ETH-USD"}, {"trade_id": 666021210, "side": "buy", "size": "1.62726801", "price": "2926.50000000", "time": "2025-07-12T16:10:20.307017Z", "fetched_at": "2025-07-12T16:10:49.810508+00:00", "symbol": "ETH-USD"}, {"trade_id": 666021209, "side": "buy", "size": "1.12712384", "price": "2926.49000000", "time": "2025-07-12T16:10:20.304070Z", "fetched_at": "2025-07-12T16:10:49.810508+00:00", "symbol": "ETH-USD"}, {"trade_id": 666021208, "side": "buy", "size": "2.18572960", "price": "2926.50000000", "time": "2025-07-12T16:10:20.304070Z", "fetched_at": "2025-07-12T16:10:49.810508+00:00", "symbol": "ETH-USD"}, {"trade_id": 666021207, "side": "buy", "size": "0.62189818", "price": "2926.50000000", "time": "2025-07-12T16:10:20.304070Z", "fetched_at": "2025-07-12T16:10:49.810508+00:00", "symbol": "ETH-USD"}, {"trade_id": 666021206, "side": "buy", "size": "0.05577974", "price": "2926.51000000", "time": "2025-07-12T16:10:20.304070Z", "fetched_at": "2025-07-12T16:10:49.810508+00:00", "symbol": "ETH-USD"}, {"trade_id": 666021205, "side": "buy", "size": "0.37058524", "price": "2926.56000000", "time": "2025-07-12T16:10:20.304070Z", "fetched_at": "2025-07-12T16:10:49.810508+00:00", "symbol": "ETH-USD"}, {"trade_id": 666021204, "side": "buy", "size": "1.12712384", "price": "2926.64000000", "time": "2025-07-12T16:10:20.303678Z", "fetched_at": "2025-07-12T16:10:49.810508+00:00", "symbol": "ETH-USD"}, {"trade_id": 666021203, "side": "buy", "size": "1.28635337", "price": "2926.65000000", "time": "2025-07-12T16:10:20.303678Z", "fetched_at": "2025-07-12T16:10:49.810508+00:00", "symbol": "ETH-USD"}, {"trade_id": 666021202, "side": "buy", "size": "0.00341687", "price": "2926.66000000", "time": "2025-07-12T16:10:20.303678Z", "fetched_at": "2025-07-12T16:10:49.810508+00:00", "symbol": "ETH-USD"}, {"trade_id": 666021201, "side": "buy", "size": "0.15000000", "price": "2926.67000000", "time": "2025-07-12T16:10:20.303678Z", "fetched_at": "2025-07-12T16:10:49.810508+00:00", "symbol": "ETH-USD"}, {"trade_id": 666021200, "side": "buy", "size": "0.00000341", "price": "2926.69000000", "time": "2025-07-12T16:10:20.303504Z", "fetched_at": "2025-07-12T16:10:49.810508+00:00", "symbol": "ETH-USD"}, {"trade_id": 666021199, "side": "buy", "size": "0.00000341", "price": "2926.69000000", "time": "2025-07-12T16:10:20.303504Z", "fetched_at": "2025-07-12T16:10:49.810508+00:00", "symbol": "ETH-USD"}, {"trade_id": 666021198, "side": "buy", "size": "0.03449289", "price": "2926.69000000", "time": "2025-07-12T16:10:20.303504Z", "fetched_at": "2025-07-12T16:10:49.810508+00:00", "symbol": "ETH-USD"}, {"trade_id": 666021197, "side": "buy", "size": "0.01545431", "price": "2926.69000000", "time": "2025-07-12T16:10:20.303504Z", "fetched_at": "2025-07-12T16:10:49.810508+00:00", "symbol": "ETH-USD"}, {"trade_id": 666021196, "side": "buy", "size": "0.96772110", "price": "2926.74000000", "time": "2025-07-12T16:10:20.303504Z", "fetched_at": "2025-07-12T16:10:49.810508+00:00", "symbol": "ETH-USD"}, {"trade_id": 666021195, "side": "buy", "size": "0.80707691", "price": "2926.75000000", "time": "2025-07-12T16:10:20.303504Z", "fetched_at": "2025-07-12T16:10:49.810508+00:00", "symbol": "ETH-USD"}, {"trade_id": 666021194, "side": "buy", "size": "0.13665126", "price": "2926.78000000", "time": "2025-07-12T16:10:20.303504Z", "fetched_at": "2025-07-12T16:10:49.810508+00:00", "symbol": "ETH-USD"}, {"trade_id": 666021193, "side": "buy", "size": "0.01030000", "price": "2926.90000000", "time": "2025-07-12T16:10:20.302970Z", "fetched_at": "2025-07-12T16:10:49.810508+00:00", "symbol": "ETH-USD"}, {"trade_id": 666021192, "side": "buy", "size": "2.03329085", "price": "2926.90000000", "time": "2025-07-12T16:10:20.302970Z", "fetched_at": "2025-07-12T16:10:49.810508+00:00", "symbol": "ETH-USD"}, {"trade_id": 666021191, "side": "buy", "size": "0.08357000", "price": "2926.90000000", "time": "2025-07-12T16:10:20.302970Z", "fetched_at": "2025-07-12T16:10:49.810508+00:00", "symbol": "ETH-USD"}, {"trade_id": 666021190, "side": "buy", "size": "0.06861204", "price": "2926.90000000", "time": "2025-07-12T16:10:18.582419Z", "fetched_at": "2025-07-12T16:10:49.810508+00:00", "symbol": "ETH-USD"}, {"trade_id": 666021189, "side": "sell", "size": "0.16909992", "price": "2926.91000000", "time": "2025-07-12T16:10:18.577374Z", "fetched_at": "2025-07-12T16:10:49.810508+00:00", "symbol": "ETH-USD"}, {"trade_id": 666021188, "side": "sell", "size": "0.01069342", "price": "2926.91000000", "time": "2025-07-12T16:10:18.282930Z", "fetched_at": "2025-07-12T16:10:49.810508+00:00", "symbol": "ETH-USD"}, {"trade_id": 666021187, "side": "sell", "size": "0.24926890", "price": "2926.91000000", "time": "2025-07-12T16:10:17.966672Z", "fetched_at": "2025-07-12T16:10:49.810508+00:00", "symbol": "ETH-USD"}, {"trade_id": 666021186, "side": "buy", "size": "0.22510000", "price": "2927.06000000", "time": "2025-07-12T16:10:17.804623Z", "fetched_at": "2025-07-12T16:10:49.810508+00:00", "symbol": "ETH-USD"}, {"trade_id": 666021185, "side": "buy", "size": "2.10843334", "price": "2927.06000000", "time": "2025-07-12T16:10:17.804623Z", "fetched_at": "2025-07-12T16:10:49.810508+00:00", "symbol": "ETH-USD"}, {"trade_id": 666021184, "side": "buy", "size": "0.01643628", "price": "2927.06000000", "time": "2025-07-12T16:10:17.804623Z", "fetched_at": "2025-07-12T16:10:49.810508+00:00", "symbol": "ETH-USD"}, {"trade_id": 666021183, "side": "sell", "size": "0.00236730", "price": "2927.07000000", "time": "2025-07-12T16:10:16.812752Z", "fetched_at": "2025-07-12T16:10:49.810508+00:00", "symbol": "ETH-USD"}, {"trade_id": 666021182, "side": "sell", "size": "0.01963367", "price": "2926.70000000", "time": "2025-07-12T16:10:15.484503Z", "fetched_at": "2025-07-12T16:10:49.810508+00:00", "symbol": "ETH-USD"}, {"trade_id": 666021181, "side": "sell", "size": "0.00010334", "price": "2926.70000000", "time": "2025-07-12T16:10:15.484503Z", "fetched_at": "2025-07-12T16:10:49.810508+00:00", "symbol": "ETH-USD"}, {"trade_id": 666021180, "side": "sell", "size": "0.01387784", "price": "2926.70000000", "time": "2025-07-12T16:10:15.484503Z", "fetched_at": "2025-07-12T16:10:49.810508+00:00", "symbol": "ETH-USD"}, {"trade_id": 666021179, "side": "sell", "size": "0.55077144", "price": "2926.70000000", "time": "2025-07-12T16:10:15.484503Z", "fetched_at": "2025-07-12T16:10:49.810508+00:00", "symbol": "ETH-USD"}, {"trade_id": 666021178, "side": "sell", "size": "0.01677000", "price": "2926.70000000", "time": "2025-07-12T16:10:15.483738Z", "fetched_at": "2025-07-12T16:10:49.810508+00:00", "symbol": "ETH-USD"}, {"trade_id": 666021177, "side": "sell", "size": "0.01677000", "price": "2926.70000000", "time": "2025-07-12T16:10:15.483694Z", "fetched_at": "2025-07-12T16:10:49.810508+00:00", "symbol": "ETH-USD"}, {"trade_id": 666021176, "side": "sell", "size": "0.01677000", "price": "2926.70000000", "time": "2025-07-12T16:10:15.348456Z", "fetched_at": "2025-07-12T16:10:49.810508+00:00", "symbol": "ETH-USD"}, {"trade_id": 666021175, "side": "sell", "size": "0.02519857", "price": "2926.70000000", "time": "2025-07-12T16:10:15.169049Z", "fetched_at": "2025-07-12T16:10:49.810508+00:00", "symbol": "ETH-USD"}, {"trade_id": 666021174, "side": "sell", "size": "0.03943560", "price": "2926.71000000", "time": "2025-07-12T16:10:12.305925Z", "fetched_at": "2025-07-12T16:10:49.810508+00:00", "symbol": "ETH-USD"}, {"trade_id": 666021173, "side": "sell", "size": "0.65756001", "price": "2926.70000000", "time": "2025-07-12T16:10:12.305925Z", "fetched_at": "2025-07-12T16:10:49.810508+00:00", "symbol": "ETH-USD"}, {"trade_id": 666021172, "side": "sell", "size": "0.04819129", "price": "2926.70000000", "time": "2025-07-12T16:10:12.305925Z", "fetched_at": "2025-07-12T16:10:49.810508+00:00", "symbol": "ETH-USD"}, {"trade_id": 666021171, "side": "sell", "size": "0.01677000", "price": "2926.66000000", "time": "2025-07-12T16:10:12.247203Z", "fetched_at": "2025-07-12T16:10:49.810508+00:00", "symbol": "ETH-USD"}, {"trade_id": 666021170, "side": "sell", "size": "0.01677000", "price": "2926.66000000", "time": "2025-07-12T16:10:12.247194Z", "fetched_at": "2025-07-12T16:10:49.810508+00:00", "symbol": "ETH-USD"}, {"trade_id": 666021169, "side": "sell", "size": "0.72624001", "price": "2926.45000000", "time": "2025-07-12T16:10:12.246091Z", "fetched_at": "2025-07-12T16:10:49.810508+00:00", "symbol": "ETH-USD"}, {"trade_id": 666021168, "side": "buy", "size": "0.00100000", "price": "2926.66000000", "time": "2025-07-12T16:10:11.712806Z", "fetched_at": "2025-07-12T16:10:49.810508+00:00", "symbol": "ETH-USD"}, {"trade_id": 666021167, "side": "buy", "size": "1.20000000", "price": "2926.78000000", "time": "2025-07-12T16:10:11.583487Z", "fetched_at": "2025-07-12T16:10:49.810508+00:00", "symbol": "ETH-USD"}, {"trade_id": 666021166, "side": "buy", "size": "0.00243811", "price": "2926.80000000", "time": "2025-07-12T16:10:11.583231Z", "fetched_at": "2025-07-12T16:10:49.810508+00:00", "symbol": "ETH-USD"}, {"trade_id": 666021165, "side": "buy", "size": "0.29756189", "price": "2926.80000000", "time": "2025-07-12T16:10:11.583159Z", "fetched_at": "2025-07-12T16:10:49.810508+00:00", "symbol": "ETH-USD"}, {"trade_id": 666021164, "side": "buy", "size": "0.00243811", "price": "2926.81000000", "time": "2025-07-12T16:10:11.583159Z", "fetched_at": "2025-07-12T16:10:49.810508+00:00", "symbol": "ETH-USD"}, {"trade_id": 666021163, "side": "buy", "size": "0.09984811", "price": "2926.81000000", "time": "2025-07-12T16:10:11.583023Z", "fetched_at": "2025-07-12T16:10:49.810508+00:00", "symbol": "ETH-USD"}, {"trade_id": 666021162, "side": "buy", "size": "0.00241952", "price": "2926.82000000", "time": "2025-07-12T16:10:11.583023Z", "fetched_at": "2025-07-12T16:10:49.810508+00:00", "symbol": "ETH-USD"}, {"trade_id": 666021161, "side": "buy", "size": "0.00001237", "price": "2926.87000000", "time": "2025-07-12T16:10:11.583023Z", "fetched_at": "2025-07-12T16:10:49.810508+00:00", "symbol": "ETH-USD"}, {"trade_id": 666021160, "side": "buy", "size": "0.01297078", "price": "2926.87000000", "time": "2025-07-12T16:10:11.572539Z", "fetched_at": "2025-07-12T16:10:49.810508+00:00", "symbol": "ETH-USD"}, {"trade_id": 666021159, "side": "buy", "size": "0.03182922", "price": "2926.87000000", "time": "2025-07-12T16:10:11.572539Z", "fetched_at": "2025-07-12T16:10:49.810508+00:00", "symbol": "ETH-USD"}, {"trade_id": 666021158, "side": "buy", "size": "0.00100000", "price": "2926.88000000", "time": "2025-07-12T16:10:11.568393Z", "fetched_at": "2025-07-12T16:10:49.810508+00:00", "symbol": "ETH-USD"}, {"trade_id": 666021157, "side": "buy", "size": "0.35084031", "price": "2926.92000000", "time": "2025-07-12T16:10:11.568393Z", "fetched_at": "2025-07-12T16:10:49.810508+00:00", "symbol": "ETH-USD"}, {"trade_id": 666021156, "side": "buy", "size": "0.13664076", "price": "2926.95000000", "time": "2025-07-12T16:10:11.568393Z", "fetched_at": "2025-07-12T16:10:49.810508+00:00", "symbol": "ETH-USD"}, {"trade_id": 666021155, "side": "buy", "size": "0.84939248", "price": "2927.05000000", "time": "2025-07-12T16:10:11.567045Z", "fetched_at": "2025-07-12T16:10:49.810508+00:00", "symbol": "ETH-USD"}, {"trade_id": 666021154, "side": "buy", "size": "1.16630900", "price": "2927.06000000", "time": "2025-07-12T16:10:11.567045Z", "fetched_at": "2025-07-12T16:10:49.810508+00:00", "symbol": "ETH-USD"}, {"trade_id": 666021153, "side": "buy", "size": "0.00035121", "price": "2927.07000000", "time": "2025-07-12T16:10:11.567045Z", "fetched_at": "2025-07-12T16:10:49.810508+00:00", "symbol": "ETH-USD"}, {"trade_id": 666021152, "side": "buy", "size": "0.13285490", "price": "2927.07000000", "time": "2025-07-12T16:10:11.567045Z", "fetched_at": "2025-07-12T16:10:49.810508+00:00", "symbol": "ETH-USD"}, {"trade_id": 666021151, "side": "buy", "size": "0.00500500", "price": "2927.07000000", "time": "2025-07-12T16:10:11.567045Z", "fetched_at": "2025-07-12T16:10:49.810508+00:00", "symbol": "ETH-USD"}, {"trade_id": 666021150, "side": "buy", "size": "0.01118183", "price": "2927.07000000", "time": "2025-07-12T16:10:11.567045Z", "fetched_at": "2025-07-12T16:10:49.810508+00:00", "symbol": "ETH-USD"}, {"trade_id": 666021149, "side": "buy", "size": "0.92486270", "price": "2927.20000000", "time": "2025-07-12T16:10:10.776104Z", "fetched_at": "2025-07-12T16:10:49.810508+00:00", "symbol": "ETH-USD"}, {"trade_id": 666021148, "side": "buy", "size": "0.02714323", "price": "2927.21000000", "time": "2025-07-12T16:10:10.776104Z", "fetched_at": "2025-07-12T16:10:49.810508+00:00", "symbol": "ETH-USD"}, {"trade_id": 666021147, "side": "sell", "size": "0.00203824", "price": "2927.22000000", "time": "2025-07-12T16:10:10.357093Z", "fetched_at": "2025-07-12T16:10:49.810508+00:00", "symbol": "ETH-USD"}, {"trade_id": 666021146, "side": "buy", "size": "0.43991637", "price": "2927.35000000", "time": "2025-07-12T16:10:10.309104Z", "fetched_at": "2025-07-12T16:10:49.810508+00:00", "symbol": "ETH-USD"}, {"trade_id": 666021145, "side": "sell", "size": "0.05714550", "price": "2927.39000000", "time": "2025-07-12T16:10:09.207229Z", "fetched_at": "2025-07-12T16:10:49.810508+00:00", "symbol": "ETH-USD"}, {"trade_id": 666021144, "side": "sell", "size": "0.00010335", "price": "2927.39000000", "time": "2025-07-12T16:10:09.207229Z", "fetched_at": "2025-07-12T16:10:49.810508+00:00", "symbol": "ETH-USD"}, {"trade_id": 666021143, "side": "sell", "size": "0.00759296", "price": "2927.39000000", "time": "2025-07-12T16:10:09.207229Z", "fetched_at": "2025-07-12T16:10:49.810508+00:00", "symbol": "ETH-USD"}, {"trade_id": 666021142, "side": "buy", "size": "0.00280000", "price": "2927.38000000", "time": "2025-07-12T16:10:08.674011Z", "fetched_at": "2025-07-12T16:10:49.810508+00:00", "symbol": "ETH-USD"}, {"trade_id": 666021141, "side": "sell", "size": "0.01620937", "price": "2927.28000000", "time": "2025-07-12T16:10:08.197230Z", "fetched_at": "2025-07-12T16:10:49.810508+00:00", "symbol": "ETH-USD"}, {"trade_id": 666021140, "side": "buy", "size": "0.13662000", "price": "2927.32000000", "time": "2025-07-12T16:10:07.413524Z", "fetched_at": "2025-07-12T16:10:49.810508+00:00", "symbol": "ETH-USD"}, {"trade_id": 666021139, "side": "buy", "size": "0.46526882", "price": "2927.35000000", "time": "2025-07-12T16:10:07.406207Z", "fetched_at": "2025-07-12T16:10:49.810508+00:00", "symbol": "ETH-USD"}, {"trade_id": 666021138, "side": "buy", "size": "0.20006705", "price": "2927.37000000", "time": "2025-07-12T16:10:07.406207Z", "fetched_at": "2025-07-12T16:10:49.810508+00:00", "symbol": "ETH-USD"}, {"trade_id": 666021137, "side": "buy", "size": "0.00244790", "price": "2927.38000000", "time": "2025-07-12T16:10:07.406207Z", "fetched_at": "2025-07-12T16:10:49.810508+00:00", "symbol": "ETH-USD"}, {"trade_id": 666021136, "side": "buy", "size": "0.01643790", "price": "2927.38000000", "time": "2025-07-12T16:10:07.406207Z", "fetched_at": "2025-07-12T16:10:49.810508+00:00", "symbol": "ETH-USD"}, {"trade_id": 666021135, "side": "buy", "size": "0.04549119", "price": "2927.38000000", "time": "2025-07-12T16:10:07.406207Z", "fetched_at": "2025-07-12T16:10:49.810508+00:00", "symbol": "ETH-USD"}, {"trade_id": 666021134, "side": "buy", "size": "0.00000683", "price": "2927.38000000", "time": "2025-07-12T16:10:07.406207Z", "fetched_at": "2025-07-12T16:10:49.810508+00:00", "symbol": "ETH-USD"}, {"trade_id": 666021133, "side": "buy", "size": "0.00375421", "price": "2927.38000000", "time": "2025-07-12T16:10:07.406207Z", "fetched_at": "2025-07-12T16:10:49.810508+00:00", "symbol": "ETH-USD"}, {"trade_id": 666021132, "side": "sell", "size": "0.00431634", "price": "2927.39000000", "time": "2025-07-12T16:10:07.310935Z", "fetched_at": "2025-07-12T16:10:49.810508+00:00", "symbol": "ETH-USD"}, {"trade_id": 666021131, "side": "buy", "size": "0.13661435", "price": "2927.62000000", "time": "2025-07-12T16:10:06.206075Z", "fetched_at": "2025-07-12T16:10:49.810508+00:00", "symbol": "ETH-USD"}, {"trade_id": 666021130, "side": "sell", "size": "0.07371000", "price": "2927.63000000", "time": "2025-07-12T16:10:06.108932Z", "fetched_at": "2025-07-12T16:10:49.810508+00:00", "symbol": "ETH-USD"}, {"trade_id": 666021129, "side": "sell", "size": "0.00726147", "price": "2927.62000000", "time": "2025-07-12T16:10:06.094409Z", "fetched_at": "2025-07-12T16:10:49.810508+00:00", "symbol": "ETH-USD"}, {"trade_id": 666021128, "side": "sell", "size": "0.00100000", "price": "2927.54000000", "time": "2025-07-12T16:10:06.094409Z", "fetched_at": "2025-07-12T16:10:49.810508+00:00", "symbol": "ETH-USD"}, {"trade_id": 666021127, "side": "sell", "size": "0.00288502", "price": "2927.46000000", "time": "2025-07-12T16:10:06.094409Z", "fetched_at": "2025-07-12T16:10:49.810508+00:00", "symbol": "ETH-USD"}, {"trade_id": 666021126, "side": "sell", "size": "0.00562351", "price": "2927.45000000", "time": "2025-07-12T16:10:06.094409Z", "fetched_at": "2025-07-12T16:10:49.810508+00:00", "symbol": "ETH-USD"}, {"trade_id": 666021125, "side": "sell", "size": "0.01210152", "price": "2927.44000000", "time": "2025-07-12T16:10:06.093059Z", "fetched_at": "2025-07-12T16:10:49.810508+00:00", "symbol": "ETH-USD"}, {"trade_id": 666021124, "side": "sell", "size": "0.00971082", "price": "2927.43000000", "time": "2025-07-12T16:10:06.093059Z", "fetched_at": "2025-07-12T16:10:49.810508+00:00", "symbol": "ETH-USD"}, {"trade_id": 666021123, "side": "sell", "size": "0.00216141", "price": "2927.42000000", "time": "2025-07-12T16:10:06.093059Z", "fetched_at": "2025-07-12T16:10:49.810508+00:00", "symbol": "ETH-USD"}, {"trade_id": 666021122, "side": "sell", "size": "0.00449075", "price": "2927.42000000", "time": "2025-07-12T16:10:06.092869Z", "fetched_at": "2025-07-12T16:10:49.810508+00:00", "symbol": "ETH-USD"}, {"trade_id": 666021121, "side": "sell", "size": "0.01211418", "price": "2927.41000000", "time": "2025-07-12T16:10:06.092869Z", "fetched_at": "2025-07-12T16:10:49.810508+00:00", "symbol": "ETH-USD"}, {"trade_id": 666021120, "side": "sell", "size": "0.00016507", "price": "2927.40000000", "time": "2025-07-12T16:10:06.092869Z", "fetched_at": "2025-07-12T16:10:49.810508+00:00", "symbol": "ETH-USD"}, {"trade_id": 666021119, "side": "sell", "size": "0.00681023", "price": "2927.40000000", "time": "2025-07-12T16:10:06.092506Z", "fetched_at": "2025-07-12T16:10:49.810508+00:00", "symbol": "ETH-USD"}, {"trade_id": 666021118, "side": "sell", "size": "0.00012612", "price": "2927.39000000", "time": "2025-07-12T16:10:06.092506Z", "fetched_at": "2025-07-12T16:10:49.810508+00:00", "symbol": "ETH-USD"}, {"trade_id": 666021117, "side": "sell", "size": "0.00016328", "price": "2927.39000000", "time": "2025-07-12T16:10:06.092506Z", "fetched_at": "2025-07-12T16:10:49.810508+00:00", "symbol": "ETH-USD"}, {"trade_id": 666021116, "side": "sell", "size": "0.00002923", "price": "2927.39000000", "time": "2025-07-12T16:10:06.092506Z", "fetched_at": "2025-07-12T16:10:49.810508+00:00", "symbol": "ETH-USD"}, {"trade_id": 666021115, "side": "sell", "size": "0.00964114", "price": "2927.39000000", "time": "2025-07-12T16:10:06.092506Z", "fetched_at": "2025-07-12T16:10:49.810508+00:00", "symbol": "ETH-USD"}, {"trade_id": 666021114, "side": "sell", "size": "0.01677000", "price": "2927.39000000", "time": "2025-07-12T16:10:06.092486Z", "fetched_at": "2025-07-12T16:10:49.810508+00:00", "symbol": "ETH-USD"}, {"trade_id": 666021113, "side": "sell", "size": "0.01080997", "price": "2927.39000000", "time": "2025-07-12T16:10:06.092427Z", "fetched_at": "2025-07-12T16:10:49.810508+00:00", "symbol": "ETH-USD"}, {"trade_id": 666021112, "side": "sell", "size": "0.00596003", "price": "2927.39000000", "time": "2025-07-12T16:10:06.092427Z", "fetched_at": "2025-07-12T16:10:49.810508+00:00", "symbol": "ETH-USD"}, {"trade_id": 666021111, "side": "sell", "size": "0.00751526", "price": "2927.39000000", "time": "2025-07-12T16:10:05.067465Z", "fetched_at": "2025-07-12T16:10:49.810508+00:00", "symbol": "ETH-USD"}, {"trade_id": 666021110, "side": "sell", "size": "0.00255035", "price": "2927.38000000", "time": "2025-07-12T16:10:05.067465Z", "fetched_at": "2025-07-12T16:10:49.810508+00:00", "symbol": "ETH-USD"}, {"trade_id": 666021109, "side": "sell", "size": "0.00008699", "price": "2927.37000000", "time": "2025-07-12T16:10:05.067465Z", "fetched_at": "2025-07-12T16:10:49.810508+00:00", "symbol": "ETH-USD"}, {"trade_id": 666021108, "side": "buy", "size": "0.84452459", "price": "2927.36000000", "time": "2025-07-12T16:10:04.389334Z", "fetched_at": "2025-07-12T16:10:49.810508+00:00", "symbol": "ETH-USD"}, {"trade_id": 666021107, "side": "buy", "size": "0.32073922", "price": "2927.36000000", "time": "2025-07-12T16:10:04.389334Z", "fetched_at": "2025-07-12T16:10:49.810508+00:00", "symbol": "ETH-USD"}, {"trade_id": 666021106, "side": "buy", "size": "0.30786422", "price": "2927.36000000", "time": "2025-07-12T16:10:04.389334Z", "fetched_at": "2025-07-12T16:10:49.810508+00:00", "symbol": "ETH-USD"}, {"trade_id": 666021105, "side": "buy", "size": "0.00241155", "price": "2927.36000000", "time": "2025-07-12T16:10:04.389334Z", "fetched_at": "2025-07-12T16:10:49.810508+00:00", "symbol": "ETH-USD"}, {"trade_id": 666021104, "side": "buy", "size": "0.08468358", "price": "2927.36000000", "time": "2025-07-12T16:10:04.389334Z", "fetched_at": "2025-07-12T16:10:49.810508+00:00", "symbol": "ETH-USD"}, {"trade_id": 666021103, "side": "buy", "size": "0.13663455", "price": "2927.36000000", "time": "2025-07-12T16:10:04.389334Z", "fetched_at": "2025-07-12T16:10:49.810508+00:00", "symbol": "ETH-USD"}, {"trade_id": 666021102, "side": "sell", "size": "0.01440268", "price": "2927.37000000", "time": "2025-07-12T16:10:04.157552Z", "fetched_at": "2025-07-12T16:10:49.810508+00:00", "symbol": "ETH-USD"}, {"trade_id": 666021101, "side": "sell", "size": "0.00100000", "price": "2927.32000000", "time": "2025-07-12T16:10:04.157552Z", "fetched_at": "2025-07-12T16:10:49.810508+00:00", "symbol": "ETH-USD"}, {"trade_id": 666021100, "side": "sell", "size": "0.00136732", "price": "2927.10000000", "time": "2025-07-12T16:10:04.157552Z", "fetched_at": "2025-07-12T16:10:49.810508+00:00", "symbol": "ETH-USD"}, {"trade_id": 666021099, "side": "sell", "size": "0.01577000", "price": "2927.10000000", "time": "2025-07-12T16:10:04.157220Z", "fetched_at": "2025-07-12T16:10:49.810508+00:00", "symbol": "ETH-USD"}, {"trade_id": 666021098, "side": "sell", "size": "0.00100000", "price": "2927.10000000", "time": "2025-07-12T16:10:04.157220Z", "fetched_at": "2025-07-12T16:10:49.810508+00:00", "symbol": "ETH-USD"}, {"trade_id": 666021097, "side": "sell", "size": "0.85439000", "price": "2926.88000000", "time": "2025-07-12T16:10:04.123341Z", "fetched_at": "2025-07-12T16:10:49.810508+00:00", "symbol": "ETH-USD"}, {"trade_id": 666021096, "side": "sell", "size": "0.00010334", "price": "2926.88000000", "time": "2025-07-12T16:10:04.123341Z", "fetched_at": "2025-07-12T16:10:49.810508+00:00", "symbol": "ETH-USD"}, {"trade_id": 666021095, "side": "sell", "size": "0.00064780", "price": "2926.88000000", "time": "2025-07-12T16:10:04.123341Z", "fetched_at": "2025-07-12T16:10:49.810508+00:00", "symbol": "ETH-USD"}, {"trade_id": 666021094, "side": "sell", "size": "0.00011702", "price": "2926.88000000", "time": "2025-07-12T16:10:04.123341Z", "fetched_at": "2025-07-12T16:10:49.810508+00:00", "symbol": "ETH-USD"}, {"trade_id": 666021093, "side": "sell", "size": "0.00050190", "price": "2926.88000000", "time": "2025-07-12T16:10:04.123341Z", "fetched_at": "2025-07-12T16:10:49.810508+00:00", "symbol": "ETH-USD"}, {"trade_id": 666021092, "side": "sell", "size": "0.00853153", "price": "2926.88000000", "time": "2025-07-12T16:10:04.123341Z", "fetched_at": "2025-07-12T16:10:49.810508+00:00", "symbol": "ETH-USD"}, {"trade_id": 666021091, "side": "sell", "size": "0.00100000", "price": "2926.88000000", "time": "2025-07-12T16:10:04.123341Z", "fetched_at": "2025-07-12T16:10:49.810508+00:00", "symbol": "ETH-USD"}, {"trade_id": 666021090, "side": "buy", "size": "0.37706010", "price": "2926.19000000", "time": "2025-07-12T16:10:02.124349Z", "fetched_at": "2025-07-12T16:10:49.810508+00:00", "symbol": "ETH-USD"}, {"trade_id": 666021089, "side": "buy", "size": "0.15000000", "price": "2926.20000000", "time": "2025-07-12T16:10:02.124349Z", "fetched_at": "2025-07-12T16:10:49.810508+00:00", "symbol": "ETH-USD"}, {"trade_id": 666021088, "side": "buy", "size": "0.21384570", "price": "2926.33000000", "time": "2025-07-12T16:10:02.124349Z", "fetched_at": "2025-07-12T16:10:49.810508+00:00", "symbol": "ETH-USD"}, {"trade_id": 666021087, "side": "buy", "size": "0.00244332", "price": "2926.34000000", "time": "2025-07-12T16:10:02.124349Z", "fetched_at": "2025-07-12T16:10:49.810508+00:00", "symbol": "ETH-USD"}, {"trade_id": 666021086, "side": "buy", "size": "0.13665088", "price": "2926.60000000", "time": "2025-07-12T16:10:02.124349Z", "fetched_at": "2025-07-12T16:10:49.810508+00:00", "symbol": "ETH-USD"}, {"trade_id": 666021085, "side": "buy", "size": "0.01677000", "price": "2926.82000000", "time": "2025-07-12T16:10:01.924680Z", "fetched_at": "2025-07-12T16:10:49.810508+00:00", "symbol": "ETH-USD"}, {"trade_id": 666021084, "side": "buy", "size": "0.10098000", "price": "2926.43000000", "time": "2025-07-12T16:10:01.868499Z", "fetched_at": "2025-07-12T16:10:49.810508+00:00", "symbol": "ETH-USD"}, {"trade_id": 666021083, "side": "sell", "size": "0.03237213", "price": "2926.76000000", "time": "2025-07-12T16:10:01.864779Z", "fetched_at": "2025-07-12T16:10:49.810508+00:00", "symbol": "ETH-USD"}, {"trade_id": 666021082, "side": "sell", "size": "0.00100000", "price": "2926.66000000", "time": "2025-07-12T16:10:01.864779Z", "fetched_at": "2025-07-12T16:10:49.810508+00:00", "symbol": "ETH-USD"}, {"trade_id": 666021081, "side": "sell", "size": "0.00100000", "price": "2926.44000000", "time": "2025-07-12T16:10:01.864779Z", "fetched_at": "2025-07-12T16:10:49.810508+00:00", "symbol": "ETH-USD"}, {"trade_id": 666021080, "side": "sell", "size": "0.00001193", "price": "2926.35000000", "time": "2025-07-12T16:10:01.861827Z", "fetched_at": "2025-07-12T16:10:49.810508+00:00", "symbol": "ETH-USD"}, {"trade_id": 666021079, "side": "sell", "size": "0.19998597", "price": "2926.35000000", "time": "2025-07-12T16:10:01.861684Z", "fetched_at": "2025-07-12T16:10:49.810508+00:00", "symbol": "ETH-USD"}, {"trade_id": 666021078, "side": "sell", "size": "0.85431403", "price": "2926.33000000", "time": "2025-07-12T16:10:01.861684Z", "fetched_at": "2025-07-12T16:10:49.810508+00:00", "symbol": "ETH-USD"}, {"trade_id": 666021077, "side": "sell", "size": "0.33225961", "price": "2926.23000000", "time": "2025-07-12T16:10:01.858651Z", "fetched_at": "2025-07-12T16:10:49.810508+00:00", "symbol": "ETH-USD"}, {"trade_id": 666021076, "side": "sell", "size": "0.00100000", "price": "2926.22000000", "time": "2025-07-12T16:10:01.858651Z", "fetched_at": "2025-07-12T16:10:49.810508+00:00", "symbol": "ETH-USD"}, {"trade_id": 666021075, "side": "sell", "size": "0.00005064", "price": "2926.06000000", "time": "2025-07-12T16:10:01.858651Z", "fetched_at": "2025-07-12T16:10:49.810508+00:00", "symbol": "ETH-USD"}, {"trade_id": 666021074, "side": "sell", "size": "0.00028220", "price": "2926.06000000", "time": "2025-07-12T16:10:01.858651Z", "fetched_at": "2025-07-12T16:10:49.810508+00:00", "symbol": "ETH-USD"}, {"trade_id": 666021073, "side": "sell", "size": "0.00021816", "price": "2926.06000000", "time": "2025-07-12T16:10:01.858651Z", "fetched_at": "2025-07-12T16:10:49.810508+00:00", "symbol": "ETH-USD"}, {"trade_id": 666021072, "side": "sell", "size": "0.01831769", "price": "2926.06000000", "time": "2025-07-12T16:10:01.858651Z", "fetched_at": "2025-07-12T16:10:49.810508+00:00", "symbol": "ETH-USD"}, {"trade_id": 666021071, "side": "sell", "size": "0.08459694", "price": "2926.04000000", "time": "2025-07-12T16:10:01.858651Z", "fetched_at": "2025-07-12T16:10:49.810508+00:00", "symbol": "ETH-USD"}, {"trade_id": 666021070, "side": "sell", "size": "0.07312932", "price": "2926.03000000", "time": "2025-07-12T16:10:01.858651Z", "fetched_at": "2025-07-12T16:10:49.810508+00:00", "symbol": "ETH-USD"}, {"trade_id": 666021069, "side": "sell", "size": "0.00100000", "price": "2926.00000000", "time": "2025-07-12T16:10:01.858651Z", "fetched_at": "2025-07-12T16:10:49.810508+00:00", "symbol": "ETH-USD"}, {"trade_id": 666021068, "side": "sell", "size": "0.00083213", "price": "2925.54000000", "time": "2025-07-12T16:10:01.858131Z", "fetched_at": "2025-07-12T16:10:49.810508+00:00", "symbol": "ETH-USD"}, {"trade_id": 666021067, "side": "sell", "size": "0.01677000", "price": "2925.54000000", "time": "2025-07-12T16:10:01.857994Z", "fetched_at": "2025-07-12T16:10:49.810508+00:00", "symbol": "ETH-USD"}, {"trade_id": 666021066, "side": "sell", "size": "0.01677000", "price": "2925.54000000", "time": "2025-07-12T16:10:01.857780Z", "fetched_at": "2025-07-12T16:10:49.810508+00:00", "symbol": "ETH-USD"}, {"trade_id": 666021065, "side": "sell", "size": "0.00010334", "price": "2925.40000000", "time": "2025-07-12T16:10:01.824241Z", "fetched_at": "2025-07-12T16:10:49.810508+00:00", "symbol": "ETH-USD"}, {"trade_id": 666021064, "side": "sell", "size": "0.00000325", "price": "2925.38000000", "time": "2025-07-12T16:10:01.824241Z", "fetched_at": "2025-07-12T16:10:49.810508+00:00", "symbol": "ETH-USD"}, {"trade_id": 666021063, "side": "sell", "size": "0.03437000", "price": "2925.38000000", "time": "2025-07-12T16:10:01.819339Z", "fetched_at": "2025-07-12T16:10:49.810508+00:00", "symbol": "ETH-USD"}, {"trade_id": 666021062, "side": "sell", "size": "0.00049744", "price": "2925.37000000", "time": "2025-07-12T16:10:01.013116Z", "fetched_at": "2025-07-12T16:10:49.810508+00:00", "symbol": "ETH-USD"}, {"trade_id": 666021061, "side": "sell", "size": "0.20287000", "price": "2925.36000000", "time": "2025-07-12T16:10:00.701235Z", "fetched_at": "2025-07-12T16:10:49.810508+00:00", "symbol": "ETH-USD"}, {"trade_id": 666021060, "side": "sell", "size": "0.40499349", "price": "2925.36000000", "time": "2025-07-12T16:10:00.647896Z", "fetched_at": "2025-07-12T16:10:49.810508+00:00", "symbol": "ETH-USD"}, {"trade_id": 666021059, "side": "buy", "size": "0.00125207", "price": "2925.18000000", "time": "2025-07-12T16:09:58.169598Z", "fetched_at": "2025-07-12T16:10:49.810508+00:00", "symbol": "ETH-USD"}, {"trade_id": 666021058, "side": "sell", "size": "0.48557507", "price": "2926.05000000", "time": "2025-07-12T16:09:56.936117Z", "fetched_at": "2025-07-12T16:10:49.810508+00:00", "symbol": "ETH-USD"}, {"trade_id": 666021057, "side": "sell", "size": "0.32021575", "price": "2926.05000000", "time": "2025-07-12T16:09:56.936117Z", "fetched_at": "2025-07-12T16:10:49.810508+00:00", "symbol": "ETH-USD"}, {"trade_id": 666021056, "side": "sell", "size": "0.56517714", "price": "2926.05000000", "time": "2025-07-12T16:09:56.936117Z", "fetched_at": "2025-07-12T16:10:49.810508+00:00", "symbol": "ETH-USD"}, {"trade_id": 666021055, "side": "sell", "size": "0.39591279", "price": "2926.02000000", "time": "2025-07-12T16:09:56.936117Z", "fetched_at": "2025-07-12T16:10:49.810508+00:00", "symbol": "ETH-USD"}, {"trade_id": 666021054, "side": "sell", "size": "0.00100000", "price": "2926.00000000", "time": "2025-07-12T16:09:56.936117Z", "fetched_at": "2025-07-12T16:10:49.810508+00:00", "symbol": "ETH-USD"}, {"trade_id": 666021053, "side": "sell", "size": "0.85441242", "price": "2925.99000000", "time": "2025-07-12T16:09:56.936117Z", "fetched_at": "2025-07-12T16:10:49.810508+00:00", "symbol": "ETH-USD"}, {"trade_id": 666021052, "side": "sell", "size": "0.30502648", "price": "2925.95000000", "time": "2025-07-12T16:09:56.936117Z", "fetched_at": "2025-07-12T16:10:49.810508+00:00", "symbol": "ETH-USD"}, {"trade_id": 666021051, "side": "sell", "size": "0.47250000", "price": "2925.93000000", "time": "2025-07-12T16:09:56.936117Z", "fetched_at": "2025-07-12T16:10:49.810508+00:00", "symbol": "ETH-USD"}, {"trade_id": 666021050, "side": "sell", "size": "1.28582458", "price": "2925.92000000", "time": "2025-07-12T16:09:56.936117Z", "fetched_at": "2025-07-12T16:10:49.810508+00:00", "symbol": "ETH-USD"}, {"trade_id": 666021049, "side": "sell", "size": "0.10913906", "price": "2925.91000000", "time": "2025-07-12T16:09:56.936117Z", "fetched_at": "2025-07-12T16:10:49.810508+00:00", "symbol": "ETH-USD"}, {"trade_id": 666021048, "side": "sell", "size": "0.00017084", "price": "2925.77000000", "time": "2025-07-12T16:09:56.936117Z", "fetched_at": "2025-07-12T16:10:49.810508+00:00", "symbol": "ETH-USD"}, {"trade_id": 666021047, "side": "sell", "size": "0.85452486", "price": "2925.61000000", "time": "2025-07-12T16:09:56.936117Z", "fetched_at": "2025-07-12T16:10:49.810508+00:00", "symbol": "ETH-USD"}, {"trade_id": 666021046, "side": "sell", "size": "0.51271492", "price": "2925.60000000", "time": "2025-07-12T16:09:56.936117Z", "fetched_at": "2025-07-12T16:10:49.810508+00:00", "symbol": "ETH-USD"}, {"trade_id": 666021045, "side": "sell", "size": "1.27522000", "price": "2925.60000000", "time": "2025-07-12T16:09:56.936117Z", "fetched_at": "2025-07-12T16:10:49.810508+00:00", "symbol": "ETH-USD"}, {"trade_id": 666021044, "side": "sell", "size": "0.96244800", "price": "2925.59000000", "time": "2025-07-12T16:09:56.936117Z", "fetched_at": "2025-07-12T16:10:49.810508+00:00", "symbol": "ETH-USD"}, {"trade_id": 666021043, "side": "sell", "size": "0.40995066", "price": "2925.58000000", "time": "2025-07-12T16:09:56.936117Z", "fetched_at": "2025-07-12T16:10:49.810508+00:00", "symbol": "ETH-USD"}, {"trade_id": 666021042, "side": "sell", "size": "0.10152629", "price": "2925.57000000", "time": "2025-07-12T16:09:56.936117Z", "fetched_at": "2025-07-12T16:10:49.810508+00:00", "symbol": "ETH-USD"}, {"trade_id": 666021041, "side": "sell", "size": "0.47250000", "price": "2925.51000000", "time": "2025-07-12T16:09:56.936117Z", "fetched_at": "2025-07-12T16:10:49.810508+00:00", "symbol": "ETH-USD"}, {"trade_id": 666021040, "side": "sell", "size": "0.10000000", "price": "2925.35000000", "time": "2025-07-12T16:09:56.936117Z", "fetched_at": "2025-07-12T16:10:49.810508+00:00", "symbol": "ETH-USD"}, {"trade_id": 666021039, "side": "sell", "size": "0.30000000", "price": "2925.33000000", "time": "2025-07-12T16:09:56.936117Z", "fetched_at": "2025-07-12T16:10:49.810508+00:00", "symbol": "ETH-USD"}, {"trade_id": 666021038, "side": "sell", "size": "0.32886000", "price": "2925.14000000", "time": "2025-07-12T16:09:56.936117Z", "fetched_at": "2025-07-12T16:10:49.810508+00:00", "symbol": "ETH-USD"}, {"trade_id": 666021037, "side": "sell", "size": "0.46985958", "price": "2925.14000000", "time": "2025-07-12T16:09:56.936117Z", "fetched_at": "2025-07-12T16:10:49.810508+00:00", "symbol": "ETH-USD"}, {"trade_id": 666021036, "side": "sell", "size": "0.77044001", "price": "2925.14000000", "time": "2025-07-12T16:09:56.936117Z", "fetched_at": "2025-07-12T16:10:49.810508+00:00", "symbol": "ETH-USD"}, {"trade_id": 666021035, "side": "sell", "size": "0.01175517", "price": "2925.14000000", "time": "2025-07-12T16:09:56.936117Z", "fetched_at": "2025-07-12T16:10:49.810508+00:00", "symbol": "ETH-USD"}, {"trade_id": 666021034, "side": "buy", "size": "1.95726129", "price": "2925.35000000", "time": "2025-07-12T16:09:56.697402Z", "fetched_at": "2025-07-12T16:10:49.810508+00:00", "symbol": "ETH-USD"}, {"trade_id": 666021033, "side": "buy", "size": "0.00260000", "price": "2925.35000000", "time": "2025-07-12T16:09:56.697402Z", "fetched_at": "2025-07-12T16:10:49.810508+00:00", "symbol": "ETH-USD"}, {"trade_id": 666021032, "side": "buy", "size": "0.01930025", "price": "2925.35000000", "time": "2025-07-12T16:09:56.697402Z", "fetched_at": "2025-07-12T16:10:49.810508+00:00", "symbol": "ETH-USD"}, {"trade_id": 666021031, "side": "buy", "size": "0.05003162", "price": "2925.35000000", "time": "2025-07-12T16:09:56.697402Z", "fetched_at": "2025-07-12T16:10:49.810508+00:00", "symbol": "ETH-USD"}, {"trade_id": 666021030, "side": "buy", "size": "0.01400000", "price": "2925.35000000", "time": "2025-07-12T16:09:56.697402Z", "fetched_at": "2025-07-12T16:10:49.810508+00:00", "symbol": "ETH-USD"}, {"trade_id": 666021029, "side": "buy", "size": "0.19999987", "price": "2925.35000000", "time": "2025-07-12T16:09:56.697402Z", "fetched_at": "2025-07-12T16:10:49.810508+00:00", "symbol": "ETH-USD"}, {"trade_id": 666021028, "side": "buy", "size": "0.65229952", "price": "2925.55000000", "time": "2025-07-12T16:09:55.651Z", "fetched_at": "2025-07-12T16:10:49.810508+00:00", "symbol": "ETH-USD"}, {"trade_id": 666021027, "side": "buy", "size": "0.06789388", "price": "2925.59000000", "time": "2025-07-12T16:09:55.650370Z", "fetched_at": "2025-07-12T16:10:49.810508+00:00", "symbol": "ETH-USD"}, {"trade_id": 666021026, "side": "buy", "size": "0.01644779", "price": "2925.62000000", "time": "2025-07-12T16:09:55.650370Z", "fetched_at": "2025-07-12T16:10:49.810508+00:00", "symbol": "ETH-USD"}, {"trade_id": 666021025, "side": "buy", "size": "0.04385737", "price": "2925.62000000", "time": "2025-07-12T16:09:55.650370Z", "fetched_at": "2025-07-12T16:10:49.810508+00:00", "symbol": "ETH-USD"}, {"trade_id": 666021024, "side": "buy", "size": "0.07000000", "price": "2925.62000000", "time": "2025-07-12T16:09:55.650370Z", "fetched_at": "2025-07-12T16:10:49.810508+00:00", "symbol": "ETH-USD"}, {"trade_id": 666021023, "side": "buy", "size": "0.01809530", "price": "2925.62000000", "time": "2025-07-12T16:09:55.650370Z", "fetched_at": "2025-07-12T16:10:49.810508+00:00", "symbol": "ETH-USD"}, {"trade_id": 666021022, "side": "buy", "size": "0.04555615", "price": "2925.62000000", "time": "2025-07-12T16:09:55.650370Z", "fetched_at": "2025-07-12T16:10:49.810508+00:00", "symbol": "ETH-USD"}, {"trade_id": 666021021, "side": "sell", "size": "0.32121017", "price": "2925.60000000", "time": "2025-07-12T16:09:53.360869Z", "fetched_at": "2025-07-12T16:10:49.810508+00:00", "symbol": "ETH-USD"}, {"trade_id": 666021020, "side": "buy", "size": "0.19999918", "price": "2925.91000000", "time": "2025-07-12T16:09:52.563700Z", "fetched_at": "2025-07-12T16:10:49.810508+00:00", "symbol": "ETH-USD"}, {"trade_id": 666021019, "side": "buy", "size": "0.13667107", "price": "2926.16000000", "time": "2025-07-12T16:09:51.655953Z", "fetched_at": "2025-07-12T16:10:49.810508+00:00", "symbol": "ETH-USD"}, {"trade_id": 666021018, "side": "buy", "size": "0.01971525", "price": "2926.16000000", "time": "2025-07-12T16:09:51.655953Z", "fetched_at": "2025-07-12T16:10:49.810508+00:00", "symbol": "ETH-USD"}, {"trade_id": 666021017, "side": "buy", "size": "0.04555116", "price": "2926.16000000", "time": "2025-07-12T16:09:51.655953Z", "fetched_at": "2025-07-12T16:10:49.810508+00:00", "symbol": "ETH-USD"}, {"trade_id": 666021016, "side": "buy", "size": "0.32073922", "price": "2926.16000000", "time": "2025-07-12T16:09:51.655953Z", "fetched_at": "2025-07-12T16:10:49.810508+00:00", "symbol": "ETH-USD"}, {"trade_id": 666021015, "side": "buy", "size": "0.30786422", "price": "2926.16000000", "time": "2025-07-12T16:09:51.655953Z", "fetched_at": "2025-07-12T16:10:49.810508+00:00", "symbol": "ETH-USD"}, {"trade_id": 666021014, "side": "buy", "size": "0.28665085", "price": "2926.26000000", "time": "2025-07-12T16:09:51.344688Z", "fetched_at": "2025-07-12T16:10:49.810508+00:00", "symbol": "ETH-USD"}, {"trade_id": 666021013, "side": "buy", "size": "0.35790794", "price": "2926.26000000", "time": "2025-07-12T16:09:51.341658Z", "fetched_at": "2025-07-12T16:10:49.810508+00:00", "symbol": "ETH-USD"}, {"trade_id": 666021012, "side": "buy", "size": "0.15000000", "price": "2926.27000000", "time": "2025-07-12T16:09:51.341658Z", "fetched_at": "2025-07-12T16:10:49.810508+00:00", "symbol": "ETH-USD"}, {"trade_id": 666021011, "side": "buy", "size": "0.13665085", "price": "2926.49000000", "time": "2025-07-12T16:09:51.341658Z", "fetched_at": "2025-07-12T16:10:49.810508+00:00", "symbol": "ETH-USD"}, {"trade_id": 666021010, "side": "buy", "size": "0.21827812", "price": "2926.26000000", "time": "2025-07-12T16:09:51.275590Z", "fetched_at": "2025-07-12T16:10:49.810508+00:00", "symbol": "ETH-USD"}, {"trade_id": 666021009, "side": "buy", "size": "0.00335818", "price": "2926.27000000", "time": "2025-07-12T16:09:51.275590Z", "fetched_at": "2025-07-12T16:10:49.810508+00:00", "symbol": "ETH-USD"}, {"trade_id": 666021008, "side": "buy", "size": "0.15000000", "price": "2926.60000000", "time": "2025-07-12T16:09:51.161624Z", "fetched_at": "2025-07-12T16:10:49.810508+00:00", "symbol": "ETH-USD"}, {"trade_id": 666021007, "side": "buy", "size": "0.32886000", "price": "2926.99000000", "time": "2025-07-12T16:09:51.139073Z", "fetched_at": "2025-07-12T16:10:49.810508+00:00", "symbol": "ETH-USD"}, {"trade_id": 666021006, "side": "sell", "size": "1.50000000", "price": "2927.01000000", "time": "2025-07-12T16:09:51.120103Z", "fetched_at": "2025-07-12T16:10:49.810508+00:00", "symbol": "ETH-USD"}, {"trade_id": 666021005, "side": "sell", "size": "0.43914761", "price": "2927.01000000", "time": "2025-07-12T16:09:51.114703Z", "fetched_at": "2025-07-12T16:10:49.810508+00:00", "symbol": "ETH-USD"}, {"trade_id": 666021004, "side": "sell", "size": "0.15849042", "price": "2927.00000000", "time": "2025-07-12T16:09:51.114703Z", "fetched_at": "2025-07-12T16:10:49.810508+00:00", "symbol": "ETH-USD"}, {"trade_id": 666021003, "side": "sell", "size": "0.01233316", "price": "2927.00000000", "time": "2025-07-12T16:09:51.112928Z", "fetched_at": "2025-07-12T16:10:49.810508+00:00", "symbol": "ETH-USD"}, {"trade_id": 666021002, "side": "sell", "size": "0.39621780", "price": "2926.62000000", "time": "2025-07-12T16:09:51.112928Z", "fetched_at": "2025-07-12T16:10:49.810508+00:00", "symbol": "ETH-USD"}, {"trade_id": 666021001, "side": "sell", "size": "1.82818882", "price": "2927.01000000", "time": "2025-07-12T16:09:51.089396Z", "fetched_at": "2025-07-12T16:10:49.810508+00:00", "symbol": "ETH-USD"}, {"trade_id": 666021000, "side": "sell", "size": "0.00100000", "price": "2926.88000000", "time": "2025-07-12T16:09:51.089396Z", "fetched_at": "2025-07-12T16:10:49.810508+00:00", "symbol": "ETH-USD"}, {"trade_id": 666020999, "side": "sell", "size": "0.00051352", "price": "2926.73000000", "time": "2025-07-12T16:09:51.089396Z", "fetched_at": "2025-07-12T16:10:49.810508+00:00", "symbol": "ETH-USD"}, {"trade_id": 666020998, "side": "buy", "size": "0.01677000", "price": "2926.03000000", "time": "2025-07-12T16:09:51.082981Z", "fetched_at": "2025-07-12T16:10:49.810508+00:00", "symbol": "ETH-USD"}, {"trade_id": 666020997, "side": "sell", "size": "0.06352883", "price": "2926.67000000", "time": "2025-07-12T16:09:51.080847Z", "fetched_at": "2025-07-12T16:10:49.810508+00:00", "symbol": "ETH-USD"}, {"trade_id": 666020996, "side": "sell", "size": "0.47250000", "price": "2926.56000000", "time": "2025-07-12T16:09:51.071914Z", "fetched_at": "2025-07-12T16:10:49.810508+00:00", "symbol": "ETH-USD"}, {"trade_id": 666020995, "side": "sell", "size": "0.00100000", "price": "2926.44000000", "time": "2025-07-12T16:09:51.071914Z", "fetched_at": "2025-07-12T16:10:49.810508+00:00", "symbol": "ETH-USD"}, {"trade_id": 666020994, "side": "sell", "size": "0.27369100", "price": "2925.73000000", "time": "2025-07-12T16:09:51.069648Z", "fetched_at": "2025-07-12T16:10:49.810508+00:00", "symbol": "ETH-USD"}, {"trade_id": 666020993, "side": "sell", "size": "16.74521613", "price": "2926.33000000", "time": "2025-07-12T16:09:51.068736Z", "fetched_at": "2025-07-12T16:10:49.810508+00:00", "symbol": "ETH-USD"}, {"trade_id": 666020992, "side": "sell", "size": "0.37472372", "price": "2926.23000000", "time": "2025-07-12T16:09:51.061871Z", "fetched_at": "2025-07-12T16:10:49.810508+00:00", "symbol": "ETH-USD"}, {"trade_id": 666020991, "side": "sell", "size": "0.09777628", "price": "2926.23000000", "time": "2025-07-12T16:09:51.061791Z", "fetched_at": "2025-07-12T16:10:49.810508+00:00", "symbol": "ETH-USD"}, {"trade_id": 666020990, "side": "sell", "size": "0.00100000", "price": "2926.22000000", "time": "2025-07-12T16:09:51.061791Z", "fetched_at": "2025-07-12T16:10:49.810508+00:00", "symbol": "ETH-USD"}, {"trade_id": 666020989, "side": "sell", "size": "0.80135310", "price": "2926.21000000", "time": "2025-07-12T16:09:51.061791Z", "fetched_at": "2025-07-12T16:10:49.810508+00:00", "symbol": "ETH-USD"}, {"trade_id": 666020988, "side": "sell", "size": "0.01677000", "price": "2926.21000000", "time": "2025-07-12T16:09:51.061685Z", "fetched_at": "2025-07-12T16:10:49.810508+00:00", "symbol": "ETH-USD"}, {"trade_id": 666020987, "side": "sell", "size": "1.86714277", "price": "2926.20000000", "time": "2025-07-12T16:09:51.061527Z", "fetched_at": "2025-07-12T16:10:49.810508+00:00", "symbol": "ETH-USD"}, {"trade_id": 666020986, "side": "sell", "size": "3.14446607", "price": "2926.20000000", "time": "2025-07-12T16:09:51.061477Z", "fetched_at": "2025-07-12T16:10:49.810508+00:00", "symbol": "ETH-USD"}, {"trade_id": 666020985, "side": "sell", "size": "0.01677000", "price": "2926.20000000", "time": "2025-07-12T16:09:51.061284Z", "fetched_at": "2025-07-12T16:10:49.810508+00:00", "symbol": "ETH-USD"}, {"trade_id": 666020984, "side": "sell", "size": "0.88992529", "price": "2926.20000000", "time": "2025-07-12T16:09:51.061063Z", "fetched_at": "2025-07-12T16:10:49.810508+00:00", "symbol": "ETH-USD"}, {"trade_id": 666020983, "side": "sell", "size": "0.05969562", "price": "2926.20000000", "time": "2025-07-12T16:09:51.061063Z", "fetched_at": "2025-07-12T16:10:49.810508+00:00", "symbol": "ETH-USD"}, {"trade_id": 666020982, "side": "sell", "size": "0.82696909", "price": "2926.20000000", "time": "2025-07-12T16:09:51.061063Z", "fetched_at": "2025-07-12T16:10:49.810508+00:00", "symbol": "ETH-USD"}, {"trade_id": 666020981, "side": "sell", "size": "0.01677000", "price": "2926.20000000", "time": "2025-07-12T16:09:51.060108Z", "fetched_at": "2025-07-12T16:10:49.810508+00:00", "symbol": "ETH-USD"}, {"trade_id": 666020980, "side": "sell", "size": "2.73328104", "price": "2926.12000000", "time": "2025-07-12T16:09:51.060022Z", "fetched_at": "2025-07-12T16:10:49.810508+00:00", "symbol": "ETH-USD"}, {"trade_id": 666020979, "side": "sell", "size": "0.01677000", "price": "2926.12000000", "time": "2025-07-12T16:09:51.059980Z", "fetched_at": "2025-07-12T16:10:49.810508+00:00", "symbol": "ETH-USD"}, {"trade_id": 666020978, "side": "sell", "size": "2.47923787", "price": "2926.12000000", "time": "2025-07-12T16:09:51.058466Z", "fetched_at": "2025-07-12T16:10:49.810508+00:00", "symbol": "ETH-USD"}, {"trade_id": 666020977, "side": "sell", "size": "0.23159428", "price": "2926.12000000", "time": "2025-07-12T16:09:51.057752Z", "fetched_at": "2025-07-12T16:10:49.810508+00:00", "symbol": "ETH-USD"}, {"trade_id": 666020976, "side": "sell", "size": "0.28029145", "price": "2926.12000000", "time": "2025-07-12T16:09:51.057683Z", "fetched_at": "2025-07-12T16:10:49.810508+00:00", "symbol": "ETH-USD"}, {"trade_id": 666020975, "side": "sell", "size": "0.13686935", "price": "2926.07000000", "time": "2025-07-12T16:09:51.057683Z", "fetched_at": "2025-07-12T16:10:49.810508+00:00", "symbol": "ETH-USD"}, {"trade_id": 666020974, "side": "sell", "size": "0.01677000", "price": "2926.00000000", "time": "2025-07-12T16:09:51.057130Z", "fetched_at": "2025-07-12T16:10:49.810508+00:00", "symbol": "ETH-USD"}, {"trade_id": 666020973, "side": "sell", "size": "0.01677000", "price": "2926.00000000", "time": "2025-07-12T16:09:51.056257Z", "fetched_at": "2025-07-12T16:10:49.810508+00:00", "symbol": "ETH-USD"}, {"trade_id": 666020972, "side": "sell", "size": "0.95558531", "price": "2926.00000000", "time": "2025-07-12T16:09:51.055583Z", "fetched_at": "2025-07-12T16:10:49.810508+00:00", "symbol": "ETH-USD"}, {"trade_id": 666020971, "side": "sell", "size": "0.00100000", "price": "2926.00000000", "time": "2025-07-12T16:09:51.055583Z", "fetched_at": "2025-07-12T16:10:49.810508+00:00", "symbol": "ETH-USD"}, {"trade_id": 666020970, "side": "sell", "size": "0.85015000", "price": "2925.97000000", "time": "2025-07-12T16:09:51.055583Z", "fetched_at": "2025-07-12T16:10:49.810508+00:00", "symbol": "ETH-USD"}, {"trade_id": 666020969, "side": "sell", "size": "0.10634421", "price": "2925.93000000", "time": "2025-07-12T16:09:51.055583Z", "fetched_at": "2025-07-12T16:10:49.810508+00:00", "symbol": "ETH-USD"}, {"trade_id": 666020968, "side": "sell", "size": "0.10496890", "price": "2925.93000000", "time": "2025-07-12T16:09:51.055144Z", "fetched_at": "2025-07-12T16:10:49.810508+00:00", "symbol": "ETH-USD"}, {"trade_id": 666020967, "side": "sell", "size": "0.26118689", "price": "2925.93000000", "time": "2025-07-12T16:09:51.054783Z", "fetched_at": "2025-07-12T16:10:49.810508+00:00", "symbol": "ETH-USD"}, {"trade_id": 666020966, "side": "sell", "size": "0.00100000", "price": "2925.78000000", "time": "2025-07-12T16:09:51.054783Z", "fetched_at": "2025-07-12T16:10:49.810508+00:00", "symbol": "ETH-USD"}, {"trade_id": 666020965, "side": "sell", "size": "0.38010108", "price": "2925.73000000", "time": "2025-07-12T16:09:51.053921Z", "fetched_at": "2025-07-12T16:10:49.810508+00:00", "symbol": "ETH-USD"}, {"trade_id": 666020964, "side": "sell", "size": "1.00264909", "price": "2925.73000000", "time": "2025-07-12T16:09:51.053123Z", "fetched_at": "2025-07-12T16:10:49.810508+00:00", "symbol": "ETH-USD"}, {"trade_id": 666020963, "side": "sell", "size": "0.00066684", "price": "2925.60000000", "time": "2025-07-12T16:09:51.047382Z", "fetched_at": "2025-07-12T16:10:49.810508+00:00", "symbol": "ETH-USD"}, {"trade_id": 666020962, "side": "sell", "size": "0.77256795", "price": "2925.60000000", "time": "2025-07-12T16:09:51.047382Z", "fetched_at": "2025-07-12T16:10:49.810508+00:00", "symbol": "ETH-USD"}, {"trade_id": 666020961, "side": "sell", "size": "0.45665722", "price": "2925.60000000", "time": "2025-07-12T16:09:51.047382Z", "fetched_at": "2025-07-12T16:10:49.810508+00:00", "symbol": "ETH-USD"}, {"trade_id": 666020960, "side": "sell", "size": "0.47250000", "price": "2925.59000000", "time": "2025-07-12T16:09:51.047382Z", "fetched_at": "2025-07-12T16:10:49.810508+00:00", "symbol": "ETH-USD"}, {"trade_id": 666020959, "side": "sell", "size": "0.00100000", "price": "2925.56000000", "time": "2025-07-12T16:09:51.047382Z", "fetched_at": "2025-07-12T16:10:49.810508+00:00", "symbol": "ETH-USD"}, {"trade_id": 666020958, "side": "sell", "size": "0.68058000", "price": "2925.52000000", "time": "2025-07-12T16:09:51.047318Z", "fetched_at": "2025-07-12T16:10:49.810508+00:00", "symbol": "ETH-USD"}, {"trade_id": 666020957, "side": "sell", "size": "2.55595808", "price": "2925.41000000", "time": "2025-07-12T16:09:51.047298Z", "fetched_at": "2025-07-12T16:10:49.810508+00:00", "symbol": "ETH-USD"}, {"trade_id": 666020956, "side": "sell", "size": "0.52991652", "price": "2925.39000000", "time": "2025-07-12T16:09:51.047298Z", "fetched_at": "2025-07-12T16:10:49.810508+00:00", "symbol": "ETH-USD"}, {"trade_id": 666020955, "side": "sell", "size": "0.85459330", "price": "2925.37000000", "time": "2025-07-12T16:09:51.046910Z", "fetched_at": "2025-07-12T16:10:49.810508+00:00", "symbol": "ETH-USD"}, {"trade_id": 666020954, "side": "sell", "size": "0.00100000", "price": "2925.34000000", "time": "2025-07-12T16:09:51.046910Z", "fetched_at": "2025-07-12T16:10:49.810508+00:00", "symbol": "ETH-USD"}, {"trade_id": 666020953, "side": "sell", "size": "0.17092428", "price": "2925.28000000", "time": "2025-07-12T16:09:51.046437Z", "fetched_at": "2025-07-12T16:10:49.810508+00:00", "symbol": "ETH-USD"}, {"trade_id": 666020952, "side": "sell", "size": "0.00998410", "price": "2925.28000000", "time": "2025-07-12T16:09:51.046437Z", "fetched_at": "2025-07-12T16:10:49.810508+00:00", "symbol": "ETH-USD"}, {"trade_id": 666020951, "side": "sell", "size": "0.84463750", "price": "2925.28000000", "time": "2025-07-12T16:09:51.045880Z", "fetched_at": "2025-07-12T16:10:49.810508+00:00", "symbol": "ETH-USD"}, {"trade_id": 666020950, "side": "sell", "size": "0.08468373", "price": "2925.17000000", "time": "2025-07-12T16:09:51.045880Z", "fetched_at": "2025-07-12T16:10:49.810508+00:00", "symbol": "ETH-USD"}, {"trade_id": 666020949, "side": "sell", "size": "0.50117658", "price": "2925.25000000", "time": "2025-07-12T16:09:51.045293Z", "fetched_at": "2025-07-12T16:10:49.810508+00:00", "symbol": "ETH-USD"}, {"trade_id": 666020948, "side": "sell", "size": "0.37735990", "price": "2925.18000000", "time": "2025-07-12T16:09:51.045293Z", "fetched_at": "2025-07-12T16:10:49.810508+00:00", "symbol": "ETH-USD"}, {"trade_id": 666020947, "side": "sell", "size": "0.19984622", "price": "2925.13000000", "time": "2025-07-12T16:09:51.044905Z", "fetched_at": "2025-07-12T16:10:49.810508+00:00", "symbol": "ETH-USD"}, {"trade_id": 666020946, "side": "sell", "size": "0.06223487", "price": "2925.12000000", "time": "2025-07-12T16:09:51.044905Z", "fetched_at": "2025-07-12T16:10:49.810508+00:00", "symbol": "ETH-USD"}, {"trade_id": 666020945, "side": "sell", "size": "0.00100000", "price": "2925.12000000", "time": "2025-07-12T16:09:51.044905Z", "fetched_at": "2025-07-12T16:10:49.810508+00:00", "symbol": "ETH-USD"}, {"trade_id": 666020944, "side": "sell", "size": "0.19999770", "price": "2925.07000000", "time": "2025-07-12T16:09:51.043055Z", "fetched_at": "2025-07-12T16:10:49.810508+00:00", "symbol": "ETH-USD"}, {"trade_id": 666020943, "side": "sell", "size": "0.08468373", "price": "2925.04000000", "time": "2025-07-12T16:09:51.043055Z", "fetched_at": "2025-07-12T16:10:49.810508+00:00", "symbol": "ETH-USD"}, {"trade_id": 666020942, "side": "sell", "size": "0.12859859", "price": "2924.93000000", "time": "2025-07-12T16:09:51.041071Z", "fetched_at": "2025-07-12T16:10:49.810508+00:00", "symbol": "ETH-USD"}, {"trade_id": 666020941, "side": "sell", "size": "0.16745543", "price": "2924.92000000", "time": "2025-07-12T16:09:51.041071Z", "fetched_at": "2025-07-12T16:10:49.810508+00:00", "symbol": "ETH-USD"}, {"trade_id": 666020940, "side": "sell", "size": "0.07957313", "price": "2924.91000000", "time": "2025-07-12T16:09:51.041071Z", "fetched_at": "2025-07-12T16:10:49.810508+00:00", "symbol": "ETH-USD"}, {"trade_id": 666020939, "side": "sell", "size": "0.11388902", "price": "2924.90000000", "time": "2025-07-12T16:09:51.041071Z", "fetched_at": "2025-07-12T16:10:49.810508+00:00", "symbol": "ETH-USD"}, {"trade_id": 666020938, "side": "sell", "size": "0.00100000", "price": "2924.90000000", "time": "2025-07-12T16:09:51.041071Z", "fetched_at": "2025-07-12T16:10:49.810508+00:00", "symbol": "ETH-USD"}, {"trade_id": 666020937, "side": "sell", "size": "0.00100000", "price": "2924.68000000", "time": "2025-07-12T16:09:51.041071Z", "fetched_at": "2025-07-12T16:10:49.810508+00:00", "symbol": "ETH-USD"}, {"trade_id": 666020936, "side": "sell", "size": "0.00031000", "price": "2924.46000000", "time": "2025-07-12T16:09:51.041071Z", "fetched_at": "2025-07-12T16:10:49.810508+00:00", "symbol": "ETH-USD"}, {"trade_id": 666020935, "side": "sell", "size": "0.00024003", "price": "2924.46000000", "time": "2025-07-12T16:09:51.041071Z", "fetched_at": "2025-07-12T16:10:49.810508+00:00", "symbol": "ETH-USD"}, {"trade_id": 666020934, "side": "sell", "size": "0.00005590", "price": "2924.46000000", "time": "2025-07-12T16:09:51.041071Z", "fetched_at": "2025-07-12T16:10:49.810508+00:00", "symbol": "ETH-USD"}, {"trade_id": 666020933, "side": "sell", "size": "0.01499806", "price": "2924.46000000", "time": "2025-07-12T16:09:51.041071Z", "fetched_at": "2025-07-12T16:10:49.810508+00:00", "symbol": "ETH-USD"}, {"trade_id": 666020932, "side": "sell", "size": "0.00324440", "price": "2924.46000000", "time": "2025-07-12T16:09:50.898137Z", "fetched_at": "2025-07-12T16:10:49.810508+00:00", "symbol": "ETH-USD"}, {"trade_id": 666020931, "side": "sell", "size": "0.00140530", "price": "2924.46000000", "time": "2025-07-12T16:09:50.488699Z", "fetched_at": "2025-07-12T16:10:49.810508+00:00", "symbol": "ETH-USD"}, {"trade_id": 666020930, "side": "sell", "size": "0.00100000", "price": "2924.46000000", "time": "2025-07-12T16:09:50.488699Z", "fetched_at": "2025-07-12T16:10:49.810508+00:00", "symbol": "ETH-USD"}, {"trade_id": 666020929, "side": "sell", "size": "0.00011472", "price": "2924.36000000", "time": "2025-07-12T16:09:48.889127Z", "fetched_at": "2025-07-12T16:10:49.810508+00:00", "symbol": "ETH-USD"}, {"trade_id": 666020928, "side": "sell", "size": "0.00096007", "price": "2924.36000000", "time": "2025-07-12T16:09:48.889127Z", "fetched_at": "2025-07-12T16:10:49.810508+00:00", "symbol": "ETH-USD"}, {"trade_id": 666020927, "side": "sell", "size": "0.00022356", "price": "2924.36000000", "time": "2025-07-12T16:09:48.889127Z", "fetched_at": "2025-07-12T16:10:49.810508+00:00", "symbol": "ETH-USD"}, {"trade_id": 666020926, "side": "sell", "size": "0.00124002", "price": "2924.36000000", "time": "2025-07-12T16:09:48.889127Z", "fetched_at": "2025-07-12T16:10:49.810508+00:00", "symbol": "ETH-USD"}, {"trade_id": 666020925, "side": "sell", "size": "0.04377060", "price": "2924.36000000", "time": "2025-07-12T16:09:48.889127Z", "fetched_at": "2025-07-12T16:10:49.810508+00:00", "symbol": "ETH-USD"}, {"trade_id": 666020924, "side": "sell", "size": "0.00786738", "price": "2924.36000000", "time": "2025-07-12T16:09:48.153545Z", "fetched_at": "2025-07-12T16:10:49.810508+00:00", "symbol": "ETH-USD"}, {"trade_id": 666020923, "side": "sell", "size": "0.00372530", "price": "2924.30000000", "time": "2025-07-12T16:09:47.132603Z", "fetched_at": "2025-07-12T16:10:49.810508+00:00", "symbol": "ETH-USD"}, {"trade_id": 666020922, "side": "buy", "size": "0.01677000", "price": "2924.31000000", "time": "2025-07-12T16:09:45.824258Z", "fetched_at": "2025-07-12T16:10:49.810508+00:00", "symbol": "ETH-USD"}, {"trade_id": 666020921, "side": "buy", "size": "0.27096130", "price": "2924.45000000", "time": "2025-07-12T16:09:45.469653Z", "fetched_at": "2025-07-12T16:10:49.810508+00:00", "symbol": "ETH-USD"}, {"trade_id": 666020920, "side": "sell", "size": "0.56255859", "price": "2924.36000000", "time": "2025-07-12T16:09:45.434980Z", "fetched_at": "2025-07-12T16:10:49.810508+00:00", "symbol": "ETH-USD"}, {"trade_id": 666020919, "side": "sell", "size": "0.80000000", "price": "2924.36000000", "time": "2025-07-12T16:09:45.434549Z", "fetched_at": "2025-07-12T16:10:49.810508+00:00", "symbol": "ETH-USD"}, {"trade_id": 666020918, "side": "sell", "size": "0.62257000", "price": "2924.36000000", "time": "2025-07-12T16:09:45.433704Z", "fetched_at": "2025-07-12T16:10:49.810508+00:00", "symbol": "ETH-USD"}, {"trade_id": 666020917, "side": "sell", "size": "0.13260902", "price": "2924.36000000", "time": "2025-07-12T16:09:45.430959Z", "fetched_at": "2025-07-12T16:10:49.810508+00:00", "symbol": "ETH-USD"}, {"trade_id": 666020916, "side": "sell", "size": "0.61034337", "price": "2924.36000000", "time": "2025-07-12T16:09:45.426783Z", "fetched_at": "2025-07-12T16:10:49.810508+00:00", "symbol": "ETH-USD"}, {"trade_id": 666020915, "side": "buy", "size": "0.05909000", "price": "2924.16000000", "time": "2025-07-12T16:09:45.426690Z", "fetched_at": "2025-07-12T16:10:49.810508+00:00", "symbol": "ETH-USD"}, {"trade_id": 666020914, "side": "buy", "size": "0.09074000", "price": "2924.24000000", "time": "2025-07-12T16:09:45.426690Z", "fetched_at": "2025-07-12T16:10:49.810508+00:00", "symbol": "ETH-USD"}, {"trade_id": 666020913, "side": "buy", "size": "0.13611000", "price": "2924.35000000", "time": "2025-07-12T16:09:45.426690Z", "fetched_at": "2025-07-12T16:10:49.810508+00:00", "symbol": "ETH-USD"}, {"trade_id": 666020912, "side": "sell", "size": "0.45483826", "price": "2924.36000000", "time": "2025-07-12T16:09:45.421504Z", "fetched_at": "2025-07-12T16:10:49.810508+00:00", "symbol": "ETH-USD"}, {"trade_id": 666020911, "side": "sell", "size": "2.55825540", "price": "2924.36000000", "time": "2025-07-12T16:09:45.421434Z", "fetched_at": "2025-07-12T16:10:49.810508+00:00", "symbol": "ETH-USD"}, {"trade_id": 666020910, "side": "sell", "size": "2.08669908", "price": "2924.31000000", "time": "2025-07-12T16:09:45.420812Z", "fetched_at": "2025-07-12T16:10:49.810508+00:00", "symbol": "ETH-USD"}, {"trade_id": 666020909, "side": "sell", "size": "0.50825775", "price": "2924.31000000", "time": "2025-07-12T16:09:45.420085Z", "fetched_at": "2025-07-12T16:10:49.810508+00:00", "symbol": "ETH-USD"}, {"trade_id": 666020908, "side": "sell", "size": "1.76221714", "price": "2924.30000000", "time": "2025-07-12T16:09:45.420085Z", "fetched_at": "2025-07-12T16:10:49.810508+00:00", "symbol": "ETH-USD"}, {"trade_id": 666020907, "side": "sell", "size": "0.34207199", "price": "2924.28000000", "time": "2025-07-12T16:09:45.420085Z", "fetched_at": "2025-07-12T16:10:49.810508+00:00", "symbol": "ETH-USD"}, {"trade_id": 666020906, "side": "sell", "size": "0.60118650", "price": "2924.28000000", "time": "2025-07-12T16:09:45.420085Z", "fetched_at": "2025-07-12T16:10:49.810508+00:00", "symbol": "ETH-USD"}, {"trade_id": 666020905, "side": "sell", "size": "0.69881350", "price": "2924.28000000", "time": "2025-07-12T16:09:45.419796Z", "fetched_at": "2025-07-12T16:10:49.810508+00:00", "symbol": "ETH-USD"}, {"trade_id": 666020904, "side": "sell", "size": "0.19999882", "price": "2924.26000000", "time": "2025-07-12T16:09:45.419796Z", "fetched_at": "2025-07-12T16:10:49.810508+00:00", "symbol": "ETH-USD"}, {"trade_id": 666020903, "side": "sell", "size": "0.13693542", "price": "2924.25000000", "time": "2025-07-12T16:09:45.419796Z", "fetched_at": "2025-07-12T16:10:49.810508+00:00", "symbol": "ETH-USD"}, {"trade_id": 666020902, "side": "sell", "size": "0.00100000", "price": "2924.24000000", "time": "2025-07-12T16:09:45.419796Z", "fetched_at": "2025-07-12T16:10:49.810508+00:00", "symbol": "ETH-USD"}, {"trade_id": 666020901, "side": "sell", "size": "0.19999789", "price": "2924.17000000", "time": "2025-07-12T16:09:45.419796Z", "fetched_at": "2025-07-12T16:10:49.810508+00:00", "symbol": "ETH-USD"}, {"trade_id": 666020900, "side": "sell", "size": "1.35218511", "price": "2924.17000000", "time": "2025-07-12T16:09:45.419796Z", "fetched_at": "2025-07-12T16:10:49.810508+00:00", "symbol": "ETH-USD"}, {"trade_id": 666020899, "side": "sell", "size": "0.47250000", "price": "2924.11000000", "time": "2025-07-12T16:09:45.419796Z", "fetched_at": "2025-07-12T16:10:49.810508+00:00", "symbol": "ETH-USD"}, {"trade_id": 666020898, "side": "sell", "size": "1.12782415", "price": "2924.10000000", "time": "2025-07-12T16:09:45.419796Z", "fetched_at": "2025-07-12T16:10:49.810508+00:00", "symbol": "ETH-USD"}, {"trade_id": 666020897, "side": "sell", "size": "0.00051315", "price": "2924.09000000", "time": "2025-07-12T16:09:45.419796Z", "fetched_at": "2025-07-12T16:10:49.810508+00:00", "symbol": "ETH-USD"}, {"trade_id": 666020896, "side": "sell", "size": "0.00100000", "price": "2924.02000000", "time": "2025-07-12T16:09:45.419796Z", "fetched_at": "2025-07-12T16:10:49.810508+00:00", "symbol": "ETH-USD"}, {"trade_id": 666020895, "side": "sell", "size": "0.16640593", "price": "2924.01000000", "time": "2025-07-12T16:09:45.419796Z", "fetched_at": "2025-07-12T16:10:49.810508+00:00", "symbol": "ETH-USD"}, {"trade_id": 666020894, "side": "sell", "size": "0.00463006", "price": "2924.01000000", "time": "2025-07-12T16:09:45.419709Z", "fetched_at": "2025-07-12T16:10:49.810508+00:00", "symbol": "ETH-USD"}, {"trade_id": 666020893, "side": "sell", "size": "1.47659996", "price": "2924.01000000", "time": "2025-07-12T16:09:45.419709Z", "fetched_at": "2025-07-12T16:10:49.810508+00:00", "symbol": "ETH-USD"}, {"trade_id": 666020892, "side": "sell", "size": "0.49877621", "price": "2924.01000000", "time": "2025-07-12T16:09:45.419605Z", "fetched_at": "2025-07-12T16:10:49.810508+00:00", "symbol": "ETH-USD"}, {"trade_id": 666020891, "side": "sell", "size": "0.54671456", "price": "2924.01000000", "time": "2025-07-12T16:09:45.419534Z", "fetched_at": "2025-07-12T16:10:49.810508+00:00", "symbol": "ETH-USD"}, {"trade_id": 666020890, "side": "sell", "size": "1.30000000", "price": "2923.98000000", "time": "2025-07-12T16:09:45.419534Z", "fetched_at": "2025-07-12T16:10:49.810508+00:00", "symbol": "ETH-USD"}, {"trade_id": 666020889, "side": "sell", "size": "0.86401869", "price": "2923.97000000", "time": "2025-07-12T16:09:45.419534Z", "fetched_at": "2025-07-12T16:10:49.810508+00:00", "symbol": "ETH-USD"}, {"trade_id": 666020888, "side": "sell", "size": "1.81072286", "price": "2923.97000000", "time": "2025-07-12T16:09:45.419232Z", "fetched_at": "2025-07-12T16:10:49.810508+00:00", "symbol": "ETH-USD"}, {"trade_id": 666020887, "side": "sell", "size": "0.12523833", "price": "2923.97000000", "time": "2025-07-12T16:09:45.419214Z", "fetched_at": "2025-07-12T16:10:49.810508+00:00", "symbol": "ETH-USD"}, {"trade_id": 666020886, "side": "sell", "size": "0.32021575", "price": "2923.92000000", "time": "2025-07-12T16:09:45.419214Z", "fetched_at": "2025-07-12T16:10:49.810508+00:00", "symbol": "ETH-USD"}, {"trade_id": 666020885, "side": "sell", "size": "0.30502648", "price": "2923.89000000", "time": "2025-07-12T16:09:45.419214Z", "fetched_at": "2025-07-12T16:10:49.810508+00:00", "symbol": "ETH-USD"}, {"trade_id": 666020884, "side": "sell", "size": "1.24522960", "price": "2923.87000000", "time": "2025-07-12T16:09:45.419214Z", "fetched_at": "2025-07-12T16:10:49.810508+00:00", "symbol": "ETH-USD"}, {"trade_id": 666020883, "side": "sell", "size": "0.15379953", "price": "2923.87000000", "time": "2025-07-12T16:09:45.418939Z", "fetched_at": "2025-07-12T16:10:49.810508+00:00", "symbol": "ETH-USD"}, {"trade_id": 666020882, "side": "sell", "size": "0.61806673", "price": "2923.86000000", "time": "2025-07-12T16:09:45.418939Z", "fetched_at": "2025-07-12T16:10:49.810508+00:00", "symbol": "ETH-USD"}, {"trade_id": 666020881, "side": "sell", "size": "1.06321783", "price": "2923.82000000", "time": "2025-07-12T16:09:45.418939Z", "fetched_at": "2025-07-12T16:10:49.810508+00:00", "symbol": "ETH-USD"}, {"trade_id": 666020880, "side": "sell", "size": "0.00100000", "price": "2923.80000000", "time": "2025-07-12T16:09:45.418939Z", "fetched_at": "2025-07-12T16:10:49.810508+00:00", "symbol": "ETH-USD"}, {"trade_id": 666020879, "side": "sell", "size": "0.37300058", "price": "2923.68000000", "time": "2025-07-12T16:09:45.418939Z", "fetched_at": "2025-07-12T16:10:49.810508+00:00", "symbol": "ETH-USD"}, {"trade_id": 666020878, "side": "sell", "size": "0.85511362", "price": "2923.59000000", "time": "2025-07-12T16:09:45.418939Z", "fetched_at": "2025-07-12T16:10:49.810508+00:00", "symbol": "ETH-USD"}, {"trade_id": 666020877, "side": "sell", "size": "0.00100000", "price": "2923.58000000", "time": "2025-07-12T16:09:45.418939Z", "fetched_at": "2025-07-12T16:10:49.810508+00:00", "symbol": "ETH-USD"}, {"trade_id": 666020876, "side": "sell", "size": "0.14258893", "price": "2923.56000000", "time": "2025-07-12T16:09:45.418939Z", "fetched_at": "2025-07-12T16:10:49.810508+00:00", "symbol": "ETH-USD"}, {"trade_id": 666020875, "side": "sell", "size": "0.32991107", "price": "2923.56000000", "time": "2025-07-12T16:09:45.418328Z", "fetched_at": "2025-07-12T16:10:49.810508+00:00", "symbol": "ETH-USD"}, {"trade_id": 666020874, "side": "sell", "size": "0.88518106", "price": "2923.54000000", "time": "2025-07-12T16:09:45.418328Z", "fetched_at": "2025-07-12T16:10:49.810508+00:00", "symbol": "ETH-USD"}, {"trade_id": 666020873, "side": "sell", "size": "0.98529077", "price": "2923.52000000", "time": "2025-07-12T16:09:45.418328Z", "fetched_at": "2025-07-12T16:10:49.810508+00:00", "symbol": "ETH-USD"}, {"trade_id": 666020872, "side": "sell", "size": "0.48966284", "price": "2923.52000000", "time": "2025-07-12T16:09:45.418285Z", "fetched_at": "2025-07-12T16:10:49.810508+00:00", "symbol": "ETH-USD"}, {"trade_id": 666020871, "side": "sell", "size": "0.00096207", "price": "2923.50000000", "time": "2025-07-12T16:09:45.418285Z", "fetched_at": "2025-07-12T16:10:49.810508+00:00", "symbol": "ETH-USD"}, {"trade_id": 666020870, "side": "sell", "size": "0.85514826", "price": "2923.47000000", "time": "2025-07-12T16:09:45.418285Z", "fetched_at": "2025-07-12T16:10:49.810508+00:00", "symbol": "ETH-USD"}, {"trade_id": 666020869, "side": "sell", "size": "0.15000000", "price": "2923.46000000", "time": "2025-07-12T16:09:45.418285Z", "fetched_at": "2025-07-12T16:10:49.810508+00:00", "symbol": "ETH-USD"}, {"trade_id": 666020868, "side": "sell", "size": "0.51366620", "price": "2923.46000000", "time": "2025-07-12T16:09:45.418285Z", "fetched_at": "2025-07-12T16:10:49.810508+00:00", "symbol": "ETH-USD"}, {"trade_id": 666020867, "side": "sell", "size": "0.05912228", "price": "2923.45000000", "time": "2025-07-12T16:09:45.418285Z", "fetched_at": "2025-07-12T16:10:49.810508+00:00", "symbol": "ETH-USD"}, {"trade_id": 666020866, "side": "sell", "size": "0.00022355", "price": "2923.28000000", "time": "2025-07-12T16:09:45.417743Z", "fetched_at": "2025-07-12T16:10:49.810508+00:00", "symbol": "ETH-USD"}, {"trade_id": 666020865, "side": "sell", "size": "0.00096009", "price": "2923.28000000", "time": "2025-07-12T16:09:45.417743Z", "fetched_at": "2025-07-12T16:10:49.810508+00:00", "symbol": "ETH-USD"}, {"trade_id": 666020864, "side": "sell", "size": "0.00124000", "price": "2923.28000000", "time": "2025-07-12T16:09:45.417743Z", "fetched_at": "2025-07-12T16:10:49.810508+00:00", "symbol": "ETH-USD"}, {"trade_id": 666020863, "side": "sell", "size": "0.13014838", "price": "2923.26000000", "time": "2025-07-12T16:09:45.417743Z", "fetched_at": "2025-07-12T16:10:49.810508+00:00", "symbol": "ETH-USD"}, {"trade_id": 666020862, "side": "sell", "size": "0.00002724", "price": "2923.26000000", "time": "2025-07-12T16:09:45.417743Z", "fetched_at": "2025-07-12T16:10:49.810508+00:00", "symbol": "ETH-USD"}, {"trade_id": 666020861, "side": "sell", "size": "0.00000976", "price": "2923.26000000", "time": "2025-07-12T16:09:45.417743Z", "fetched_at": "2025-07-12T16:10:49.810508+00:00", "symbol": "ETH-USD"}, {"trade_id": 666020860, "side": "buy", "size": "0.00322596", "price": "2923.16000000", "time": "2025-07-12T16:09:43.929479Z", "fetched_at": "2025-07-12T16:10:49.810508+00:00", "symbol": "ETH-USD"}, {"trade_id": 666020859, "side": "buy", "size": "0.04389427", "price": "2923.16000000", "time": "2025-07-12T16:09:43.929479Z", "fetched_at": "2025-07-12T16:10:49.810508+00:00", "symbol": "ETH-USD"}, {"trade_id": 666020858, "side": "buy", "size": "0.03145919", "price": "2923.01000000", "time": "2025-07-12T16:09:43.710117Z", "fetched_at": "2025-07-12T16:10:49.810508+00:00", "symbol": "ETH-USD"}, {"trade_id": 666020857, "side": "buy", "size": "0.00336192", "price": "2923.02000000", "time": "2025-07-12T16:09:43.710117Z", "fetched_at": "2025-07-12T16:10:49.810508+00:00", "symbol": "ETH-USD"}, {"trade_id": 666020856, "side": "buy", "size": "0.01645821", "price": "2923.16000000", "time": "2025-07-12T16:09:43.710117Z", "fetched_at": "2025-07-12T16:10:49.810508+00:00", "symbol": "ETH-USD"}, {"trade_id": 666020855, "side": "buy", "size": "0.04388401", "price": "2923.16000000", "time": "2025-07-12T16:09:43.710117Z", "fetched_at": "2025-07-12T16:10:49.810508+00:00", "symbol": "ETH-USD"}, {"trade_id": 666020854, "side": "buy", "size": "0.00000342", "price": "2923.16000000", "time": "2025-07-12T16:09:43.710117Z", "fetched_at": "2025-07-12T16:10:49.810508+00:00", "symbol": "ETH-USD"}, {"trade_id": 666020853, "side": "buy", "size": "0.00000342", "price": "2923.16000000", "time": "2025-07-12T16:09:43.710117Z", "fetched_at": "2025-07-12T16:10:49.810508+00:00", "symbol": "ETH-USD"}, {"trade_id": 666020852, "side": "buy", "size": "0.01645428", "price": "2923.25000000", "time": "2025-07-12T16:09:43.710117Z", "fetched_at": "2025-07-12T16:10:49.810508+00:00", "symbol": "ETH-USD"}, {"trade_id": 666020851, "side": "sell", "size": "0.10536724", "price": "2923.26000000", "time": "2025-07-12T16:09:39.855869Z", "fetched_at": "2025-07-12T16:10:49.810508+00:00", "symbol": "ETH-USD"}, {"trade_id": 666020850, "side": "sell", "size": "0.00000276", "price": "2923.17000000", "time": "2025-07-12T16:09:39.855869Z", "fetched_at": "2025-07-12T16:10:49.810508+00:00", "symbol": "ETH-USD"}, {"trade_id": 666020849, "side": "sell", "size": "0.00030730", "price": "2923.17000000", "time": "2025-07-12T16:09:39.855192Z", "fetched_at": "2025-07-12T16:10:49.810508+00:00", "symbol": "ETH-USD"}, {"trade_id": 666020848, "side": "sell", "size": "0.03341270", "price": "2923.17000000", "time": "2025-07-12T16:09:39.855192Z", "fetched_at": "2025-07-12T16:10:49.810508+00:00", "symbol": "ETH-USD"}, {"trade_id": 666020847, "side": "sell", "size": "0.00487779", "price": "2923.17000000", "time": "2025-07-12T16:09:39.696739Z", "fetched_at": "2025-07-12T16:10:49.810508+00:00", "symbol": "ETH-USD"}, {"trade_id": 666020846, "side": "sell", "size": "0.00020215", "price": "2923.17000000", "time": "2025-07-12T16:09:39.696739Z", "fetched_at": "2025-07-12T16:10:49.810508+00:00", "symbol": "ETH-USD"}, {"trade_id": 666020845, "side": "sell", "size": "0.00000455", "price": "2923.17000000", "time": "2025-07-12T16:09:33.866152Z", "fetched_at": "2025-07-12T16:10:49.810508+00:00", "symbol": "ETH-USD"}