[{"trade_id": 665997270, "side": "sell", "size": "0.00418733", "price": "2929.30000000", "time": "2025-07-12T15:10:47.555380Z", "fetched_at": "2025-07-12T15:10:50.807512+00:00", "symbol": "ETH-USD"}, {"trade_id": 665997269, "side": "sell", "size": "0.00100000", "price": "2929.30000000", "time": "2025-07-12T15:10:47.555380Z", "fetched_at": "2025-07-12T15:10:50.807512+00:00", "symbol": "ETH-USD"}, {"trade_id": 665997268, "side": "sell", "size": "0.00001351", "price": "2929.24000000", "time": "2025-07-12T15:10:47.192163Z", "fetched_at": "2025-07-12T15:10:50.807512+00:00", "symbol": "ETH-USD"}, {"trade_id": 665997267, "side": "sell", "size": "0.19998593", "price": "2929.24000000", "time": "2025-07-12T15:10:47.192081Z", "fetched_at": "2025-07-12T15:10:50.807512+00:00", "symbol": "ETH-USD"}, {"trade_id": 665997266, "side": "sell", "size": "0.20000007", "price": "2929.24000000", "time": "2025-07-12T15:10:47.192081Z", "fetched_at": "2025-07-12T15:10:50.807512+00:00", "symbol": "ETH-USD"}, {"trade_id": 665997265, "side": "sell", "size": "0.19999945", "price": "2929.24000000", "time": "2025-07-12T15:10:47.192081Z", "fetched_at": "2025-07-12T15:10:50.807512+00:00", "symbol": "ETH-USD"}, {"trade_id": 665997264, "side": "sell", "size": "0.00114515", "price": "2929.23000000", "time": "2025-07-12T15:10:47.192081Z", "fetched_at": "2025-07-12T15:10:50.807512+00:00", "symbol": "ETH-USD"}, {"trade_id": 665997263, "side": "sell", "size": "0.00001351", "price": "2929.08000000", "time": "2025-07-12T15:10:47.192081Z", "fetched_at": "2025-07-12T15:10:50.807512+00:00", "symbol": "ETH-USD"}, {"trade_id": 665997262, "side": "sell", "size": "0.00005217", "price": "2929.08000000", "time": "2025-07-12T15:10:47.190167Z", "fetched_at": "2025-07-12T15:10:50.807512+00:00", "symbol": "ETH-USD"}, {"trade_id": 665997261, "side": "sell", "size": "0.01178783", "price": "2929.08000000", "time": "2025-07-12T15:10:47.190167Z", "fetched_at": "2025-07-12T15:10:50.807512+00:00", "symbol": "ETH-USD"}, {"trade_id": 665997260, "side": "sell", "size": "0.00930000", "price": "2929.08000000", "time": "2025-07-12T15:10:46.499965Z", "fetched_at": "2025-07-12T15:10:50.807512+00:00", "symbol": "ETH-USD"}, {"trade_id": 665997259, "side": "sell", "size": "0.00100000", "price": "2929.08000000", "time": "2025-07-12T15:10:46.318133Z", "fetched_at": "2025-07-12T15:10:50.807512+00:00", "symbol": "ETH-USD"}, {"trade_id": 665997258, "side": "sell", "size": "0.00116306", "price": "2928.98000000", "time": "2025-07-12T15:10:46.318133Z", "fetched_at": "2025-07-12T15:10:50.807512+00:00", "symbol": "ETH-USD"}, {"trade_id": 665997257, "side": "sell", "size": "0.04163013", "price": "2928.98000000", "time": "2025-07-12T15:10:46.318133Z", "fetched_at": "2025-07-12T15:10:50.807512+00:00", "symbol": "ETH-USD"}, {"trade_id": 665997256, "side": "sell", "size": "0.00160639", "price": "2928.98000000", "time": "2025-07-12T15:10:46.144024Z", "fetched_at": "2025-07-12T15:10:50.807512+00:00", "symbol": "ETH-USD"}, {"trade_id": 665997255, "side": "sell", "size": "0.00676320", "price": "2928.98000000", "time": "2025-07-12T15:10:45.217254Z", "fetched_at": "2025-07-12T15:10:50.807512+00:00", "symbol": "ETH-USD"}, {"trade_id": 665997254, "side": "sell", "size": "0.44544585", "price": "2928.86000000", "time": "2025-07-12T15:10:44.192134Z", "fetched_at": "2025-07-12T15:10:50.807512+00:00", "symbol": "ETH-USD"}, {"trade_id": 665997253, "side": "sell", "size": "0.40894415", "price": "2928.86000000", "time": "2025-07-12T15:10:44.187018Z", "fetched_at": "2025-07-12T15:10:50.807512+00:00", "symbol": "ETH-USD"}, {"trade_id": 665997252, "side": "sell", "size": "0.00100000", "price": "2928.86000000", "time": "2025-07-12T15:10:44.187018Z", "fetched_at": "2025-07-12T15:10:50.807512+00:00", "symbol": "ETH-USD"}, {"trade_id": 665997251, "side": "sell", "size": "0.00100000", "price": "2928.64000000", "time": "2025-07-12T15:10:44.098563Z", "fetched_at": "2025-07-12T15:10:50.807512+00:00", "symbol": "ETH-USD"}, {"trade_id": 665997250, "side": "sell", "size": "0.19999912", "price": "2928.47000000", "time": "2025-07-12T15:10:44.030124Z", "fetched_at": "2025-07-12T15:10:50.807512+00:00", "symbol": "ETH-USD"}, {"trade_id": 665997249, "side": "sell", "size": "0.00100000", "price": "2928.42000000", "time": "2025-07-12T15:10:44.026068Z", "fetched_at": "2025-07-12T15:10:50.807512+00:00", "symbol": "ETH-USD"}, {"trade_id": 665997248, "side": "sell", "size": "0.00119394", "price": "2928.41000000", "time": "2025-07-12T15:10:44.026068Z", "fetched_at": "2025-07-12T15:10:50.807512+00:00", "symbol": "ETH-USD"}, {"trade_id": 665997247, "side": "sell", "size": "0.19873799", "price": "2928.41000000", "time": "2025-07-12T15:10:43.793937Z", "fetched_at": "2025-07-12T15:10:50.807512+00:00", "symbol": "ETH-USD"}, {"trade_id": 665997246, "side": "sell", "size": "0.00010334", "price": "2928.20000000", "time": "2025-07-12T15:10:43.793937Z", "fetched_at": "2025-07-12T15:10:50.807512+00:00", "symbol": "ETH-USD"}, {"trade_id": 665997245, "side": "sell", "size": "0.00108867", "price": "2928.20000000", "time": "2025-07-12T15:10:43.793937Z", "fetched_at": "2025-07-12T15:10:50.807512+00:00", "symbol": "ETH-USD"}, {"trade_id": 665997244, "side": "buy", "size": "0.25905965", "price": "2928.19000000", "time": "2025-07-12T15:10:43.191491Z", "fetched_at": "2025-07-12T15:10:50.807512+00:00", "symbol": "ETH-USD"}, {"trade_id": 665997243, "side": "sell", "size": "0.03440000", "price": "2928.20000000", "time": "2025-07-12T15:10:43.144056Z", "fetched_at": "2025-07-12T15:10:50.807512+00:00", "symbol": "ETH-USD"}, {"trade_id": 665997242, "side": "sell", "size": "0.02167866", "price": "2928.20000000", "time": "2025-07-12T15:10:42.506470Z", "fetched_at": "2025-07-12T15:10:50.807512+00:00", "symbol": "ETH-USD"}, {"trade_id": 665997241, "side": "sell", "size": "0.00100000", "price": "2928.20000000", "time": "2025-07-12T15:10:42.506470Z", "fetched_at": "2025-07-12T15:10:50.807512+00:00", "symbol": "ETH-USD"}, {"trade_id": 665997240, "side": "sell", "size": "0.00110956", "price": "2927.98000000", "time": "2025-07-12T15:10:41.203415Z", "fetched_at": "2025-07-12T15:10:50.807512+00:00", "symbol": "ETH-USD"}, {"trade_id": 665997239, "side": "sell", "size": "0.00030713", "price": "2927.98000000", "time": "2025-07-12T15:10:41.203415Z", "fetched_at": "2025-07-12T15:10:50.807512+00:00", "symbol": "ETH-USD"}, {"trade_id": 665997238, "side": "sell", "size": "0.00007153", "price": "2927.98000000", "time": "2025-07-12T15:10:41.203415Z", "fetched_at": "2025-07-12T15:10:50.807512+00:00", "symbol": "ETH-USD"}, {"trade_id": 665997237, "side": "sell", "size": "0.00100000", "price": "2927.98000000", "time": "2025-07-12T15:10:41.203415Z", "fetched_at": "2025-07-12T15:10:50.807512+00:00", "symbol": "ETH-USD"}, {"trade_id": 665997236, "side": "sell", "size": "0.19999923", "price": "2927.93000000", "time": "2025-07-12T15:10:40.450725Z", "fetched_at": "2025-07-12T15:10:50.807512+00:00", "symbol": "ETH-USD"}, {"trade_id": 665997235, "side": "sell", "size": "0.08569619", "price": "2927.92000000", "time": "2025-07-12T15:10:40.450725Z", "fetched_at": "2025-07-12T15:10:50.807512+00:00", "symbol": "ETH-USD"}, {"trade_id": 665997234, "side": "sell", "size": "0.00100000", "price": "2927.76000000", "time": "2025-07-12T15:10:40.439273Z", "fetched_at": "2025-07-12T15:10:50.807512+00:00", "symbol": "ETH-USD"}, {"trade_id": 665997233, "side": "sell", "size": "0.10748890", "price": "2927.75000000", "time": "2025-07-12T15:10:40.439273Z", "fetched_at": "2025-07-12T15:10:50.807512+00:00", "symbol": "ETH-USD"}, {"trade_id": 665997232, "side": "sell", "size": "0.09236910", "price": "2927.75000000", "time": "2025-07-12T15:10:40.439093Z", "fetched_at": "2025-07-12T15:10:50.807512+00:00", "symbol": "ETH-USD"}, {"trade_id": 665997231, "side": "sell", "size": "0.00039243", "price": "2927.74000000", "time": "2025-07-12T15:10:40.439093Z", "fetched_at": "2025-07-12T15:10:50.807512+00:00", "symbol": "ETH-USD"}, {"trade_id": 665997230, "side": "sell", "size": "0.00120297", "price": "2927.74000000", "time": "2025-07-12T15:10:40.439093Z", "fetched_at": "2025-07-12T15:10:50.807512+00:00", "symbol": "ETH-USD"}, {"trade_id": 665997229, "side": "sell", "size": "0.07512315", "price": "2927.74000000", "time": "2025-07-12T15:10:40.439093Z", "fetched_at": "2025-07-12T15:10:50.807512+00:00", "symbol": "ETH-USD"}, {"trade_id": 665997228, "side": "sell", "size": "0.00013192", "price": "2927.74000000", "time": "2025-07-12T15:10:40.439093Z", "fetched_at": "2025-07-12T15:10:50.807512+00:00", "symbol": "ETH-USD"}, {"trade_id": 665997227, "side": "sell", "size": "0.00003044", "price": "2927.74000000", "time": "2025-07-12T15:10:40.439093Z", "fetched_at": "2025-07-12T15:10:50.807512+00:00", "symbol": "ETH-USD"}, {"trade_id": 665997226, "side": "sell", "size": "0.00128725", "price": "2927.48000000", "time": "2025-07-12T15:10:40.380556Z", "fetched_at": "2025-07-12T15:10:50.807512+00:00", "symbol": "ETH-USD"}, {"trade_id": 665997225, "side": "sell", "size": "0.00100000", "price": "2927.54000000", "time": "2025-07-12T15:10:40.377169Z", "fetched_at": "2025-07-12T15:10:50.807512+00:00", "symbol": "ETH-USD"}, {"trade_id": 665997224, "side": "sell", "size": "0.00017134", "price": "2927.54000000", "time": "2025-07-12T15:10:40.377169Z", "fetched_at": "2025-07-12T15:10:50.807512+00:00", "symbol": "ETH-USD"}, {"trade_id": 665997223, "side": "sell", "size": "0.00010334", "price": "2927.48000000", "time": "2025-07-12T15:10:40.377169Z", "fetched_at": "2025-07-12T15:10:50.807512+00:00", "symbol": "ETH-USD"}, {"trade_id": 665997222, "side": "sell", "size": "0.00674281", "price": "2927.47000000", "time": "2025-07-12T15:10:38.989676Z", "fetched_at": "2025-07-12T15:10:50.807512+00:00", "symbol": "ETH-USD"}, {"trade_id": 665997221, "side": "sell", "size": "0.00135667", "price": "2927.36000000", "time": "2025-07-12T15:10:38.989676Z", "fetched_at": "2025-07-12T15:10:50.807512+00:00", "symbol": "ETH-USD"}, {"trade_id": 665997220, "side": "sell", "size": "0.00059153", "price": "2927.31000000", "time": "2025-07-12T15:10:38.397035Z", "fetched_at": "2025-07-12T15:10:50.807512+00:00", "symbol": "ETH-USD"}, {"trade_id": 665997219, "side": "sell", "size": "0.03130133", "price": "2927.41000000", "time": "2025-07-12T15:10:37.712775Z", "fetched_at": "2025-07-12T15:10:50.807512+00:00", "symbol": "ETH-USD"}, {"trade_id": 665997218, "side": "sell", "size": "0.00139867", "price": "2927.40000000", "time": "2025-07-12T15:10:37.712775Z", "fetched_at": "2025-07-12T15:10:50.807512+00:00", "symbol": "ETH-USD"}, {"trade_id": 665997217, "side": "sell", "size": "0.16767550", "price": "2927.36000000", "time": "2025-07-12T15:10:37.686793Z", "fetched_at": "2025-07-12T15:10:50.807512+00:00", "symbol": "ETH-USD"}, {"trade_id": 665997216, "side": "sell", "size": "0.00139867", "price": "2927.35000000", "time": "2025-07-12T15:10:37.686793Z", "fetched_at": "2025-07-12T15:10:50.807512+00:00", "symbol": "ETH-USD"}, {"trade_id": 665997215, "side": "sell", "size": "0.03813153", "price": "2927.36000000", "time": "2025-07-12T15:10:37.582263Z", "fetched_at": "2025-07-12T15:10:50.807512+00:00", "symbol": "ETH-USD"}, {"trade_id": 665997214, "side": "sell", "size": "0.00139867", "price": "2927.35000000", "time": "2025-07-12T15:10:37.582263Z", "fetched_at": "2025-07-12T15:10:50.807512+00:00", "symbol": "ETH-USD"}, {"trade_id": 665997213, "side": "buy", "size": "0.01286951", "price": "2926.90000000", "time": "2025-07-12T15:10:36.961036Z", "fetched_at": "2025-07-12T15:10:50.807512+00:00", "symbol": "ETH-USD"}, {"trade_id": 665997212, "side": "buy", "size": "0.00337298", "price": "2926.91000000", "time": "2025-07-12T15:10:36.961036Z", "fetched_at": "2025-07-12T15:10:50.807512+00:00", "symbol": "ETH-USD"}, {"trade_id": 665997211, "side": "buy", "size": "0.03237046", "price": "2927.36000000", "time": "2025-07-12T15:10:35.631085Z", "fetched_at": "2025-07-12T15:10:50.807512+00:00", "symbol": "ETH-USD"}, {"trade_id": 665997210, "side": "buy", "size": "0.07293602", "price": "2927.36000000", "time": "2025-07-12T15:10:35.631085Z", "fetched_at": "2025-07-12T15:10:50.807512+00:00", "symbol": "ETH-USD"}, {"trade_id": 665997209, "side": "sell", "size": "0.02917943", "price": "2927.66000000", "time": "2025-07-12T15:10:34.043979Z", "fetched_at": "2025-07-12T15:10:50.807512+00:00", "symbol": "ETH-USD"}, {"trade_id": 665997208, "side": "sell", "size": "0.00100000", "price": "2927.54000000", "time": "2025-07-12T15:10:34.043979Z", "fetched_at": "2025-07-12T15:10:50.807512+00:00", "symbol": "ETH-USD"}, {"trade_id": 665997207, "side": "sell", "size": "0.00094482", "price": "2927.37000000", "time": "2025-07-12T15:10:34.043979Z", "fetched_at": "2025-07-12T15:10:50.807512+00:00", "symbol": "ETH-USD"}, {"trade_id": 665997206, "side": "sell", "size": "0.00014816", "price": "2927.37000000", "time": "2025-07-12T15:10:34.043979Z", "fetched_at": "2025-07-12T15:10:50.807512+00:00", "symbol": "ETH-USD"}, {"trade_id": 665997205, "side": "sell", "size": "0.00072007", "price": "2927.37000000", "time": "2025-07-12T15:10:34.043979Z", "fetched_at": "2025-07-12T15:10:50.807512+00:00", "symbol": "ETH-USD"}, {"trade_id": 665997204, "side": "sell", "size": "0.00092999", "price": "2927.37000000", "time": "2025-07-12T15:10:34.043979Z", "fetched_at": "2025-07-12T15:10:50.807512+00:00", "symbol": "ETH-USD"}, {"trade_id": 665997203, "side": "sell", "size": "0.00027719", "price": "2927.37000000", "time": "2025-07-12T15:10:34.043979Z", "fetched_at": "2025-07-12T15:10:50.807512+00:00", "symbol": "ETH-USD"}, {"trade_id": 665997202, "side": "buy", "size": "0.47701762", "price": "2926.75000000", "time": "2025-07-12T15:10:33.245421Z", "fetched_at": "2025-07-12T15:10:50.807512+00:00", "symbol": "ETH-USD"}, {"trade_id": 665997201, "side": "buy", "size": "0.85417306", "price": "2926.80000000", "time": "2025-07-12T15:10:33.245421Z", "fetched_at": "2025-07-12T15:10:50.807512+00:00", "symbol": "ETH-USD"}, {"trade_id": 665997200, "side": "buy", "size": "0.02391348", "price": "2926.80000000", "time": "2025-07-12T15:10:33.245421Z", "fetched_at": "2025-07-12T15:10:50.807512+00:00", "symbol": "ETH-USD"}, {"trade_id": 665997199, "side": "buy", "size": "0.04367910", "price": "2926.80000000", "time": "2025-07-12T15:10:33.245421Z", "fetched_at": "2025-07-12T15:10:50.807512+00:00", "symbol": "ETH-USD"}, {"trade_id": 665997198, "side": "buy", "size": "0.00100000", "price": "2926.88000000", "time": "2025-07-12T15:10:33.245421Z", "fetched_at": "2025-07-12T15:10:50.807512+00:00", "symbol": "ETH-USD"}, {"trade_id": 665997197, "side": "buy", "size": "0.47250000", "price": "2926.93000000", "time": "2025-07-12T15:10:33.245421Z", "fetched_at": "2025-07-12T15:10:50.807512+00:00", "symbol": "ETH-USD"}, {"trade_id": 665997196, "side": "buy", "size": "0.83715938", "price": "2926.94000000", "time": "2025-07-12T15:10:33.245421Z", "fetched_at": "2025-07-12T15:10:50.807512+00:00", "symbol": "ETH-USD"}, {"trade_id": 665997195, "side": "buy", "size": "0.47532352", "price": "2927.10000000", "time": "2025-07-12T15:10:33.245421Z", "fetched_at": "2025-07-12T15:10:50.807512+00:00", "symbol": "ETH-USD"}, {"trade_id": 665997194, "side": "buy", "size": "0.17081539", "price": "2927.13000000", "time": "2025-07-12T15:10:33.245421Z", "fetched_at": "2025-07-12T15:10:50.807512+00:00", "symbol": "ETH-USD"}, {"trade_id": 665997193, "side": "buy", "size": "0.85407701", "price": "2927.13000000", "time": "2025-07-12T15:10:33.245421Z", "fetched_at": "2025-07-12T15:10:50.807512+00:00", "symbol": "ETH-USD"}, {"trade_id": 665997192, "side": "buy", "size": "0.90012955", "price": "2927.20000000", "time": "2025-07-12T15:10:33.245421Z", "fetched_at": "2025-07-12T15:10:50.807512+00:00", "symbol": "ETH-USD"}, {"trade_id": 665997191, "side": "buy", "size": "0.08096532", "price": "2927.22000000", "time": "2025-07-12T15:10:33.245421Z", "fetched_at": "2025-07-12T15:10:50.807512+00:00", "symbol": "ETH-USD"}, {"trade_id": 665997190, "side": "buy", "size": "0.00337262", "price": "2927.23000000", "time": "2025-07-12T15:10:33.245421Z", "fetched_at": "2025-07-12T15:10:50.807512+00:00", "symbol": "ETH-USD"}, {"trade_id": 665997189, "side": "buy", "size": "0.07664324", "price": "2927.25000000", "time": "2025-07-12T15:10:33.245421Z", "fetched_at": "2025-07-12T15:10:50.807512+00:00", "symbol": "ETH-USD"}, {"trade_id": 665997188, "side": "buy", "size": "0.41972714", "price": "2927.36000000", "time": "2025-07-12T15:10:33.245421Z", "fetched_at": "2025-07-12T15:10:50.807512+00:00", "symbol": "ETH-USD"}, {"trade_id": 665997187, "side": "buy", "size": "0.13167000", "price": "2927.36000000", "time": "2025-07-12T15:10:33.245421Z", "fetched_at": "2025-07-12T15:10:50.807512+00:00", "symbol": "ETH-USD"}, {"trade_id": 665997186, "side": "buy", "size": "0.03801939", "price": "2927.29000000", "time": "2025-07-12T15:10:33.110197Z", "fetched_at": "2025-07-12T15:10:50.807512+00:00", "symbol": "ETH-USD"}, {"trade_id": 665997185, "side": "buy", "size": "0.46583859", "price": "2927.36000000", "time": "2025-07-12T15:10:33.110197Z", "fetched_at": "2025-07-12T15:10:50.807512+00:00", "symbol": "ETH-USD"}, {"trade_id": 665997184, "side": "sell", "size": "0.00010694", "price": "2927.10000000", "time": "2025-07-12T15:10:30.900613Z", "fetched_at": "2025-07-12T15:10:50.807512+00:00", "symbol": "ETH-USD"}, {"trade_id": 665997183, "side": "sell", "size": "0.00024003", "price": "2927.03000000", "time": "2025-07-12T15:10:30.859236Z", "fetched_at": "2025-07-12T15:10:50.807512+00:00", "symbol": "ETH-USD"}, {"trade_id": 665997182, "side": "sell", "size": "0.00030999", "price": "2927.03000000", "time": "2025-07-12T15:10:30.859236Z", "fetched_at": "2025-07-12T15:10:50.807512+00:00", "symbol": "ETH-USD"}, {"trade_id": 665997181, "side": "sell", "size": "0.00005590", "price": "2927.03000000", "time": "2025-07-12T15:10:30.859236Z", "fetched_at": "2025-07-12T15:10:50.807512+00:00", "symbol": "ETH-USD"}, {"trade_id": 665997180, "side": "sell", "size": "0.00091340", "price": "2926.93000000", "time": "2025-07-12T15:10:29.831692Z", "fetched_at": "2025-07-12T15:10:50.807512+00:00", "symbol": "ETH-USD"}, {"trade_id": 665997179, "side": "sell", "size": "0.00165276", "price": "2927.07000000", "time": "2025-07-12T15:10:27.001009Z", "fetched_at": "2025-07-12T15:10:50.807512+00:00", "symbol": "ETH-USD"}, {"trade_id": 665997178, "side": "buy", "size": "0.05571754", "price": "2926.47000000", "time": "2025-07-12T15:10:26.884583Z", "fetched_at": "2025-07-12T15:10:50.807512+00:00", "symbol": "ETH-USD"}, {"trade_id": 665997177, "side": "buy", "size": "0.42629016", "price": "2926.59000000", "time": "2025-07-12T15:10:26.884583Z", "fetched_at": "2025-07-12T15:10:50.807512+00:00", "symbol": "ETH-USD"}, {"trade_id": 665997176, "side": "buy", "size": "0.00100000", "price": "2926.66000000", "time": "2025-07-12T15:10:26.884583Z", "fetched_at": "2025-07-12T15:10:50.807512+00:00", "symbol": "ETH-USD"}, {"trade_id": 665997175, "side": "buy", "size": "0.00100000", "price": "2926.88000000", "time": "2025-07-12T15:10:26.884583Z", "fetched_at": "2025-07-12T15:10:50.807512+00:00", "symbol": "ETH-USD"}, {"trade_id": 665997174, "side": "buy", "size": "0.01735601", "price": "2926.94000000", "time": "2025-07-12T15:10:26.884583Z", "fetched_at": "2025-07-12T15:10:50.807512+00:00", "symbol": "ETH-USD"}, {"trade_id": 665997173, "side": "buy", "size": "0.06350318", "price": "2926.94000000", "time": "2025-07-12T15:10:26.884583Z", "fetched_at": "2025-07-12T15:10:50.807512+00:00", "symbol": "ETH-USD"}, {"trade_id": 665997172, "side": "buy", "size": "0.00202942", "price": "2926.94000000", "time": "2025-07-12T15:10:26.884583Z", "fetched_at": "2025-07-12T15:10:50.807512+00:00", "symbol": "ETH-USD"}, {"trade_id": 665997171, "side": "buy", "size": "0.01851763", "price": "2926.94000000", "time": "2025-07-12T15:10:26.884583Z", "fetched_at": "2025-07-12T15:10:50.807512+00:00", "symbol": "ETH-USD"}, {"trade_id": 665997170, "side": "buy", "size": "0.00000341", "price": "2926.94000000", "time": "2025-07-12T15:10:26.884583Z", "fetched_at": "2025-07-12T15:10:50.807512+00:00", "symbol": "ETH-USD"}, {"trade_id": 665997169, "side": "buy", "size": "0.00000647", "price": "2926.94000000", "time": "2025-07-12T15:10:26.884583Z", "fetched_at": "2025-07-12T15:10:50.807512+00:00", "symbol": "ETH-USD"}, {"trade_id": 665997168, "side": "buy", "size": "0.00100000", "price": "2927.32000000", "time": "2025-07-12T15:10:26.168302Z", "fetched_at": "2025-07-12T15:10:50.807512+00:00", "symbol": "ETH-USD"}, {"trade_id": 665997167, "side": "buy", "size": "0.00003074", "price": "2927.40000000", "time": "2025-07-12T15:10:26.110307Z", "fetched_at": "2025-07-12T15:10:50.807512+00:00", "symbol": "ETH-USD"}, {"trade_id": 665997166, "side": "buy", "size": "0.05449887", "price": "2927.40000000", "time": "2025-07-12T15:10:26.110307Z", "fetched_at": "2025-07-12T15:10:50.807512+00:00", "symbol": "ETH-USD"}, {"trade_id": 665997165, "side": "sell", "size": "0.00020000", "price": "2927.41000000", "time": "2025-07-12T15:10:25.675980Z", "fetched_at": "2025-07-12T15:10:50.807512+00:00", "symbol": "ETH-USD"}, {"trade_id": 665997164, "side": "sell", "size": "0.01095550", "price": "2927.41000000", "time": "2025-07-12T15:10:24.787181Z", "fetched_at": "2025-07-12T15:10:50.807512+00:00", "symbol": "ETH-USD"}, {"trade_id": 665997163, "side": "buy", "size": "0.30000000", "price": "2927.60000000", "time": "2025-07-12T15:10:22.631353Z", "fetched_at": "2025-07-12T15:10:50.807512+00:00", "symbol": "ETH-USD"}, {"trade_id": 665997162, "side": "buy", "size": "0.30000000", "price": "2927.70000000", "time": "2025-07-12T15:10:22.630149Z", "fetched_at": "2025-07-12T15:10:50.807512+00:00", "symbol": "ETH-USD"}, {"trade_id": 665997161, "side": "buy", "size": "0.00337206", "price": "2927.71000000", "time": "2025-07-12T15:10:22.630149Z", "fetched_at": "2025-07-12T15:10:50.807512+00:00", "symbol": "ETH-USD"}, {"trade_id": 665997160, "side": "sell", "size": "0.09231830", "price": "2928.39000000", "time": "2025-07-12T15:10:21.888722Z", "fetched_at": "2025-07-12T15:10:50.807512+00:00", "symbol": "ETH-USD"}, {"trade_id": 665997159, "side": "sell", "size": "0.19501419", "price": "2928.38000000", "time": "2025-07-12T15:10:21.888722Z", "fetched_at": "2025-07-12T15:10:50.807512+00:00", "symbol": "ETH-USD"}, {"trade_id": 665997158, "side": "sell", "size": "0.39085078", "price": "2928.37000000", "time": "2025-07-12T15:10:21.888722Z", "fetched_at": "2025-07-12T15:10:50.807512+00:00", "symbol": "ETH-USD"}, {"trade_id": 665997157, "side": "sell", "size": "0.17074886", "price": "2928.28000000", "time": "2025-07-12T15:10:21.888722Z", "fetched_at": "2025-07-12T15:10:50.807512+00:00", "symbol": "ETH-USD"}, {"trade_id": 665997156, "side": "sell", "size": "0.00100000", "price": "2928.20000000", "time": "2025-07-12T15:10:21.888722Z", "fetched_at": "2025-07-12T15:10:50.807512+00:00", "symbol": "ETH-USD"}, {"trade_id": 665997155, "side": "sell", "size": "0.00100000", "price": "2927.98000000", "time": "2025-07-12T15:10:21.888722Z", "fetched_at": "2025-07-12T15:10:50.807512+00:00", "symbol": "ETH-USD"}, {"trade_id": 665997154, "side": "sell", "size": "0.00306787", "price": "2927.76000000", "time": "2025-07-12T15:10:21.888722Z", "fetched_at": "2025-07-12T15:10:50.807512+00:00", "symbol": "ETH-USD"}, {"trade_id": 665997153, "side": "sell", "size": "0.00100000", "price": "2927.76000000", "time": "2025-07-12T15:10:21.888722Z", "fetched_at": "2025-07-12T15:10:50.807512+00:00", "symbol": "ETH-USD"}, {"trade_id": 665997152, "side": "sell", "size": "0.00039442", "price": "2927.55000000", "time": "2025-07-12T15:10:21.310957Z", "fetched_at": "2025-07-12T15:10:50.807512+00:00", "symbol": "ETH-USD"}, {"trade_id": 665997151, "side": "sell", "size": "0.00030593", "price": "2927.55000000", "time": "2025-07-12T15:10:21.310957Z", "fetched_at": "2025-07-12T15:10:50.807512+00:00", "symbol": "ETH-USD"}, {"trade_id": 665997150, "side": "sell", "size": "0.00005814", "price": "2927.55000000", "time": "2025-07-12T15:10:21.310957Z", "fetched_at": "2025-07-12T15:10:50.807512+00:00", "symbol": "ETH-USD"}, {"trade_id": 665997149, "side": "sell", "size": "0.00005493", "price": "2927.54000000", "time": "2025-07-12T15:10:21.306914Z", "fetched_at": "2025-07-12T15:10:50.807512+00:00", "symbol": "ETH-USD"}, {"trade_id": 665997148, "side": "sell", "size": "0.00264877", "price": "2927.54000000", "time": "2025-07-12T15:10:21.306914Z", "fetched_at": "2025-07-12T15:10:50.807512+00:00", "symbol": "ETH-USD"}, {"trade_id": 665997147, "side": "sell", "size": "0.00024678", "price": "2927.54000000", "time": "2025-07-12T15:10:21.261631Z", "fetched_at": "2025-07-12T15:10:50.807512+00:00", "symbol": "ETH-USD"}, {"trade_id": 665997146, "side": "sell", "size": "0.00100000", "price": "2927.54000000", "time": "2025-07-12T15:10:21.261631Z", "fetched_at": "2025-07-12T15:10:50.807512+00:00", "symbol": "ETH-USD"}, {"trade_id": 665997145, "side": "sell", "size": "0.00014853", "price": "2927.41000000", "time": "2025-07-12T15:10:21.134034Z", "fetched_at": "2025-07-12T15:10:50.807512+00:00", "symbol": "ETH-USD"}, {"trade_id": 665997144, "side": "buy", "size": "0.01677000", "price": "2927.43000000", "time": "2025-07-12T15:10:20.056232Z", "fetched_at": "2025-07-12T15:10:50.807512+00:00", "symbol": "ETH-USD"}, {"trade_id": 665997143, "side": "sell", "size": "0.31118483", "price": "2927.11000000", "time": "2025-07-12T15:10:20.043075Z", "fetched_at": "2025-07-12T15:10:50.807512+00:00", "symbol": "ETH-USD"}, {"trade_id": 665997142, "side": "sell", "size": "0.00100000", "price": "2927.10000000", "time": "2025-07-12T15:10:20.043075Z", "fetched_at": "2025-07-12T15:10:50.807512+00:00", "symbol": "ETH-USD"}, {"trade_id": 665997141, "side": "sell", "size": "0.00016151", "price": "2926.99000000", "time": "2025-07-12T15:10:20.043075Z", "fetched_at": "2025-07-12T15:10:50.807512+00:00", "symbol": "ETH-USD"}, {"trade_id": 665997140, "side": "sell", "size": "0.00120000", "price": "2926.95000000", "time": "2025-07-12T15:10:20.043075Z", "fetched_at": "2025-07-12T15:10:50.807512+00:00", "symbol": "ETH-USD"}, {"trade_id": 665997139, "side": "sell", "size": "0.00297094", "price": "2926.95000000", "time": "2025-07-12T15:10:20.043075Z", "fetched_at": "2025-07-12T15:10:50.807512+00:00", "symbol": "ETH-USD"}, {"trade_id": 665997138, "side": "sell", "size": "0.01322046", "price": "2926.95000000", "time": "2025-07-12T15:10:19.595484Z", "fetched_at": "2025-07-12T15:10:50.807512+00:00", "symbol": "ETH-USD"}, {"trade_id": 665997137, "side": "sell", "size": "0.00301104", "price": "2926.95000000", "time": "2025-07-12T15:10:19.595484Z", "fetched_at": "2025-07-12T15:10:50.807512+00:00", "symbol": "ETH-USD"}, {"trade_id": 665997136, "side": "buy", "size": "0.00602371", "price": "2926.94000000", "time": "2025-07-12T15:10:18.941964Z", "fetched_at": "2025-07-12T15:10:50.807512+00:00", "symbol": "ETH-USD"}, {"trade_id": 665997135, "side": "buy", "size": "0.03406629", "price": "2926.94000000", "time": "2025-07-12T15:10:18.941964Z", "fetched_at": "2025-07-12T15:10:50.807512+00:00", "symbol": "ETH-USD"}, {"trade_id": 665997134, "side": "buy", "size": "0.47250000", "price": "2926.98000000", "time": "2025-07-12T15:10:18.933768Z", "fetched_at": "2025-07-12T15:10:50.807512+00:00", "symbol": "ETH-USD"}, {"trade_id": 665997133, "side": "buy", "size": "0.13735657", "price": "2926.94000000", "time": "2025-07-12T15:10:18.348514Z", "fetched_at": "2025-07-12T15:10:50.807512+00:00", "symbol": "ETH-USD"}, {"trade_id": 665997132, "side": "buy", "size": "0.26258359", "price": "2926.61000000", "time": "2025-07-12T15:10:16.931663Z", "fetched_at": "2025-07-12T15:10:50.807512+00:00", "symbol": "ETH-USD"}, {"trade_id": 665997131, "side": "buy", "size": "0.17084422", "price": "2926.64000000", "time": "2025-07-12T15:10:16.931663Z", "fetched_at": "2025-07-12T15:10:50.807512+00:00", "symbol": "ETH-USD"}, {"trade_id": 665997130, "side": "buy", "size": "0.00002733", "price": "2926.64000000", "time": "2025-07-12T15:10:16.931663Z", "fetched_at": "2025-07-12T15:10:50.807512+00:00", "symbol": "ETH-USD"}, {"trade_id": 665997129, "side": "buy", "size": "0.00590779", "price": "2926.64000000", "time": "2025-07-12T15:10:16.931663Z", "fetched_at": "2025-07-12T15:10:50.807512+00:00", "symbol": "ETH-USD"}, {"trade_id": 665997128, "side": "buy", "size": "0.00337328", "price": "2926.65000000", "time": "2025-07-12T15:10:16.931663Z", "fetched_at": "2025-07-12T15:10:50.807512+00:00", "symbol": "ETH-USD"}, {"trade_id": 665997127, "side": "buy", "size": "0.01209437", "price": "2926.98000000", "time": "2025-07-12T15:10:16.931663Z", "fetched_at": "2025-07-12T15:10:50.807512+00:00", "symbol": "ETH-USD"}, {"trade_id": 665997126, "side": "buy", "size": "0.04518650", "price": "2926.98000000", "time": "2025-07-12T15:10:16.931663Z", "fetched_at": "2025-07-12T15:10:50.807512+00:00", "symbol": "ETH-USD"}, {"trade_id": 665997125, "side": "sell", "size": "0.04978216", "price": "2926.99000000", "time": "2025-07-12T15:10:16.918899Z", "fetched_at": "2025-07-12T15:10:50.807512+00:00", "symbol": "ETH-USD"}, {"trade_id": 665997124, "side": "sell", "size": "0.29999470", "price": "2926.70000000", "time": "2025-07-12T15:10:15.635312Z", "fetched_at": "2025-07-12T15:10:50.807512+00:00", "symbol": "ETH-USD"}, {"trade_id": 665997123, "side": "sell", "size": "0.00000530", "price": "2926.65000000", "time": "2025-07-12T15:10:15.635312Z", "fetched_at": "2025-07-12T15:10:50.807512+00:00", "symbol": "ETH-USD"}, {"trade_id": 665997122, "side": "sell", "size": "0.00310000", "price": "2926.65000000", "time": "2025-07-12T15:10:15.634425Z", "fetched_at": "2025-07-12T15:10:50.807512+00:00", "symbol": "ETH-USD"}, {"trade_id": 665997121, "side": "sell", "size": "0.01030000", "price": "2926.65000000", "time": "2025-07-12T15:10:15.634425Z", "fetched_at": "2025-07-12T15:10:50.807512+00:00", "symbol": "ETH-USD"}, {"trade_id": 665997120, "side": "buy", "size": "0.01212291", "price": "2926.69000000", "time": "2025-07-12T15:10:14.573731Z", "fetched_at": "2025-07-12T15:10:50.807512+00:00", "symbol": "ETH-USD"}, {"trade_id": 665997119, "side": "sell", "size": "0.16280073", "price": "2926.90000000", "time": "2025-07-12T15:10:14.244978Z", "fetched_at": "2025-07-12T15:10:50.807512+00:00", "symbol": "ETH-USD"}, {"trade_id": 665997118, "side": "sell", "size": "0.00311199", "price": "2926.70000000", "time": "2025-07-12T15:10:14.244978Z", "fetched_at": "2025-07-12T15:10:50.807512+00:00", "symbol": "ETH-USD"}, {"trade_id": 665997117, "side": "sell", "size": "0.00205487", "price": "2926.78000000", "time": "2025-07-12T15:10:14.067217Z", "fetched_at": "2025-07-12T15:10:50.807512+00:00", "symbol": "ETH-USD"}, {"trade_id": 665997116, "side": "buy", "size": "0.52014929", "price": "2926.58000000", "time": "2025-07-12T15:10:14.032808Z", "fetched_at": "2025-07-12T15:10:50.807512+00:00", "symbol": "ETH-USD"}, {"trade_id": 665997115, "side": "buy", "size": "0.00337335", "price": "2926.59000000", "time": "2025-07-12T15:10:14.032808Z", "fetched_at": "2025-07-12T15:10:50.807512+00:00", "symbol": "ETH-USD"}, {"trade_id": 665997114, "side": "buy", "size": "0.00100000", "price": "2926.66000000", "time": "2025-07-12T15:10:14.032808Z", "fetched_at": "2025-07-12T15:10:50.807512+00:00", "symbol": "ETH-USD"}, {"trade_id": 665997113, "side": "buy", "size": "0.00100000", "price": "2926.88000000", "time": "2025-07-12T15:10:13.990728Z", "fetched_at": "2025-07-12T15:10:50.807512+00:00", "symbol": "ETH-USD"}, {"trade_id": 665997112, "side": "buy", "size": "0.00107274", "price": "2927.06000000", "time": "2025-07-12T15:10:13.979005Z", "fetched_at": "2025-07-12T15:10:50.807512+00:00", "symbol": "ETH-USD"}, {"trade_id": 665997111, "side": "buy", "size": "0.01589991", "price": "2927.06000000", "time": "2025-07-12T15:10:13.979005Z", "fetched_at": "2025-07-12T15:10:50.807512+00:00", "symbol": "ETH-USD"}, {"trade_id": 665997110, "side": "buy", "size": "0.47250000", "price": "2927.06000000", "time": "2025-07-12T15:10:13.979005Z", "fetched_at": "2025-07-12T15:10:50.807512+00:00", "symbol": "ETH-USD"}, {"trade_id": 665997109, "side": "buy", "size": "0.00100000", "price": "2927.10000000", "time": "2025-07-12T15:10:13.259677Z", "fetched_at": "2025-07-12T15:10:50.807512+00:00", "symbol": "ETH-USD"}, {"trade_id": 665997108, "side": "buy", "size": "0.01106814", "price": "2927.32000000", "time": "2025-07-12T15:10:13.021665Z", "fetched_at": "2025-07-12T15:10:50.807512+00:00", "symbol": "ETH-USD"}, {"trade_id": 665997107, "side": "buy", "size": "0.00256548", "price": "2927.32000000", "time": "2025-07-12T15:10:13.021665Z", "fetched_at": "2025-07-12T15:10:50.807512+00:00", "symbol": "ETH-USD"}, {"trade_id": 665997106, "side": "buy", "size": "0.00100000", "price": "2927.32000000", "time": "2025-07-12T15:10:13.021665Z", "fetched_at": "2025-07-12T15:10:50.807512+00:00", "symbol": "ETH-USD"}, {"trade_id": 665997105, "side": "buy", "size": "1.22668317", "price": "2927.48000000", "time": "2025-07-12T15:10:12.274554Z", "fetched_at": "2025-07-12T15:10:50.807512+00:00", "symbol": "ETH-USD"}, {"trade_id": 665997104, "side": "buy", "size": "0.81724199", "price": "2927.52000000", "time": "2025-07-12T15:10:12.274402Z", "fetched_at": "2025-07-12T15:10:50.807512+00:00", "symbol": "ETH-USD"}, {"trade_id": 665997103, "side": "buy", "size": "1.22635510", "price": "2927.53000000", "time": "2025-07-12T15:10:12.274402Z", "fetched_at": "2025-07-12T15:10:50.807512+00:00", "symbol": "ETH-USD"}, {"trade_id": 665997102, "side": "buy", "size": "0.00139229", "price": "2927.54000000", "time": "2025-07-12T15:10:12.274402Z", "fetched_at": "2025-07-12T15:10:50.807512+00:00", "symbol": "ETH-USD"}, {"trade_id": 665997101, "side": "buy", "size": "0.47250000", "price": "2927.54000000", "time": "2025-07-12T15:10:12.274402Z", "fetched_at": "2025-07-12T15:10:50.807512+00:00", "symbol": "ETH-USD"}, {"trade_id": 665997100, "side": "buy", "size": "0.00337204", "price": "2927.73000000", "time": "2025-07-12T15:10:11.937349Z", "fetched_at": "2025-07-12T15:10:50.807512+00:00", "symbol": "ETH-USD"}, {"trade_id": 665997099, "side": "buy", "size": "0.01659983", "price": "2927.74000000", "time": "2025-07-12T15:10:11.921762Z", "fetched_at": "2025-07-12T15:10:50.807512+00:00", "symbol": "ETH-USD"}, {"trade_id": 665997098, "side": "buy", "size": "0.04512695", "price": "2927.74000000", "time": "2025-07-12T15:10:11.921762Z", "fetched_at": "2025-07-12T15:10:50.807512+00:00", "symbol": "ETH-USD"}, {"trade_id": 665997097, "side": "sell", "size": "0.02758871", "price": "2928.10000000", "time": "2025-07-12T15:10:11.625186Z", "fetched_at": "2025-07-12T15:10:50.807512+00:00", "symbol": "ETH-USD"}, {"trade_id": 665997096, "side": "sell", "size": "0.00100000", "price": "2927.98000000", "time": "2025-07-12T15:10:11.625186Z", "fetched_at": "2025-07-12T15:10:50.807512+00:00", "symbol": "ETH-USD"}, {"trade_id": 665997095, "side": "sell", "size": "0.00291994", "price": "2927.97000000", "time": "2025-07-12T15:10:11.625186Z", "fetched_at": "2025-07-12T15:10:50.807512+00:00", "symbol": "ETH-USD"}, {"trade_id": 665997094, "side": "sell", "size": "0.00052353", "price": "2927.79000000", "time": "2025-07-12T15:10:11.625186Z", "fetched_at": "2025-07-12T15:10:50.807512+00:00", "symbol": "ETH-USD"}, {"trade_id": 665997093, "side": "sell", "size": "0.00035851", "price": "2927.79000000", "time": "2025-07-12T15:10:11.625186Z", "fetched_at": "2025-07-12T15:10:50.807512+00:00", "symbol": "ETH-USD"}, {"trade_id": 665997092, "side": "buy", "size": "0.03013000", "price": "2927.78000000", "time": "2025-07-12T15:10:11.565812Z", "fetched_at": "2025-07-12T15:10:50.807512+00:00", "symbol": "ETH-USD"}, {"trade_id": 665997091, "side": "sell", "size": "0.02257566", "price": "2927.78000000", "time": "2025-07-12T15:10:11.263818Z", "fetched_at": "2025-07-12T15:10:50.807512+00:00", "symbol": "ETH-USD"}, {"trade_id": 665997090, "side": "sell", "size": "0.00300000", "price": "2927.75000000", "time": "2025-07-12T15:10:11.263818Z", "fetched_at": "2025-07-12T15:10:50.807512+00:00", "symbol": "ETH-USD"}, {"trade_id": 665997089, "side": "sell", "size": "0.00291994", "price": "2927.75000000", "time": "2025-07-12T15:10:11.263818Z", "fetched_at": "2025-07-12T15:10:50.807512+00:00", "symbol": "ETH-USD"}, {"trade_id": 665997088, "side": "sell", "size": "0.00030000", "price": "2927.81000000", "time": "2025-07-12T15:10:10.558274Z", "fetched_at": "2025-07-12T15:10:50.807512+00:00", "symbol": "ETH-USD"}, {"trade_id": 665997087, "side": "buy", "size": "0.15000000", "price": "2927.82000000", "time": "2025-07-12T15:10:10.122904Z", "fetched_at": "2025-07-12T15:10:50.807512+00:00", "symbol": "ETH-USD"}, {"trade_id": 665997086, "side": "buy", "size": "0.47250000", "price": "2927.82000000", "time": "2025-07-12T15:10:10.122904Z", "fetched_at": "2025-07-12T15:10:50.807512+00:00", "symbol": "ETH-USD"}, {"trade_id": 665997085, "side": "buy", "size": "0.13167000", "price": "2927.82000000", "time": "2025-07-12T15:10:10.122904Z", "fetched_at": "2025-07-12T15:10:50.807512+00:00", "symbol": "ETH-USD"}, {"trade_id": 665997084, "side": "buy", "size": "0.00341552", "price": "2927.82000000", "time": "2025-07-12T15:10:09.684541Z", "fetched_at": "2025-07-12T15:10:50.807512+00:00", "symbol": "ETH-USD"}, {"trade_id": 665997083, "side": "buy", "size": "0.00117835", "price": "2927.82000000", "time": "2025-07-12T15:10:09.684541Z", "fetched_at": "2025-07-12T15:10:50.807512+00:00", "symbol": "ETH-USD"}, {"trade_id": 665997082, "side": "buy", "size": "0.00002390", "price": "2927.82000000", "time": "2025-07-12T15:10:09.672676Z", "fetched_at": "2025-07-12T15:10:50.807512+00:00", "symbol": "ETH-USD"}, {"trade_id": 665997081, "side": "buy", "size": "0.00341552", "price": "2927.82000000", "time": "2025-07-12T15:10:09.672676Z", "fetched_at": "2025-07-12T15:10:50.807512+00:00", "symbol": "ETH-USD"}, {"trade_id": 665997080, "side": "buy", "size": "0.62994914", "price": "2927.37000000", "time": "2025-07-12T15:10:09.631789Z", "fetched_at": "2025-07-12T15:10:50.807512+00:00", "symbol": "ETH-USD"}, {"trade_id": 665997079, "side": "buy", "size": "0.15000000", "price": "2927.39000000", "time": "2025-07-12T15:10:09.631789Z", "fetched_at": "2025-07-12T15:10:50.807512+00:00", "symbol": "ETH-USD"}, {"trade_id": 665997078, "side": "buy", "size": "0.01893915", "price": "2927.40000000", "time": "2025-07-12T15:10:09.631789Z", "fetched_at": "2025-07-12T15:10:50.807512+00:00", "symbol": "ETH-USD"}, {"trade_id": 665997077, "side": "buy", "size": "0.00100000", "price": "2927.54000000", "time": "2025-07-12T15:10:09.631789Z", "fetched_at": "2025-07-12T15:10:50.807512+00:00", "symbol": "ETH-USD"}, {"trade_id": 665997076, "side": "buy", "size": "0.00100000", "price": "2927.76000000", "time": "2025-07-12T15:10:09.631789Z", "fetched_at": "2025-07-12T15:10:50.807512+00:00", "symbol": "ETH-USD"}, {"trade_id": 665997075, "side": "buy", "size": "0.00341552", "price": "2927.82000000", "time": "2025-07-12T15:10:09.631789Z", "fetched_at": "2025-07-12T15:10:50.807512+00:00", "symbol": "ETH-USD"}, {"trade_id": 665997074, "side": "buy", "size": "0.00341547", "price": "2927.86000000", "time": "2025-07-12T15:10:08.779719Z", "fetched_at": "2025-07-12T15:10:50.807512+00:00", "symbol": "ETH-USD"}, {"trade_id": 665997073, "side": "buy", "size": "0.00035342", "price": "2927.95000000", "time": "2025-07-12T15:10:08.700400Z", "fetched_at": "2025-07-12T15:10:50.807512+00:00", "symbol": "ETH-USD"}, {"trade_id": 665997072, "side": "buy", "size": "0.53079463", "price": "2927.98000000", "time": "2025-07-12T15:10:08.700400Z", "fetched_at": "2025-07-12T15:10:50.807512+00:00", "symbol": "ETH-USD"}, {"trade_id": 665997071, "side": "buy", "size": "0.00100000", "price": "2927.98000000", "time": "2025-07-12T15:10:08.700400Z", "fetched_at": "2025-07-12T15:10:50.807512+00:00", "symbol": "ETH-USD"}, {"trade_id": 665997070, "side": "buy", "size": "0.03051239", "price": "2927.99000000", "time": "2025-07-12T15:10:08.700400Z", "fetched_at": "2025-07-12T15:10:50.807512+00:00", "symbol": "ETH-USD"}, {"trade_id": 665997069, "side": "buy", "size": "0.03393454", "price": "2927.99000000", "time": "2025-07-12T15:10:08.700400Z", "fetched_at": "2025-07-12T15:10:50.807512+00:00", "symbol": "ETH-USD"}, {"trade_id": 665997068, "side": "buy", "size": "0.00341529", "price": "2928.01000000", "time": "2025-07-12T15:10:08.689266Z", "fetched_at": "2025-07-12T15:10:50.807512+00:00", "symbol": "ETH-USD"}, {"trade_id": 665997067, "side": "buy", "size": "0.00100000", "price": "2928.20000000", "time": "2025-07-12T15:10:07.891044Z", "fetched_at": "2025-07-12T15:10:50.807512+00:00", "symbol": "ETH-USD"}, {"trade_id": 665997066, "side": "buy", "size": "0.00001366", "price": "2928.24000000", "time": "2025-07-12T15:10:07.891044Z", "fetched_at": "2025-07-12T15:10:50.807512+00:00", "symbol": "ETH-USD"}, {"trade_id": 665997065, "side": "buy", "size": "0.02934185", "price": "2928.24000000", "time": "2025-07-12T15:10:07.656845Z", "fetched_at": "2025-07-12T15:10:50.807512+00:00", "symbol": "ETH-USD"}, {"trade_id": 665997064, "side": "buy", "size": "0.00087526", "price": "2928.25000000", "time": "2025-07-12T15:10:07.646910Z", "fetched_at": "2025-07-12T15:10:50.807512+00:00", "symbol": "ETH-USD"}, {"trade_id": 665997063, "side": "buy", "size": "0.05090070", "price": "2928.25000000", "time": "2025-07-12T15:10:07.646910Z", "fetched_at": "2025-07-12T15:10:50.807512+00:00", "symbol": "ETH-USD"}, {"trade_id": 665997062, "side": "buy", "size": "0.01642960", "price": "2928.25000000", "time": "2025-07-12T15:10:07.646910Z", "fetched_at": "2025-07-12T15:10:50.807512+00:00", "symbol": "ETH-USD"}, {"trade_id": 665997061, "side": "sell", "size": "0.00447794", "price": "2928.26000000", "time": "2025-07-12T15:10:07.590968Z", "fetched_at": "2025-07-12T15:10:50.807512+00:00", "symbol": "ETH-USD"}, {"trade_id": 665997060, "side": "sell", "size": "0.00016392", "price": "2928.47000000", "time": "2025-07-12T15:10:06.334775Z", "fetched_at": "2025-07-12T15:10:50.807512+00:00", "symbol": "ETH-USD"}, {"trade_id": 665997059, "side": "sell", "size": "0.14538928", "price": "2928.80000000", "time": "2025-07-12T15:10:05.661353Z", "fetched_at": "2025-07-12T15:10:50.807512+00:00", "symbol": "ETH-USD"}, {"trade_id": 665997058, "side": "sell", "size": "0.39382107", "price": "2928.79000000", "time": "2025-07-12T15:10:05.661353Z", "fetched_at": "2025-07-12T15:10:50.807512+00:00", "symbol": "ETH-USD"}, {"trade_id": 665997057, "side": "sell", "size": "0.83307858", "price": "2928.78000000", "time": "2025-07-12T15:10:05.661353Z", "fetched_at": "2025-07-12T15:10:50.807512+00:00", "symbol": "ETH-USD"}, {"trade_id": 665997056, "side": "sell", "size": "0.36994382", "price": "2928.78000000", "time": "2025-07-12T15:10:05.661353Z", "fetched_at": "2025-07-12T15:10:50.807512+00:00", "symbol": "ETH-USD"}, {"trade_id": 665997055, "side": "sell", "size": "0.74844944", "price": "2928.78000000", "time": "2025-07-12T15:10:05.661353Z", "fetched_at": "2025-07-12T15:10:50.807512+00:00", "symbol": "ETH-USD"}, {"trade_id": 665997054, "side": "sell", "size": "0.30000000", "price": "2928.77000000", "time": "2025-07-12T15:10:05.661353Z", "fetched_at": "2025-07-12T15:10:50.807512+00:00", "symbol": "ETH-USD"}, {"trade_id": 665997053, "side": "sell", "size": "0.00291994", "price": "2928.76000000", "time": "2025-07-12T15:10:05.661353Z", "fetched_at": "2025-07-12T15:10:50.807512+00:00", "symbol": "ETH-USD"}, {"trade_id": 665997052, "side": "sell", "size": "0.00010334", "price": "2928.25000000", "time": "2025-07-12T15:10:05.661353Z", "fetched_at": "2025-07-12T15:10:50.807512+00:00", "symbol": "ETH-USD"}, {"trade_id": 665997051, "side": "sell", "size": "0.25079443", "price": "2928.25000000", "time": "2025-07-12T15:10:05.661353Z", "fetched_at": "2025-07-12T15:10:50.807512+00:00", "symbol": "ETH-USD"}, {"trade_id": 665997050, "side": "buy", "size": "0.00001365", "price": "2928.59000000", "time": "2025-07-12T15:10:05.431576Z", "fetched_at": "2025-07-12T15:10:50.807512+00:00", "symbol": "ETH-USD"}, {"trade_id": 665997049, "side": "buy", "size": "0.00311145", "price": "2928.59000000", "time": "2025-07-12T15:10:05.431576Z", "fetched_at": "2025-07-12T15:10:50.807512+00:00", "symbol": "ETH-USD"}, {"trade_id": 665997048, "side": "buy", "size": "0.02061559", "price": "2928.85000000", "time": "2025-07-12T15:10:05.393396Z", "fetched_at": "2025-07-12T15:10:50.807512+00:00", "symbol": "ETH-USD"}, {"trade_id": 665997047, "side": "buy", "size": "0.54435000", "price": "2928.92000000", "time": "2025-07-12T15:10:05.338129Z", "fetched_at": "2025-07-12T15:10:50.807512+00:00", "symbol": "ETH-USD"}, {"trade_id": 665997046, "side": "buy", "size": "0.12365518", "price": "2928.93000000", "time": "2025-07-12T15:10:05.333211Z", "fetched_at": "2025-07-12T15:10:50.807512+00:00", "symbol": "ETH-USD"}, {"trade_id": 665997045, "side": "buy", "size": "0.00341422", "price": "2928.93000000", "time": "2025-07-12T15:10:05.333211Z", "fetched_at": "2025-07-12T15:10:50.807512+00:00", "symbol": "ETH-USD"}, {"trade_id": 665997044, "side": "buy", "size": "0.17070160", "price": "2929.08000000", "time": "2025-07-12T15:10:05.320772Z", "fetched_at": "2025-07-12T15:10:50.807512+00:00", "symbol": "ETH-USD"}, {"trade_id": 665997043, "side": "buy", "size": "0.47250000", "price": "2929.22000000", "time": "2025-07-12T15:10:05.320558Z", "fetched_at": "2025-07-12T15:10:50.807512+00:00", "symbol": "ETH-USD"}, {"trade_id": 665997042, "side": "buy", "size": "0.09360000", "price": "2929.22000000", "time": "2025-07-12T15:10:04.999241Z", "fetched_at": "2025-07-12T15:10:50.807512+00:00", "symbol": "ETH-USD"}, {"trade_id": 665997041, "side": "sell", "size": "0.00222752", "price": "2929.23000000", "time": "2025-07-12T15:10:04.920477Z", "fetched_at": "2025-07-12T15:10:50.807512+00:00", "symbol": "ETH-USD"}, {"trade_id": 665997040, "side": "sell", "size": "0.00001206", "price": "2929.09000000", "time": "2025-07-12T15:10:04.920477Z", "fetched_at": "2025-07-12T15:10:50.807512+00:00", "symbol": "ETH-USD"}, {"trade_id": 665997039, "side": "sell", "size": "0.00100000", "price": "2929.08000000", "time": "2025-07-12T15:10:04.920477Z", "fetched_at": "2025-07-12T15:10:50.807512+00:00", "symbol": "ETH-USD"}, {"trade_id": 665997038, "side": "sell", "size": "0.00005559", "price": "2928.92000000", "time": "2025-07-12T15:10:04.920477Z", "fetched_at": "2025-07-12T15:10:50.807512+00:00", "symbol": "ETH-USD"}, {"trade_id": 665997037, "side": "sell", "size": "0.00290845", "price": "2928.86000000", "time": "2025-07-12T15:10:04.742209Z", "fetched_at": "2025-07-12T15:10:50.807512+00:00", "symbol": "ETH-USD"}, {"trade_id": 665997036, "side": "sell", "size": "0.01307155", "price": "2928.86000000", "time": "2025-07-12T15:10:04.742209Z", "fetched_at": "2025-07-12T15:10:50.807512+00:00", "symbol": "ETH-USD"}, {"trade_id": 665997035, "side": "sell", "size": "0.00100000", "price": "2928.86000000", "time": "2025-07-12T15:10:04.742209Z", "fetched_at": "2025-07-12T15:10:50.807512+00:00", "symbol": "ETH-USD"}, {"trade_id": 665997034, "side": "sell", "size": "0.29998012", "price": "2928.70000000", "time": "2025-07-12T15:10:04.645409Z", "fetched_at": "2025-07-12T15:10:50.807512+00:00", "symbol": "ETH-USD"}, {"trade_id": 665997033, "side": "sell", "size": "0.00001988", "price": "2928.60000000", "time": "2025-07-12T15:10:04.645409Z", "fetched_at": "2025-07-12T15:10:50.807512+00:00", "symbol": "ETH-USD"}, {"trade_id": 665997032, "side": "sell", "size": "0.00290006", "price": "2928.60000000", "time": "2025-07-12T15:10:04.641095Z", "fetched_at": "2025-07-12T15:10:50.807512+00:00", "symbol": "ETH-USD"}, {"trade_id": 665997031, "side": "sell", "size": "0.07490000", "price": "2928.60000000", "time": "2025-07-12T15:10:04.641095Z", "fetched_at": "2025-07-12T15:10:50.807512+00:00", "symbol": "ETH-USD"}, {"trade_id": 665997030, "side": "sell", "size": "0.00010335", "price": "2928.60000000", "time": "2025-07-12T15:10:04.641095Z", "fetched_at": "2025-07-12T15:10:50.807512+00:00", "symbol": "ETH-USD"}, {"trade_id": 665997029, "side": "sell", "size": "0.16929659", "price": "2928.60000000", "time": "2025-07-12T15:10:04.641095Z", "fetched_at": "2025-07-12T15:10:50.807512+00:00", "symbol": "ETH-USD"}, {"trade_id": 665997028, "side": "sell", "size": "0.03379859", "price": "2928.60000000", "time": "2025-07-12T15:10:04.041088Z", "fetched_at": "2025-07-12T15:10:50.807512+00:00", "symbol": "ETH-USD"}, {"trade_id": 665997027, "side": "sell", "size": "0.02200000", "price": "2928.60000000", "time": "2025-07-12T15:10:04.031827Z", "fetched_at": "2025-07-12T15:10:50.807512+00:00", "symbol": "ETH-USD"}, {"trade_id": 665997026, "side": "buy", "size": "0.96904997", "price": "2928.59000000", "time": "2025-07-12T15:10:03.833853Z", "fetched_at": "2025-07-12T15:10:50.807512+00:00", "symbol": "ETH-USD"}, {"trade_id": 665997025, "side": "buy", "size": "0.03092955", "price": "2928.59000000", "time": "2025-07-12T15:10:03.833853Z", "fetched_at": "2025-07-12T15:10:50.807512+00:00", "symbol": "ETH-USD"}, {"trade_id": 665997024, "side": "buy", "size": "0.00002048", "price": "2928.59000000", "time": "2025-07-12T15:10:03.833853Z", "fetched_at": "2025-07-12T15:10:50.807512+00:00", "symbol": "ETH-USD"}, {"trade_id": 665997023, "side": "sell", "size": "0.00779767", "price": "2928.60000000", "time": "2025-07-12T15:10:02.546608Z", "fetched_at": "2025-07-12T15:10:50.807512+00:00", "symbol": "ETH-USD"}, {"trade_id": 665997022, "side": "sell", "size": "0.06710715", "price": "2928.60000000", "time": "2025-07-12T15:10:02.106941Z", "fetched_at": "2025-07-12T15:10:50.807512+00:00", "symbol": "ETH-USD"}, {"trade_id": 665997021, "side": "sell", "size": "0.00020670", "price": "2928.65000000", "time": "2025-07-12T15:10:01.105857Z", "fetched_at": "2025-07-12T15:10:50.807512+00:00", "symbol": "ETH-USD"}, {"trade_id": 665997020, "side": "sell", "size": "0.25163567", "price": "2928.56000000", "time": "2025-07-12T15:10:01.086285Z", "fetched_at": "2025-07-12T15:10:50.807512+00:00", "symbol": "ETH-USD"}, {"trade_id": 665997019, "side": "sell", "size": "0.09654715", "price": "2928.56000000", "time": "2025-07-12T15:10:01.085850Z", "fetched_at": "2025-07-12T15:10:50.807512+00:00", "symbol": "ETH-USD"}, {"trade_id": 665997018, "side": "sell", "size": "0.00332190", "price": "2928.55000000", "time": "2025-07-12T15:10:01.085850Z", "fetched_at": "2025-07-12T15:10:50.807512+00:00", "symbol": "ETH-USD"}, {"trade_id": 665997017, "side": "sell", "size": "0.00333563", "price": "2928.41000000", "time": "2025-07-12T15:10:01.084550Z", "fetched_at": "2025-07-12T15:10:50.807512+00:00", "symbol": "ETH-USD"}, {"trade_id": 665997016, "side": "sell", "size": "0.43971918", "price": "2928.41000000", "time": "2025-07-12T15:10:01.029096Z", "fetched_at": "2025-07-12T15:10:50.807512+00:00", "symbol": "ETH-USD"}, {"trade_id": 665997015, "side": "sell", "size": "0.00333082", "price": "2928.40000000", "time": "2025-07-12T15:10:01.029096Z", "fetched_at": "2025-07-12T15:10:50.807512+00:00", "symbol": "ETH-USD"}, {"trade_id": 665997014, "side": "sell", "size": "0.05468810", "price": "2928.40000000", "time": "2025-07-12T15:10:01.029049Z", "fetched_at": "2025-07-12T15:10:50.807512+00:00", "symbol": "ETH-USD"}, {"trade_id": 665997013, "side": "sell", "size": "0.00332190", "price": "2928.38000000", "time": "2025-07-12T15:10:01.029049Z", "fetched_at": "2025-07-12T15:10:50.807512+00:00", "symbol": "ETH-USD"}, {"trade_id": 665997012, "side": "buy", "size": "0.04643125", "price": "2928.20000000", "time": "2025-07-12T15:10:00.896496Z", "fetched_at": "2025-07-12T15:10:50.807512+00:00", "symbol": "ETH-USD"}, {"trade_id": 665997011, "side": "buy", "size": "0.01937026", "price": "2928.20000000", "time": "2025-07-12T15:10:00.896496Z", "fetched_at": "2025-07-12T15:10:50.807512+00:00", "symbol": "ETH-USD"}, {"trade_id": 665997010, "side": "buy", "size": "0.00100000", "price": "2928.20000000", "time": "2025-07-12T15:10:00.896496Z", "fetched_at": "2025-07-12T15:10:50.807512+00:00", "symbol": "ETH-USD"}, {"trade_id": 665997009, "side": "buy", "size": "0.00341503", "price": "2928.24000000", "time": "2025-07-12T15:10:00.896496Z", "fetched_at": "2025-07-12T15:10:50.807512+00:00", "symbol": "ETH-USD"}, {"trade_id": 665997008, "side": "buy", "size": "0.00341499", "price": "2928.27000000", "time": "2025-07-12T15:10:00.835378Z", "fetched_at": "2025-07-12T15:10:50.807512+00:00", "symbol": "ETH-USD"}, {"trade_id": 665997007, "side": "sell", "size": "0.00329512", "price": "2928.33000000", "time": "2025-07-12T15:10:00.546764Z", "fetched_at": "2025-07-12T15:10:50.807512+00:00", "symbol": "ETH-USD"}, {"trade_id": 665997006, "side": "buy", "size": "0.30303265", "price": "2928.24000000", "time": "2025-07-12T15:09:59.354928Z", "fetched_at": "2025-07-12T15:10:50.807512+00:00", "symbol": "ETH-USD"}, {"trade_id": 665997005, "side": "buy", "size": "0.03458319", "price": "2928.25000000", "time": "2025-07-12T15:09:59.354928Z", "fetched_at": "2025-07-12T15:10:50.807512+00:00", "symbol": "ETH-USD"}, {"trade_id": 665997004, "side": "buy", "size": "0.00341466", "price": "2928.55000000", "time": "2025-07-12T15:09:59.354928Z", "fetched_at": "2025-07-12T15:10:50.807512+00:00", "symbol": "ETH-USD"}, {"trade_id": 665997003, "side": "sell", "size": "0.00382354", "price": "2928.63000000", "time": "2025-07-12T15:09:59.129251Z", "fetched_at": "2025-07-12T15:10:50.807512+00:00", "symbol": "ETH-USD"}, {"trade_id": 665997002, "side": "sell", "size": "0.00293544", "price": "2928.63000000", "time": "2025-07-12T15:09:59.129251Z", "fetched_at": "2025-07-12T15:10:50.807512+00:00", "symbol": "ETH-USD"}, {"trade_id": 665997001, "side": "buy", "size": "0.00575059", "price": "2928.27000000", "time": "2025-07-12T15:09:59.102569Z", "fetched_at": "2025-07-12T15:10:50.807512+00:00", "symbol": "ETH-USD"}, {"trade_id": 665997000, "side": "buy", "size": "0.06916638", "price": "2928.28000000", "time": "2025-07-12T15:09:59.102569Z", "fetched_at": "2025-07-12T15:10:50.807512+00:00", "symbol": "ETH-USD"}, {"trade_id": 665996999, "side": "buy", "size": "0.00341497", "price": "2928.29000000", "time": "2025-07-12T15:09:59.102569Z", "fetched_at": "2025-07-12T15:10:50.807512+00:00", "symbol": "ETH-USD"}, {"trade_id": 665996998, "side": "buy", "size": "0.00100000", "price": "2928.42000000", "time": "2025-07-12T15:09:59.102569Z", "fetched_at": "2025-07-12T15:10:50.807512+00:00", "symbol": "ETH-USD"}, {"trade_id": 665996997, "side": "buy", "size": "0.00100000", "price": "2928.64000000", "time": "2025-07-12T15:09:59.102569Z", "fetched_at": "2025-07-12T15:10:50.807512+00:00", "symbol": "ETH-USD"}, {"trade_id": 665996996, "side": "buy", "size": "0.00341430", "price": "2928.86000000", "time": "2025-07-12T15:09:58.928780Z", "fetched_at": "2025-07-12T15:10:50.807512+00:00", "symbol": "ETH-USD"}, {"trade_id": 665996995, "side": "buy", "size": "0.00000341", "price": "2928.86000000", "time": "2025-07-12T15:09:58.928780Z", "fetched_at": "2025-07-12T15:10:50.807512+00:00", "symbol": "ETH-USD"}, {"trade_id": 665996994, "side": "buy", "size": "0.00002048", "price": "2928.86000000", "time": "2025-07-12T15:09:58.928780Z", "fetched_at": "2025-07-12T15:10:50.807512+00:00", "symbol": "ETH-USD"}, {"trade_id": 665996993, "side": "buy", "size": "0.02001341", "price": "2928.86000000", "time": "2025-07-12T15:09:58.928780Z", "fetched_at": "2025-07-12T15:10:50.807512+00:00", "symbol": "ETH-USD"}, {"trade_id": 665996992, "side": "buy", "size": "0.00000341", "price": "2928.86000000", "time": "2025-07-12T15:09:58.928780Z", "fetched_at": "2025-07-12T15:10:50.807512+00:00", "symbol": "ETH-USD"}, {"trade_id": 665996991, "side": "buy", "size": "0.00100000", "price": "2928.86000000", "time": "2025-07-12T15:09:58.928780Z", "fetched_at": "2025-07-12T15:10:50.807512+00:00", "symbol": "ETH-USD"}, {"trade_id": 665996990, "side": "sell", "size": "0.03079654", "price": "2928.91000000", "time": "2025-07-12T15:09:57.964155Z", "fetched_at": "2025-07-12T15:10:50.807512+00:00", "symbol": "ETH-USD"}, {"trade_id": 665996989, "side": "buy", "size": "0.99451284", "price": "2928.91000000", "time": "2025-07-12T15:09:57.688329Z", "fetched_at": "2025-07-12T15:10:50.807512+00:00", "symbol": "ETH-USD"}, {"trade_id": 665996988, "side": "buy", "size": "0.11785954", "price": "2928.91000000", "time": "2025-07-12T15:09:57.688329Z", "fetched_at": "2025-07-12T15:10:50.807512+00:00", "symbol": "ETH-USD"}, {"trade_id": 665996987, "side": "buy", "size": "0.04228535", "price": "2928.91000000", "time": "2025-07-12T15:09:57.688329Z", "fetched_at": "2025-07-12T15:10:50.807512+00:00", "symbol": "ETH-USD"}, {"trade_id": 665996986, "side": "sell", "size": "0.00002753", "price": "2928.92000000", "time": "2025-07-12T15:09:57.453936Z", "fetched_at": "2025-07-12T15:10:50.807512+00:00", "symbol": "ETH-USD"}, {"trade_id": 665996985, "side": "sell", "size": "0.00048003", "price": "2928.92000000", "time": "2025-07-12T15:09:57.453936Z", "fetched_at": "2025-07-12T15:10:50.807512+00:00", "symbol": "ETH-USD"}, {"trade_id": 665996984, "side": "sell", "size": "0.02169986", "price": "2929.11000000", "time": "2025-07-12T15:09:56.473866Z", "fetched_at": "2025-07-12T15:10:50.807512+00:00", "symbol": "ETH-USD"}, {"trade_id": 665996983, "side": "sell", "size": "0.00326508", "price": "2929.10000000", "time": "2025-07-12T15:09:56.473866Z", "fetched_at": "2025-07-12T15:10:50.807512+00:00", "symbol": "ETH-USD"}, {"trade_id": 665996982, "side": "sell", "size": "0.00024003", "price": "2929.00000000", "time": "2025-07-12T15:09:56.473866Z", "fetched_at": "2025-07-12T15:10:50.807512+00:00", "symbol": "ETH-USD"}, {"trade_id": 665996981, "side": "sell", "size": "0.00062003", "price": "2928.92000000", "time": "2025-07-12T15:09:56.473866Z", "fetched_at": "2025-07-12T15:10:50.807512+00:00", "symbol": "ETH-USD"}, {"trade_id": 665996980, "side": "sell", "size": "0.00011178", "price": "2928.92000000", "time": "2025-07-12T15:09:56.473866Z", "fetched_at": "2025-07-12T15:10:50.807512+00:00", "symbol": "ETH-USD"}, {"trade_id": 665996979, "side": "sell", "size": "0.00302101", "price": "2928.92000000", "time": "2025-07-12T15:09:56.388196Z", "fetched_at": "2025-07-12T15:10:50.807512+00:00", "symbol": "ETH-USD"}, {"trade_id": 665996978, "side": "sell", "size": "0.00031001", "price": "2928.92000000", "time": "2025-07-12T15:09:56.388196Z", "fetched_at": "2025-07-12T15:10:50.807512+00:00", "symbol": "ETH-USD"}, {"trade_id": 665996977, "side": "sell", "size": "0.00005589", "price": "2928.92000000", "time": "2025-07-12T15:09:56.388196Z", "fetched_at": "2025-07-12T15:10:50.807512+00:00", "symbol": "ETH-USD"}, {"trade_id": 665996976, "side": "buy", "size": "0.05538940", "price": "2929.08000000", "time": "2025-07-12T15:09:55.207096Z", "fetched_at": "2025-07-12T15:10:50.807512+00:00", "symbol": "ETH-USD"}, {"trade_id": 665996975, "side": "buy", "size": "0.01915277", "price": "2929.08000000", "time": "2025-07-12T15:09:55.207096Z", "fetched_at": "2025-07-12T15:10:50.807512+00:00", "symbol": "ETH-USD"}, {"trade_id": 665996974, "side": "buy", "size": "0.00100000", "price": "2929.08000000", "time": "2025-07-12T15:09:55.207096Z", "fetched_at": "2025-07-12T15:10:50.807512+00:00", "symbol": "ETH-USD"}, {"trade_id": 665996973, "side": "buy", "size": "0.00341401", "price": "2929.11000000", "time": "2025-07-12T15:09:55.196404Z", "fetched_at": "2025-07-12T15:10:50.807512+00:00", "symbol": "ETH-USD"}, {"trade_id": 665996972, "side": "buy", "size": "1.59491331", "price": "2929.31000000", "time": "2025-07-12T15:09:55.111603Z", "fetched_at": "2025-07-12T15:10:50.807512+00:00", "symbol": "ETH-USD"}, {"trade_id": 665996971, "side": "buy", "size": "0.20820748", "price": "2929.31000000", "time": "2025-07-12T15:09:55.111603Z", "fetched_at": "2025-07-12T15:10:50.807512+00:00", "symbol": "ETH-USD"}, {"trade_id": 665996970, "side": "buy", "size": "1.08187247", "price": "2929.32000000", "time": "2025-07-12T15:09:55.111603Z", "fetched_at": "2025-07-12T15:10:50.807512+00:00", "symbol": "ETH-USD"}, {"trade_id": 665996969, "side": "buy", "size": "0.03448252", "price": "2929.31000000", "time": "2025-07-12T15:09:54.817745Z", "fetched_at": "2025-07-12T15:10:50.807512+00:00", "symbol": "ETH-USD"}, {"trade_id": 665996968, "side": "buy", "size": "0.47250000", "price": "2929.35000000", "time": "2025-07-12T15:09:54.684951Z", "fetched_at": "2025-07-12T15:10:50.807512+00:00", "symbol": "ETH-USD"}, {"trade_id": 665996967, "side": "buy", "size": "0.00034482", "price": "2929.35000000", "time": "2025-07-12T15:09:54.525748Z", "fetched_at": "2025-07-12T15:10:50.807512+00:00", "symbol": "ETH-USD"}, {"trade_id": 665996966, "side": "buy", "size": "0.47250000", "price": "2929.33000000", "time": "2025-07-12T15:09:53.287400Z", "fetched_at": "2025-07-12T15:10:50.807512+00:00", "symbol": "ETH-USD"}, {"trade_id": 665996965, "side": "sell", "size": "0.00252574", "price": "2929.24000000", "time": "2025-07-12T15:09:52.885884Z", "fetched_at": "2025-07-12T15:10:50.807512+00:00", "symbol": "ETH-USD"}, {"trade_id": 665996964, "side": "buy", "size": "0.01750921", "price": "2929.13000000", "time": "2025-07-12T15:09:52.249704Z", "fetched_at": "2025-07-12T15:10:50.807512+00:00", "symbol": "ETH-USD"}, {"trade_id": 665996963, "side": "buy", "size": "0.15000000", "price": "2929.14000000", "time": "2025-07-12T15:09:52.249704Z", "fetched_at": "2025-07-12T15:10:50.807512+00:00", "symbol": "ETH-USD"}, {"trade_id": 665996962, "side": "buy", "size": "0.00341396", "price": "2929.15000000", "time": "2025-07-12T15:09:52.249704Z", "fetched_at": "2025-07-12T15:10:50.807512+00:00", "symbol": "ETH-USD"}, {"trade_id": 665996961, "side": "buy", "size": "0.24269000", "price": "2929.24000000", "time": "2025-07-12T15:09:52.037812Z", "fetched_at": "2025-07-12T15:10:50.807512+00:00", "symbol": "ETH-USD"}, {"trade_id": 665996960, "side": "buy", "size": "0.24269000", "price": "2929.25000000", "time": "2025-07-12T15:09:52.037812Z", "fetched_at": "2025-07-12T15:10:50.807512+00:00", "symbol": "ETH-USD"}, {"trade_id": 665996959, "side": "sell", "size": "0.00626761", "price": "2929.45000000", "time": "2025-07-12T15:09:51.163940Z", "fetched_at": "2025-07-12T15:10:50.807512+00:00", "symbol": "ETH-USD"}, {"trade_id": 665996958, "side": "sell", "size": "0.00245454", "price": "2929.45000000", "time": "2025-07-12T15:09:51.163940Z", "fetched_at": "2025-07-12T15:10:50.807512+00:00", "symbol": "ETH-USD"}, {"trade_id": 665996957, "side": "buy", "size": "0.58324356", "price": "2929.42000000", "time": "2025-07-12T15:09:49.215786Z", "fetched_at": "2025-07-12T15:10:50.807512+00:00", "symbol": "ETH-USD"}, {"trade_id": 665996956, "side": "buy", "size": "0.00010000", "price": "2929.42000000", "time": "2025-07-12T15:09:49.215786Z", "fetched_at": "2025-07-12T15:10:50.807512+00:00", "symbol": "ETH-USD"}, {"trade_id": 665996955, "side": "buy", "size": "0.01642226", "price": "2929.56000000", "time": "2025-07-12T15:09:49.193094Z", "fetched_at": "2025-07-12T15:10:50.807512+00:00", "symbol": "ETH-USD"}, {"trade_id": 665996954, "side": "buy", "size": "0.04379155", "price": "2929.56000000", "time": "2025-07-12T15:09:49.193094Z", "fetched_at": "2025-07-12T15:10:50.807512+00:00", "symbol": "ETH-USD"}, {"trade_id": 665996953, "side": "buy", "size": "0.60000000", "price": "2929.56000000", "time": "2025-07-12T15:09:49.193094Z", "fetched_at": "2025-07-12T15:10:50.807512+00:00", "symbol": "ETH-USD"}, {"trade_id": 665996952, "side": "buy", "size": "0.24269000", "price": "2929.56000000", "time": "2025-07-12T15:09:49.193094Z", "fetched_at": "2025-07-12T15:10:50.807512+00:00", "symbol": "ETH-USD"}, {"trade_id": 665996951, "side": "sell", "size": "0.00280153", "price": "2929.57000000", "time": "2025-07-12T15:09:48.489858Z", "fetched_at": "2025-07-12T15:10:50.807512+00:00", "symbol": "ETH-USD"}, {"trade_id": 665996950, "side": "sell", "size": "0.42833847", "price": "2929.57000000", "time": "2025-07-12T15:09:48.489858Z", "fetched_at": "2025-07-12T15:10:50.807512+00:00", "symbol": "ETH-USD"}, {"trade_id": 665996949, "side": "sell", "size": "0.00281589", "price": "2929.48000000", "time": "2025-07-12T15:09:48.404266Z", "fetched_at": "2025-07-12T15:10:50.807512+00:00", "symbol": "ETH-USD"}, {"trade_id": 665996948, "side": "sell", "size": "0.02156344", "price": "2929.57000000", "time": "2025-07-12T15:09:48.274275Z", "fetched_at": "2025-07-12T15:10:50.807512+00:00", "symbol": "ETH-USD"}, {"trade_id": 665996947, "side": "sell", "size": "0.00238827", "price": "2929.46000000", "time": "2025-07-12T15:09:48.274275Z", "fetched_at": "2025-07-12T15:10:50.807512+00:00", "symbol": "ETH-USD"}, {"trade_id": 665996946, "side": "sell", "size": "0.00035458", "price": "2929.46000000", "time": "2025-07-12T15:09:48.247990Z", "fetched_at": "2025-07-12T15:10:50.807512+00:00", "symbol": "ETH-USD"}, {"trade_id": 665996945, "side": "sell", "size": "0.00261849", "price": "2929.42000000", "time": "2025-07-12T15:09:48.190476Z", "fetched_at": "2025-07-12T15:10:50.807512+00:00", "symbol": "ETH-USD"}, {"trade_id": 665996944, "side": "sell", "size": "0.01111194", "price": "2929.42000000", "time": "2025-07-12T15:09:47.278785Z", "fetched_at": "2025-07-12T15:10:50.807512+00:00", "symbol": "ETH-USD"}, {"trade_id": 665996943, "side": "sell", "size": "0.00278806", "price": "2929.42000000", "time": "2025-07-12T15:09:47.278785Z", "fetched_at": "2025-07-12T15:10:50.807512+00:00", "symbol": "ETH-USD"}, {"trade_id": 665996942, "side": "buy", "size": "0.02389878", "price": "2929.41000000", "time": "2025-07-12T15:09:47.067803Z", "fetched_at": "2025-07-12T15:10:50.807512+00:00", "symbol": "ETH-USD"}, {"trade_id": 665996941, "side": "sell", "size": "0.07371000", "price": "2929.61000000", "time": "2025-07-12T15:09:46.654048Z", "fetched_at": "2025-07-12T15:10:50.807512+00:00", "symbol": "ETH-USD"}, {"trade_id": 665996940, "side": "buy", "size": "0.19750000", "price": "2929.60000000", "time": "2025-07-12T15:09:46.653157Z", "fetched_at": "2025-07-12T15:10:50.807512+00:00", "symbol": "ETH-USD"}, {"trade_id": 665996939, "side": "sell", "size": "0.01677000", "price": "2929.61000000", "time": "2025-07-12T15:09:46.648846Z", "fetched_at": "2025-07-12T15:10:50.807512+00:00", "symbol": "ETH-USD"}, {"trade_id": 665996938, "side": "sell", "size": "0.00282658", "price": "2929.23000000", "time": "2025-07-12T15:09:46.648440Z", "fetched_at": "2025-07-12T15:10:50.807512+00:00", "symbol": "ETH-USD"}, {"trade_id": 665996937, "side": "buy", "size": "0.02600000", "price": "2929.44000000", "time": "2025-07-12T15:09:46.418640Z", "fetched_at": "2025-07-12T15:10:50.807512+00:00", "symbol": "ETH-USD"}, {"trade_id": 665996936, "side": "sell", "size": "0.04449454", "price": "2929.97000000", "time": "2025-07-12T15:09:45.888741Z", "fetched_at": "2025-07-12T15:10:50.807512+00:00", "symbol": "ETH-USD"}, {"trade_id": 665996935, "side": "sell", "size": "0.00100000", "price": "2929.52000000", "time": "2025-07-12T15:09:45.888741Z", "fetched_at": "2025-07-12T15:10:50.807512+00:00", "symbol": "ETH-USD"}, {"trade_id": 665996934, "side": "sell", "size": "0.00332010", "price": "2929.30000000", "time": "2025-07-12T15:09:45.888741Z", "fetched_at": "2025-07-12T15:10:50.807512+00:00", "symbol": "ETH-USD"}, {"trade_id": 665996933, "side": "sell", "size": "0.00100000", "price": "2929.30000000", "time": "2025-07-12T15:09:45.888741Z", "fetched_at": "2025-07-12T15:10:50.807512+00:00", "symbol": "ETH-USD"}, {"trade_id": 665996932, "side": "buy", "size": "0.01398867", "price": "2929.29000000", "time": "2025-07-12T15:09:45.707682Z", "fetched_at": "2025-07-12T15:10:50.807512+00:00", "symbol": "ETH-USD"}, {"trade_id": 665996931, "side": "sell", "size": "0.19847819", "price": "2929.20000000", "time": "2025-07-12T15:09:45.665543Z", "fetched_at": "2025-07-12T15:10:50.807512+00:00", "symbol": "ETH-USD"}, {"trade_id": 665996930, "side": "sell", "size": "0.00318092", "price": "2929.17000000", "time": "2025-07-12T15:09:45.665543Z", "fetched_at": "2025-07-12T15:10:50.807512+00:00", "symbol": "ETH-USD"}, {"trade_id": 665996929, "side": "sell", "size": "0.00318542", "price": "2929.17000000", "time": "2025-07-12T15:09:45.665543Z", "fetched_at": "2025-07-12T15:10:50.807512+00:00", "symbol": "ETH-USD"}, {"trade_id": 665996928, "side": "sell", "size": "0.20904909", "price": "2929.17000000", "time": "2025-07-12T15:09:45.610903Z", "fetched_at": "2025-07-12T15:10:50.807512+00:00", "symbol": "ETH-USD"}, {"trade_id": 665996927, "side": "sell", "size": "0.00318091", "price": "2929.03000000", "time": "2025-07-12T15:09:45.610903Z", "fetched_at": "2025-07-12T15:10:50.807512+00:00", "symbol": "ETH-USD"}, {"trade_id": 665996926, "side": "sell", "size": "0.00341488", "price": "2929.12000000", "time": "2025-07-12T15:09:45.190289Z", "fetched_at": "2025-07-12T15:10:50.807512+00:00", "symbol": "ETH-USD"}, {"trade_id": 665996925, "side": "sell", "size": "0.00100000", "price": "2929.08000000", "time": "2025-07-12T15:09:45.190289Z", "fetched_at": "2025-07-12T15:10:50.807512+00:00", "symbol": "ETH-USD"}, {"trade_id": 665996924, "side": "sell", "size": "0.00100000", "price": "2928.64000000", "time": "2025-07-12T15:09:45.190289Z", "fetched_at": "2025-07-12T15:10:50.807512+00:00", "symbol": "ETH-USD"}, {"trade_id": 665996923, "side": "sell", "size": "0.00016034", "price": "2928.50000000", "time": "2025-07-12T15:09:45.190289Z", "fetched_at": "2025-07-12T15:10:50.807512+00:00", "symbol": "ETH-USD"}, {"trade_id": 665996922, "side": "sell", "size": "0.32199308", "price": "2928.20000000", "time": "2025-07-12T15:09:43.131747Z", "fetched_at": "2025-07-12T15:10:50.807512+00:00", "symbol": "ETH-USD"}, {"trade_id": 665996921, "side": "sell", "size": "0.00216815", "price": "2928.19000000", "time": "2025-07-12T15:09:43.131747Z", "fetched_at": "2025-07-12T15:10:50.807512+00:00", "symbol": "ETH-USD"}, {"trade_id": 665996920, "side": "buy", "size": "0.41171153", "price": "2927.63000000", "time": "2025-07-12T15:09:42.957122Z", "fetched_at": "2025-07-12T15:10:50.807512+00:00", "symbol": "ETH-USD"}, {"trade_id": 665996919, "side": "buy", "size": "0.32562307", "price": "2927.67000000", "time": "2025-07-12T15:09:42.957122Z", "fetched_at": "2025-07-12T15:10:50.807512+00:00", "symbol": "ETH-USD"}, {"trade_id": 665996918, "side": "buy", "size": "0.50254246", "price": "2927.68000000", "time": "2025-07-12T15:09:42.957122Z", "fetched_at": "2025-07-12T15:10:50.807512+00:00", "symbol": "ETH-USD"}, {"trade_id": 665996917, "side": "buy", "size": "0.89646171", "price": "2927.69000000", "time": "2025-07-12T15:09:42.957122Z", "fetched_at": "2025-07-12T15:10:50.807512+00:00", "symbol": "ETH-USD"}, {"trade_id": 665996916, "side": "buy", "size": "0.38441259", "price": "2927.70000000", "time": "2025-07-12T15:09:42.957122Z", "fetched_at": "2025-07-12T15:10:50.807512+00:00", "symbol": "ETH-USD"}, {"trade_id": 665996915, "side": "buy", "size": "0.45375945", "price": "2927.71000000", "time": "2025-07-12T15:09:42.957122Z", "fetched_at": "2025-07-12T15:10:50.807512+00:00", "symbol": "ETH-USD"}, {"trade_id": 665996914, "side": "buy", "size": "0.50254246", "price": "2927.81000000", "time": "2025-07-12T15:09:42.957122Z", "fetched_at": "2025-07-12T15:10:50.807512+00:00", "symbol": "ETH-USD"}, {"trade_id": 665996913, "side": "buy", "size": "0.32560224", "price": "2927.82000000", "time": "2025-07-12T15:09:42.957122Z", "fetched_at": "2025-07-12T15:10:50.807512+00:00", "symbol": "ETH-USD"}, {"trade_id": 665996912, "side": "buy", "size": "0.72753437", "price": "2927.83000000", "time": "2025-07-12T15:09:42.957122Z", "fetched_at": "2025-07-12T15:10:50.807512+00:00", "symbol": "ETH-USD"}, {"trade_id": 665996911, "side": "buy", "size": "0.47250000", "price": "2927.89000000", "time": "2025-07-12T15:09:42.957122Z", "fetched_at": "2025-07-12T15:10:50.807512+00:00", "symbol": "ETH-USD"}, {"trade_id": 665996910, "side": "buy", "size": "0.08757060", "price": "2927.90000000", "time": "2025-07-12T15:09:42.957122Z", "fetched_at": "2025-07-12T15:10:50.807512+00:00", "symbol": "ETH-USD"}, {"trade_id": 665996909, "side": "buy", "size": "0.84116924", "price": "2928.19000000", "time": "2025-07-12T15:09:42.957122Z", "fetched_at": "2025-07-12T15:10:50.807512+00:00", "symbol": "ETH-USD"}, {"trade_id": 665996908, "side": "buy", "size": "0.01727005", "price": "2928.19000000", "time": "2025-07-12T15:09:42.957122Z", "fetched_at": "2025-07-12T15:10:50.807512+00:00", "symbol": "ETH-USD"}, {"trade_id": 665996907, "side": "buy", "size": "0.05928918", "price": "2928.19000000", "time": "2025-07-12T15:09:42.957122Z", "fetched_at": "2025-07-12T15:10:50.807512+00:00", "symbol": "ETH-USD"}, {"trade_id": 665996906, "side": "sell", "size": "0.00665128", "price": "2928.20000000", "time": "2025-07-12T15:09:42.773585Z", "fetched_at": "2025-07-12T15:10:50.807512+00:00", "symbol": "ETH-USD"}, {"trade_id": 665996905, "side": "sell", "size": "0.31604556", "price": "2928.20000000", "time": "2025-07-12T15:09:42.617537Z", "fetched_at": "2025-07-12T15:10:50.807512+00:00", "symbol": "ETH-USD"}, {"trade_id": 665996904, "side": "sell", "size": "0.00341475", "price": "2928.20000000", "time": "2025-07-12T15:09:42.617537Z", "fetched_at": "2025-07-12T15:10:50.807512+00:00", "symbol": "ETH-USD"}, {"trade_id": 665996903, "side": "buy", "size": "0.13573355", "price": "2928.22000000", "time": "2025-07-12T15:09:41.749889Z", "fetched_at": "2025-07-12T15:10:50.807512+00:00", "symbol": "ETH-USD"}, {"trade_id": 665996902, "side": "sell", "size": "0.00341475", "price": "2928.60000000", "time": "2025-07-12T15:09:41.614078Z", "fetched_at": "2025-07-12T15:10:50.807512+00:00", "symbol": "ETH-USD"}, {"trade_id": 665996901, "side": "sell", "size": "2.71145912", "price": "2928.61000000", "time": "2025-07-12T15:09:41.560762Z", "fetched_at": "2025-07-12T15:10:50.807512+00:00", "symbol": "ETH-USD"}, {"trade_id": 665996900, "side": "sell", "size": "0.00005702", "price": "2928.61000000", "time": "2025-07-12T15:09:41.560762Z", "fetched_at": "2025-07-12T15:10:50.807512+00:00", "symbol": "ETH-USD"}, {"trade_id": 665996899, "side": "sell", "size": "0.00024375", "price": "2928.61000000", "time": "2025-07-12T15:09:41.560762Z", "fetched_at": "2025-07-12T15:10:50.807512+00:00", "symbol": "ETH-USD"}, {"trade_id": 665996898, "side": "sell", "size": "0.00031416", "price": "2928.61000000", "time": "2025-07-12T15:09:41.560762Z", "fetched_at": "2025-07-12T15:10:50.807512+00:00", "symbol": "ETH-USD"}, {"trade_id": 665996897, "side": "sell", "size": "0.15000000", "price": "2928.60000000", "time": "2025-07-12T15:09:41.560762Z", "fetched_at": "2025-07-12T15:10:50.807512+00:00", "symbol": "ETH-USD"}, {"trade_id": 665996896, "side": "sell", "size": "0.00341595", "price": "2928.47000000", "time": "2025-07-12T15:09:41.560762Z", "fetched_at": "2025-07-12T15:10:50.807512+00:00", "symbol": "ETH-USD"}, {"trade_id": 665996895, "side": "sell", "size": "0.00341595", "price": "2928.43000000", "time": "2025-07-12T15:09:41.495240Z", "fetched_at": "2025-07-12T15:10:50.807512+00:00", "symbol": "ETH-USD"}, {"trade_id": 665996894, "side": "sell", "size": "0.00341595", "price": "2928.43000000", "time": "2025-07-12T15:09:41.449302Z", "fetched_at": "2025-07-12T15:10:50.807512+00:00", "symbol": "ETH-USD"}, {"trade_id": 665996893, "side": "sell", "size": "0.00340309", "price": "2928.61000000", "time": "2025-07-12T15:09:41.289110Z", "fetched_at": "2025-07-12T15:10:50.807512+00:00", "symbol": "ETH-USD"}, {"trade_id": 665996892, "side": "sell", "size": "0.85439000", "price": "2928.20000000", "time": "2025-07-12T15:09:41.112477Z", "fetched_at": "2025-07-12T15:10:50.807512+00:00", "symbol": "ETH-USD"}, {"trade_id": 665996891, "side": "sell", "size": "0.00340271", "price": "2928.20000000", "time": "2025-07-12T15:09:41.112477Z", "fetched_at": "2025-07-12T15:10:50.807512+00:00", "symbol": "ETH-USD"}, {"trade_id": 665996890, "side": "buy", "size": "0.00009606", "price": "2928.19000000", "time": "2025-07-12T15:09:41.013768Z", "fetched_at": "2025-07-12T15:10:50.807512+00:00", "symbol": "ETH-USD"}, {"trade_id": 665996889, "side": "buy", "size": "0.00155981", "price": "2928.33000000", "time": "2025-07-12T15:09:40.933456Z", "fetched_at": "2025-07-12T15:10:50.807512+00:00", "symbol": "ETH-USD"}, {"trade_id": 665996888, "side": "buy", "size": "0.78200001", "price": "2928.45000000", "time": "2025-07-12T15:09:40.893220Z", "fetched_at": "2025-07-12T15:10:50.807512+00:00", "symbol": "ETH-USD"}, {"trade_id": 665996887, "side": "buy", "size": "0.00839955", "price": "2927.39000000", "time": "2025-07-12T15:09:40.882099Z", "fetched_at": "2025-07-12T15:10:50.807512+00:00", "symbol": "ETH-USD"}, {"trade_id": 665996886, "side": "buy", "size": "0.00518840", "price": "2927.68000000", "time": "2025-07-12T15:09:40.882099Z", "fetched_at": "2025-07-12T15:10:50.807512+00:00", "symbol": "ETH-USD"}, {"trade_id": 665996885, "side": "buy", "size": "0.44171000", "price": "2927.77000000", "time": "2025-07-12T15:09:40.882099Z", "fetched_at": "2025-07-12T15:10:50.807512+00:00", "symbol": "ETH-USD"}, {"trade_id": 665996884, "side": "buy", "size": "0.44651000", "price": "2927.78000000", "time": "2025-07-12T15:09:40.882099Z", "fetched_at": "2025-07-12T15:10:50.807512+00:00", "symbol": "ETH-USD"}, {"trade_id": 665996883, "side": "buy", "size": "0.47250000", "price": "2927.79000000", "time": "2025-07-12T15:09:40.882099Z", "fetched_at": "2025-07-12T15:10:50.807512+00:00", "symbol": "ETH-USD"}, {"trade_id": 665996882, "side": "buy", "size": "0.40747857", "price": "2928.08000000", "time": "2025-07-12T15:09:40.882099Z", "fetched_at": "2025-07-12T15:10:50.807512+00:00", "symbol": "ETH-USD"}, {"trade_id": 665996881, "side": "buy", "size": "0.47250000", "price": "2928.09000000", "time": "2025-07-12T15:09:40.882099Z", "fetched_at": "2025-07-12T15:10:50.807512+00:00", "symbol": "ETH-USD"}, {"trade_id": 665996880, "side": "buy", "size": "0.52798714", "price": "2928.10000000", "time": "2025-07-12T15:09:40.882099Z", "fetched_at": "2025-07-12T15:10:50.807512+00:00", "symbol": "ETH-USD"}, {"trade_id": 665996879, "side": "buy", "size": "0.09259658", "price": "2928.15000000", "time": "2025-07-12T15:09:40.882099Z", "fetched_at": "2025-07-12T15:10:50.807512+00:00", "symbol": "ETH-USD"}, {"trade_id": 665996878, "side": "buy", "size": "0.45512976", "price": "2928.44000000", "time": "2025-07-12T15:09:40.882099Z", "fetched_at": "2025-07-12T15:10:50.807512+00:00", "symbol": "ETH-USD"}, {"trade_id": 665996877, "side": "buy", "size": "0.36019025", "price": "2928.44000000", "time": "2025-07-12T15:09:40.872007Z", "fetched_at": "2025-07-12T15:10:50.807512+00:00", "symbol": "ETH-USD"}, {"trade_id": 665996876, "side": "buy", "size": "0.00155975", "price": "2928.44000000", "time": "2025-07-12T15:09:40.872007Z", "fetched_at": "2025-07-12T15:10:50.807512+00:00", "symbol": "ETH-USD"}, {"trade_id": 665996875, "side": "buy", "size": "0.00594010", "price": "2928.16000000", "time": "2025-07-12T15:09:40.854340Z", "fetched_at": "2025-07-12T15:10:50.807512+00:00", "symbol": "ETH-USD"}, {"trade_id": 665996874, "side": "buy", "size": "0.00155990", "price": "2928.16000000", "time": "2025-07-12T15:09:40.854340Z", "fetched_at": "2025-07-12T15:10:50.807512+00:00", "symbol": "ETH-USD"}, {"trade_id": 665996873, "side": "buy", "size": "0.47250000", "price": "2928.17000000", "time": "2025-07-12T15:09:40.854340Z", "fetched_at": "2025-07-12T15:10:50.807512+00:00", "symbol": "ETH-USD"}, {"trade_id": 665996872, "side": "buy", "size": "0.15000000", "price": "2928.17000000", "time": "2025-07-12T15:09:40.854340Z", "fetched_at": "2025-07-12T15:10:50.807512+00:00", "symbol": "ETH-USD"}, {"trade_id": 665996871, "side": "buy", "size": "0.76432001", "price": "2928.53000000", "time": "2025-07-12T15:09:40.831910Z", "fetched_at": "2025-07-12T15:10:50.807512+00:00", "symbol": "ETH-USD"}, {"trade_id": 665996870, "side": "buy", "size": "0.46228001", "price": "2928.28000000", "time": "2025-07-12T15:09:40.616610Z", "fetched_at": "2025-07-12T15:10:50.807512+00:00", "symbol": "ETH-USD"}, {"trade_id": 665996869, "side": "buy", "size": "0.00155984", "price": "2928.28000000", "time": "2025-07-12T15:09:40.616610Z", "fetched_at": "2025-07-12T15:10:50.807512+00:00", "symbol": "ETH-USD"}, {"trade_id": 665996868, "side": "buy", "size": "0.30000000", "price": "2928.29000000", "time": "2025-07-12T15:09:40.616610Z", "fetched_at": "2025-07-12T15:10:50.807512+00:00", "symbol": "ETH-USD"}, {"trade_id": 665996867, "side": "sell", "size": "0.00000334", "price": "2928.29000000", "time": "2025-07-12T15:09:40.613132Z", "fetched_at": "2025-07-12T15:10:50.807512+00:00", "symbol": "ETH-USD"}, {"trade_id": 665996866, "side": "buy", "size": "0.62288001", "price": "2928.28000000", "time": "2025-07-12T15:09:40.605119Z", "fetched_at": "2025-07-12T15:10:50.807512+00:00", "symbol": "ETH-USD"}, {"trade_id": 665996865, "side": "buy", "size": "0.00155984", "price": "2928.28000000", "time": "2025-07-12T15:09:40.605119Z", "fetched_at": "2025-07-12T15:10:50.807512+00:00", "symbol": "ETH-USD"}, {"trade_id": 665996864, "side": "buy", "size": "0.47250000", "price": "2928.28000000", "time": "2025-07-12T15:09:40.605119Z", "fetched_at": "2025-07-12T15:10:50.807512+00:00", "symbol": "ETH-USD"}, {"trade_id": 665996863, "side": "sell", "size": "0.03200000", "price": "2928.29000000", "time": "2025-07-12T15:09:40.564208Z", "fetched_at": "2025-07-12T15:10:50.807512+00:00", "symbol": "ETH-USD"}, {"trade_id": 665996862, "side": "sell", "size": "0.17072000", "price": "2928.62000000", "time": "2025-07-12T15:09:40.555039Z", "fetched_at": "2025-07-12T15:10:50.807512+00:00", "symbol": "ETH-USD"}, {"trade_id": 665996861, "side": "sell", "size": "0.00341556", "price": "2928.38000000", "time": "2025-07-12T15:09:40.554920Z", "fetched_at": "2025-07-12T15:10:50.807512+00:00", "symbol": "ETH-USD"}, {"trade_id": 665996860, "side": "buy", "size": "0.19789001", "price": "2928.41000000", "time": "2025-07-12T15:09:40.456479Z", "fetched_at": "2025-07-12T15:10:50.807512+00:00", "symbol": "ETH-USD"}, {"trade_id": 665996859, "side": "buy", "size": "0.36175000", "price": "2928.41000000", "time": "2025-07-12T15:09:40.454943Z", "fetched_at": "2025-07-12T15:10:50.807512+00:00", "symbol": "ETH-USD"}, {"trade_id": 665996858, "side": "buy", "size": "0.00155977", "price": "2928.41000000", "time": "2025-07-12T15:09:40.445741Z", "fetched_at": "2025-07-12T15:10:50.807512+00:00", "symbol": "ETH-USD"}, {"trade_id": 665996857, "side": "buy", "size": "0.00155076", "price": "2928.43000000", "time": "2025-07-12T15:09:40.428772Z", "fetched_at": "2025-07-12T15:10:50.807512+00:00", "symbol": "ETH-USD"}, {"trade_id": 665996856, "side": "buy", "size": "0.67796001", "price": "2928.43000000", "time": "2025-07-12T15:09:40.428772Z", "fetched_at": "2025-07-12T15:10:50.807512+00:00", "symbol": "ETH-USD"}, {"trade_id": 665996855, "side": "buy", "size": "0.00155076", "price": "2928.43000000", "time": "2025-07-12T15:09:40.412689Z", "fetched_at": "2025-07-12T15:10:50.807512+00:00", "symbol": "ETH-USD"}, {"trade_id": 665996854, "side": "buy", "size": "0.00155076", "price": "2928.43000000", "time": "2025-07-12T15:09:40.400958Z", "fetched_at": "2025-07-12T15:10:50.807512+00:00", "symbol": "ETH-USD"}, {"trade_id": 665996853, "side": "buy", "size": "0.81464001", "price": "2928.43000000", "time": "2025-07-12T15:09:40.400958Z", "fetched_at": "2025-07-12T15:10:50.807512+00:00", "symbol": "ETH-USD"}, {"trade_id": 665996852, "side": "buy", "size": "0.00155076", "price": "2928.43000000", "time": "2025-07-12T15:09:40.388505Z", "fetched_at": "2025-07-12T15:10:50.807512+00:00", "symbol": "ETH-USD"}, {"trade_id": 665996851, "side": "buy", "size": "0.70040001", "price": "2928.43000000", "time": "2025-07-12T15:09:40.373479Z", "fetched_at": "2025-07-12T15:10:50.807512+00:00", "symbol": "ETH-USD"}, {"trade_id": 665996850, "side": "buy", "size": "0.00155076", "price": "2928.43000000", "time": "2025-07-12T15:09:40.361660Z", "fetched_at": "2025-07-12T15:10:50.807512+00:00", "symbol": "ETH-USD"}, {"trade_id": 665996849, "side": "buy", "size": "0.00155076", "price": "2928.43000000", "time": "2025-07-12T15:09:40.343769Z", "fetched_at": "2025-07-12T15:10:50.807512+00:00", "symbol": "ETH-USD"}, {"trade_id": 665996848, "side": "buy", "size": "0.00155076", "price": "2928.43000000", "time": "2025-07-12T15:09:40.325458Z", "fetched_at": "2025-07-12T15:10:50.807512+00:00", "symbol": "ETH-USD"}, {"trade_id": 665996847, "side": "buy", "size": "0.17074345", "price": "2928.31000000", "time": "2025-07-12T15:09:40.196001Z", "fetched_at": "2025-07-12T15:10:50.807512+00:00", "symbol": "ETH-USD"}, {"trade_id": 665996846, "side": "sell", "size": "0.50000000", "price": "2927.94000000", "time": "2025-07-12T15:09:40.139787Z", "fetched_at": "2025-07-12T15:10:50.807512+00:00", "symbol": "ETH-USD"}, {"trade_id": 665996845, "side": "sell", "size": "0.00341556", "price": "2927.94000000", "time": "2025-07-12T15:09:40.139787Z", "fetched_at": "2025-07-12T15:10:50.807512+00:00", "symbol": "ETH-USD"}, {"trade_id": 665996844, "side": "sell", "size": "3.00000000", "price": "2927.64000000", "time": "2025-07-12T15:09:39.999287Z", "fetched_at": "2025-07-12T15:10:50.807512+00:00", "symbol": "ETH-USD"}, {"trade_id": 665996843, "side": "sell", "size": "0.55333221", "price": "2927.64000000", "time": "2025-07-12T15:09:39.999287Z", "fetched_at": "2025-07-12T15:10:50.807512+00:00", "symbol": "ETH-USD"}, {"trade_id": 665996842, "side": "sell", "size": "0.00341556", "price": "2927.64000000", "time": "2025-07-12T15:09:39.999287Z", "fetched_at": "2025-07-12T15:10:50.807512+00:00", "symbol": "ETH-USD"}, {"trade_id": 665996841, "side": "sell", "size": "0.39229495", "price": "2928.19000000", "time": "2025-07-12T15:09:39.958379Z", "fetched_at": "2025-07-12T15:10:50.807512+00:00", "symbol": "ETH-USD"}, {"trade_id": 665996840, "side": "sell", "size": "0.03308491", "price": "2928.18000000", "time": "2025-07-12T15:09:39.956754Z", "fetched_at": "2025-07-12T15:10:50.807512+00:00", "symbol": "ETH-USD"}, {"trade_id": 665996839, "side": "sell", "size": "0.00341556", "price": "2928.17000000", "time": "2025-07-12T15:09:39.956754Z", "fetched_at": "2025-07-12T15:10:50.807512+00:00", "symbol": "ETH-USD"}, {"trade_id": 665996838, "side": "sell", "size": "0.00059184", "price": "2928.18000000", "time": "2025-07-12T15:09:39.932683Z", "fetched_at": "2025-07-12T15:10:50.807512+00:00", "symbol": "ETH-USD"}, {"trade_id": 665996837, "side": "sell", "size": "0.00341556", "price": "2927.64000000", "time": "2025-07-12T15:09:39.900604Z", "fetched_at": "2025-07-12T15:10:50.807512+00:00", "symbol": "ETH-USD"}, {"trade_id": 665996836, "side": "sell", "size": "0.50000000", "price": "2927.93000000", "time": "2025-07-12T15:09:39.835434Z", "fetched_at": "2025-07-12T15:10:50.807512+00:00", "symbol": "ETH-USD"}, {"trade_id": 665996835, "side": "sell", "size": "0.10542201", "price": "2927.84000000", "time": "2025-07-12T15:09:39.835434Z", "fetched_at": "2025-07-12T15:10:50.807512+00:00", "symbol": "ETH-USD"}, {"trade_id": 665996834, "side": "sell", "size": "0.10542201", "price": "2927.89000000", "time": "2025-07-12T15:09:39.827456Z", "fetched_at": "2025-07-12T15:10:50.807512+00:00", "symbol": "ETH-USD"}, {"trade_id": 665996833, "side": "buy", "size": "0.01507335", "price": "2927.55000000", "time": "2025-07-12T15:09:39.818583Z", "fetched_at": "2025-07-12T15:10:50.807512+00:00", "symbol": "ETH-USD"}, {"trade_id": 665996832, "side": "buy", "size": "0.00169665", "price": "2927.56000000", "time": "2025-07-12T15:09:39.818583Z", "fetched_at": "2025-07-12T15:10:50.807512+00:00", "symbol": "ETH-USD"}, {"trade_id": 665996831, "side": "sell", "size": "0.50000000", "price": "2928.15000000", "time": "2025-07-12T15:09:39.750961Z", "fetched_at": "2025-07-12T15:10:50.807512+00:00", "symbol": "ETH-USD"}, {"trade_id": 665996830, "side": "sell", "size": "0.83163374", "price": "2928.17000000", "time": "2025-07-12T15:09:39.743655Z", "fetched_at": "2025-07-12T15:10:50.807512+00:00", "symbol": "ETH-USD"}, {"trade_id": 665996829, "side": "sell", "size": "0.49898024", "price": "2928.16000000", "time": "2025-07-12T15:09:39.743655Z", "fetched_at": "2025-07-12T15:10:50.807512+00:00", "symbol": "ETH-USD"}, {"trade_id": 665996828, "side": "sell", "size": "0.41160451", "price": "2928.15000000", "time": "2025-07-12T15:09:39.743655Z", "fetched_at": "2025-07-12T15:10:50.807512+00:00", "symbol": "ETH-USD"}, {"trade_id": 665996827, "side": "sell", "size": "0.15000000", "price": "2927.90000000", "time": "2025-07-12T15:09:39.743655Z", "fetched_at": "2025-07-12T15:10:50.807512+00:00", "symbol": "ETH-USD"}, {"trade_id": 665996826, "side": "sell", "size": "0.05556700", "price": "2927.87000000", "time": "2025-07-12T15:09:39.743655Z", "fetched_at": "2025-07-12T15:10:50.807512+00:00", "symbol": "ETH-USD"}, {"trade_id": 665996825, "side": "sell", "size": "0.00341399", "price": "2927.83000000", "time": "2025-07-12T15:09:39.743655Z", "fetched_at": "2025-07-12T15:10:50.807512+00:00", "symbol": "ETH-USD"}, {"trade_id": 665996824, "side": "sell", "size": "0.44652866", "price": "2927.99000000", "time": "2025-07-12T15:09:39.739447Z", "fetched_at": "2025-07-12T15:10:50.807512+00:00", "symbol": "ETH-USD"}, {"trade_id": 665996823, "side": "sell", "size": "0.51341564", "price": "2927.93000000", "time": "2025-07-12T15:09:39.739447Z", "fetched_at": "2025-07-12T15:10:50.807512+00:00", "symbol": "ETH-USD"}, {"trade_id": 665996822, "side": "sell", "size": "0.66596658", "price": "2927.91000000", "time": "2025-07-12T15:09:39.739447Z", "fetched_at": "2025-07-12T15:10:50.807512+00:00", "symbol": "ETH-USD"}, {"trade_id": 665996821, "side": "sell", "size": "0.17077202", "price": "2927.88000000", "time": "2025-07-12T15:09:39.739447Z", "fetched_at": "2025-07-12T15:10:50.807512+00:00", "symbol": "ETH-USD"}, {"trade_id": 665996820, "side": "sell", "size": "0.24874100", "price": "2927.85000000", "time": "2025-07-12T15:09:39.735764Z", "fetched_at": "2025-07-12T15:10:50.807512+00:00", "symbol": "ETH-USD"}, {"trade_id": 665996819, "side": "sell", "size": "0.00341399", "price": "2927.84000000", "time": "2025-07-12T15:09:39.735764Z", "fetched_at": "2025-07-12T15:10:50.807512+00:00", "symbol": "ETH-USD"}, {"trade_id": 665996818, "side": "sell", "size": "9.54174249", "price": "2929.21000000", "time": "2025-07-12T15:09:39.613526Z", "fetched_at": "2025-07-12T15:10:50.807512+00:00", "symbol": "ETH-USD"}, {"trade_id": 665996817, "side": "sell", "size": "0.22972902", "price": "2929.21000000", "time": "2025-07-12T15:09:39.613526Z", "fetched_at": "2025-07-12T15:10:50.807512+00:00", "symbol": "ETH-USD"}, {"trade_id": 665996816, "side": "sell", "size": "0.31584940", "price": "2929.07000000", "time": "2025-07-12T15:09:39.613526Z", "fetched_at": "2025-07-12T15:10:50.807512+00:00", "symbol": "ETH-USD"}, {"trade_id": 665996815, "side": "sell", "size": "5.00000000", "price": "2929.00000000", "time": "2025-07-12T15:09:39.613526Z", "fetched_at": "2025-07-12T15:10:50.807512+00:00", "symbol": "ETH-USD"}, {"trade_id": 665996814, "side": "sell", "size": "6.45901752", "price": "2928.95000000", "time": "2025-07-12T15:09:39.613526Z", "fetched_at": "2025-07-12T15:10:50.807512+00:00", "symbol": "ETH-USD"}, {"trade_id": 665996813, "side": "sell", "size": "2.08569520", "price": "2928.94000000", "time": "2025-07-12T15:09:39.613526Z", "fetched_at": "2025-07-12T15:10:50.807512+00:00", "symbol": "ETH-USD"}, {"trade_id": 665996812, "side": "sell", "size": "4.25752472", "price": "2928.94000000", "time": "2025-07-12T15:09:39.613526Z", "fetched_at": "2025-07-12T15:10:50.807512+00:00", "symbol": "ETH-USD"}, {"trade_id": 665996811, "side": "sell", "size": "0.00051232", "price": "2928.87000000", "time": "2025-07-12T15:09:39.613526Z", "fetched_at": "2025-07-12T15:10:50.807512+00:00", "symbol": "ETH-USD"}, {"trade_id": 665996810, "side": "sell", "size": "0.85359974", "price": "2928.78000000", "time": "2025-07-12T15:09:39.613526Z", "fetched_at": "2025-07-12T15:10:50.807512+00:00", "symbol": "ETH-USD"}, {"trade_id": 665996809, "side": "sell", "size": "0.51246724", "price": "2928.77000000", "time": "2025-07-12T15:09:39.613526Z", "fetched_at": "2025-07-12T15:10:50.807512+00:00", "symbol": "ETH-USD"}, {"trade_id": 665996808, "side": "sell", "size": "0.04213955", "price": "2928.76000000", "time": "2025-07-12T15:09:39.613526Z", "fetched_at": "2025-07-12T15:10:50.807512+00:00", "symbol": "ETH-USD"}, {"trade_id": 665996807, "side": "sell", "size": "0.00784335", "price": "2928.75000000", "time": "2025-07-12T15:09:39.613526Z", "fetched_at": "2025-07-12T15:10:50.807512+00:00", "symbol": "ETH-USD"}, {"trade_id": 665996806, "side": "sell", "size": "0.01236187", "price": "2928.50000000", "time": "2025-07-12T15:09:39.613526Z", "fetched_at": "2025-07-12T15:10:50.807512+00:00", "symbol": "ETH-USD"}, {"trade_id": 665996805, "side": "sell", "size": "0.03297635", "price": "2928.49000000", "time": "2025-07-12T15:09:39.613526Z", "fetched_at": "2025-07-12T15:10:50.807512+00:00", "symbol": "ETH-USD"}, {"trade_id": 665996804, "side": "sell", "size": "0.12932731", "price": "2928.48000000", "time": "2025-07-12T15:09:39.613526Z", "fetched_at": "2025-07-12T15:10:50.807512+00:00", "symbol": "ETH-USD"}, {"trade_id": 665996803, "side": "sell", "size": "0.34172191", "price": "2928.47000000", "time": "2025-07-12T15:09:39.613526Z", "fetched_at": "2025-07-12T15:10:50.807512+00:00", "symbol": "ETH-USD"}, {"trade_id": 665996802, "side": "sell", "size": "0.04944147", "price": "2928.46000000", "time": "2025-07-12T15:09:39.613526Z", "fetched_at": "2025-07-12T15:10:50.807512+00:00", "symbol": "ETH-USD"}, {"trade_id": 665996801, "side": "sell", "size": "0.17075300", "price": "2928.21000000", "time": "2025-07-12T15:09:39.613526Z", "fetched_at": "2025-07-12T15:10:50.807512+00:00", "symbol": "ETH-USD"}, {"trade_id": 665996800, "side": "sell", "size": "0.30000000", "price": "2927.93000000", "time": "2025-07-12T15:09:39.613526Z", "fetched_at": "2025-07-12T15:10:50.807512+00:00", "symbol": "ETH-USD"}, {"trade_id": 665996799, "side": "sell", "size": "0.50603901", "price": "2927.92000000", "time": "2025-07-12T15:09:39.613526Z", "fetched_at": "2025-07-12T15:10:50.807512+00:00", "symbol": "ETH-USD"}, {"trade_id": 665996798, "side": "sell", "size": "0.88906841", "price": "2927.89000000", "time": "2025-07-12T15:09:39.613526Z", "fetched_at": "2025-07-12T15:10:50.807512+00:00", "symbol": "ETH-USD"}, {"trade_id": 665996797, "side": "sell", "size": "0.15000000", "price": "2927.88000000", "time": "2025-07-12T15:09:39.613526Z", "fetched_at": "2025-07-12T15:10:50.807512+00:00", "symbol": "ETH-USD"}, {"trade_id": 665996796, "side": "sell", "size": "0.07373760", "price": "2927.81000000", "time": "2025-07-12T15:09:39.613526Z", "fetched_at": "2025-07-12T15:10:50.807512+00:00", "symbol": "ETH-USD"}, {"trade_id": 665996795, "side": "sell", "size": "0.00341399", "price": "2927.78000000", "time": "2025-07-12T15:09:39.613526Z", "fetched_at": "2025-07-12T15:10:50.807512+00:00", "symbol": "ETH-USD"}, {"trade_id": 665996794, "side": "buy", "size": "0.00100000", "price": "2927.76000000", "time": "2025-07-12T15:09:39.370125Z", "fetched_at": "2025-07-12T15:10:50.807512+00:00", "symbol": "ETH-USD"}, {"trade_id": 665996793, "side": "buy", "size": "0.00198770", "price": "2927.98000000", "time": "2025-07-12T15:09:39.186876Z", "fetched_at": "2025-07-12T15:10:50.807512+00:00", "symbol": "ETH-USD"}, {"trade_id": 665996792, "side": "sell", "size": "0.01352028", "price": "2928.00000000", "time": "2025-07-12T15:09:39.144425Z", "fetched_at": "2025-07-12T15:10:50.807512+00:00", "symbol": "ETH-USD"}, {"trade_id": 665996791, "side": "sell", "size": "0.00324972", "price": "2927.99000000", "time": "2025-07-12T15:09:39.144425Z", "fetched_at": "2025-07-12T15:10:50.807512+00:00", "symbol": "ETH-USD"}, {"trade_id": 665996790, "side": "sell", "size": "0.00010006", "price": "2928.03000000", "time": "2025-07-12T15:09:39.078168Z", "fetched_at": "2025-07-12T15:10:50.807512+00:00", "symbol": "ETH-USD"}, {"trade_id": 665996789, "side": "buy", "size": "0.01881159", "price": "2928.02000000", "time": "2025-07-12T15:09:39.025362Z", "fetched_at": "2025-07-12T15:10:50.807512+00:00", "symbol": "ETH-USD"}, {"trade_id": 665996788, "side": "buy", "size": "0.00198841", "price": "2928.07000000", "time": "2025-07-12T15:09:39.025362Z", "fetched_at": "2025-07-12T15:10:50.807512+00:00", "symbol": "ETH-USD"}, {"trade_id": 665996787, "side": "buy", "size": "0.36561237", "price": "2928.07000000", "time": "2025-07-12T15:09:39.025295Z", "fetched_at": "2025-07-12T15:10:50.807512+00:00", "symbol": "ETH-USD"}, {"trade_id": 665996786, "side": "buy", "size": "0.00198763", "price": "2928.08000000", "time": "2025-07-12T15:09:39.025295Z", "fetched_at": "2025-07-12T15:10:50.807512+00:00", "symbol": "ETH-USD"}, {"trade_id": 665996785, "side": "buy", "size": "0.22219000", "price": "2928.44000000", "time": "2025-07-12T15:09:38.856460Z", "fetched_at": "2025-07-12T15:10:50.807512+00:00", "symbol": "ETH-USD"}, {"trade_id": 665996784, "side": "buy", "size": "0.19785675", "price": "2928.44000000", "time": "2025-07-12T15:09:38.856264Z", "fetched_at": "2025-07-12T15:10:50.807512+00:00", "symbol": "ETH-USD"}, {"trade_id": 665996783, "side": "buy", "size": "0.00214325", "price": "2928.58000000", "time": "2025-07-12T15:09:38.856264Z", "fetched_at": "2025-07-12T15:10:50.807512+00:00", "symbol": "ETH-USD"}, {"trade_id": 665996782, "side": "buy", "size": "0.88060123", "price": "2928.57000000", "time": "2025-07-12T15:09:38.849706Z", "fetched_at": "2025-07-12T15:10:50.807512+00:00", "symbol": "ETH-USD"}, {"trade_id": 665996781, "side": "buy", "size": "0.30000000", "price": "2928.59000000", "time": "2025-07-12T15:09:38.842380Z", "fetched_at": "2025-07-12T15:10:50.807512+00:00", "symbol": "ETH-USD"}, {"trade_id": 665996780, "side": "buy", "size": "0.07464851", "price": "2928.66000000", "time": "2025-07-12T15:09:38.842380Z", "fetched_at": "2025-07-12T15:10:50.807512+00:00", "symbol": "ETH-USD"}, {"trade_id": 665996779, "side": "buy", "size": "0.03808606", "price": "2928.67000000", "time": "2025-07-12T15:09:38.842380Z", "fetched_at": "2025-07-12T15:10:50.807512+00:00", "symbol": "ETH-USD"}, {"trade_id": 665996778, "side": "buy", "size": "0.08289210", "price": "2928.69000000", "time": "2025-07-12T15:09:38.842380Z", "fetched_at": "2025-07-12T15:10:50.807512+00:00", "symbol": "ETH-USD"}, {"trade_id": 665996777, "side": "buy", "size": "0.09346749", "price": "2928.70000000", "time": "2025-07-12T15:09:38.842380Z", "fetched_at": "2025-07-12T15:10:50.807512+00:00", "symbol": "ETH-USD"}, {"trade_id": 665996776, "side": "buy", "size": "0.09850914", "price": "2928.71000000", "time": "2025-07-12T15:09:38.842380Z", "fetched_at": "2025-07-12T15:10:50.807512+00:00", "symbol": "ETH-USD"}, {"trade_id": 665996775, "side": "buy", "size": "0.04161523", "price": "2928.73000000", "time": "2025-07-12T15:09:38.842380Z", "fetched_at": "2025-07-12T15:10:50.807512+00:00", "symbol": "ETH-USD"}, {"trade_id": 665996774, "side": "buy", "size": "0.00214314", "price": "2928.74000000", "time": "2025-07-12T15:09:38.842380Z", "fetched_at": "2025-07-12T15:10:50.807512+00:00", "symbol": "ETH-USD"}, {"trade_id": 665996773, "side": "buy", "size": "0.03604000", "price": "2929.04000000", "time": "2025-07-12T15:09:38.754295Z", "fetched_at": "2025-07-12T15:10:50.807512+00:00", "symbol": "ETH-USD"}, {"trade_id": 665996772, "side": "buy", "size": "0.00214085", "price": "2929.27000000", "time": "2025-07-12T15:09:38.683171Z", "fetched_at": "2025-07-12T15:10:50.807512+00:00", "symbol": "ETH-USD"}, {"trade_id": 665996771, "side": "buy", "size": "0.00214085", "price": "2929.27000000", "time": "2025-07-12T15:09:38.648269Z", "fetched_at": "2025-07-12T15:10:50.807512+00:00", "symbol": "ETH-USD"}, {"trade_id": 665996770, "side": "buy", "size": "0.13325000", "price": "2929.04000000", "time": "2025-07-12T15:09:38.637559Z", "fetched_at": "2025-07-12T15:10:50.807512+00:00", "symbol": "ETH-USD"}, {"trade_id": 665996769, "side": "buy", "size": "0.00214085", "price": "2929.27000000", "time": "2025-07-12T15:09:38.626139Z", "fetched_at": "2025-07-12T15:10:50.807512+00:00", "symbol": "ETH-USD"}, {"trade_id": 665996768, "side": "sell", "size": "0.04000000", "price": "2930.39000000", "time": "2025-07-12T15:09:38.614068Z", "fetched_at": "2025-07-12T15:10:50.807512+00:00", "symbol": "ETH-USD"}