[{"trade_id": 143238028, "side": "sell", "size": "122.55975650", "price": "0.69910000", "time": "2025-07-12T16:10:47.123772Z", "fetched_at": "2025-07-12T16:10:50.019199+00:00", "symbol": "ADA-USD"}, {"trade_id": 143238027, "side": "buy", "size": "16.48536366", "price": "0.69910000", "time": "2025-07-12T16:10:43.256036Z", "fetched_at": "2025-07-12T16:10:50.019199+00:00", "symbol": "ADA-USD"}, {"trade_id": 143238026, "side": "buy", "size": "18.85840779", "price": "0.69920000", "time": "2025-07-12T16:10:37.674042Z", "fetched_at": "2025-07-12T16:10:50.019199+00:00", "symbol": "ADA-USD"}, {"trade_id": 143238025, "side": "sell", "size": "521.05090805", "price": "0.69930000", "time": "2025-07-12T16:10:37.294618Z", "fetched_at": "2025-07-12T16:10:50.019199+00:00", "symbol": "ADA-USD"}, {"trade_id": 143238024, "side": "sell", "size": "92.37112136", "price": "0.69930000", "time": "2025-07-12T16:10:36.690313Z", "fetched_at": "2025-07-12T16:10:50.019199+00:00", "symbol": "ADA-USD"}, {"trade_id": 143238023, "side": "sell", "size": "722.75576864", "price": "0.69930000", "time": "2025-07-12T16:10:36.690313Z", "fetched_at": "2025-07-12T16:10:50.019199+00:00", "symbol": "ADA-USD"}, {"trade_id": 143238022, "side": "sell", "size": "1.60000000", "price": "0.69930000", "time": "2025-07-12T16:10:36.690313Z", "fetched_at": "2025-07-12T16:10:50.019199+00:00", "symbol": "ADA-USD"}, {"trade_id": 143238021, "side": "sell", "size": "111.32368291", "price": "0.69920000", "time": "2025-07-12T16:10:36.049082Z", "fetched_at": "2025-07-12T16:10:50.019199+00:00", "symbol": "ADA-USD"}, {"trade_id": 143238020, "side": "sell", "size": "1.60000000", "price": "0.69920000", "time": "2025-07-12T16:10:36.049082Z", "fetched_at": "2025-07-12T16:10:50.019199+00:00", "symbol": "ADA-USD"}, {"trade_id": 143238019, "side": "sell", "size": "8.04522883", "price": "0.69920000", "time": "2025-07-12T16:10:36.049082Z", "fetched_at": "2025-07-12T16:10:50.019199+00:00", "symbol": "ADA-USD"}, {"trade_id": 143238018, "side": "sell", "size": "132.50652776", "price": "0.69900000", "time": "2025-07-12T16:10:33.261984Z", "fetched_at": "2025-07-12T16:10:50.019199+00:00", "symbol": "ADA-USD"}, {"trade_id": 143238017, "side": "sell", "size": "8.75884068", "price": "0.69900000", "time": "2025-07-12T16:10:33.261984Z", "fetched_at": "2025-07-12T16:10:50.019199+00:00", "symbol": "ADA-USD"}, {"trade_id": 143238016, "side": "buy", "size": "1.60000000", "price": "0.69900000", "time": "2025-07-12T16:10:30.684951Z", "fetched_at": "2025-07-12T16:10:50.019199+00:00", "symbol": "ADA-USD"}, {"trade_id": 143238015, "side": "buy", "size": "9.80384011", "price": "0.69910000", "time": "2025-07-12T16:10:29.609675Z", "fetched_at": "2025-07-12T16:10:50.019199+00:00", "symbol": "ADA-USD"}, {"trade_id": 143238014, "side": "buy", "size": "1.60000000", "price": "0.69910000", "time": "2025-07-12T16:10:29.609675Z", "fetched_at": "2025-07-12T16:10:50.019199+00:00", "symbol": "ADA-USD"}, {"trade_id": 143238013, "side": "buy", "size": "11.88974804", "price": "0.69930000", "time": "2025-07-12T16:10:28.230108Z", "fetched_at": "2025-07-12T16:10:50.019199+00:00", "symbol": "ADA-USD"}, {"trade_id": 143238012, "side": "buy", "size": "240.18964166", "price": "0.69920000", "time": "2025-07-12T16:10:28.170245Z", "fetched_at": "2025-07-12T16:10:50.019199+00:00", "symbol": "ADA-USD"}, {"trade_id": 143238011, "side": "buy", "size": "13.55344034", "price": "0.69930000", "time": "2025-07-12T16:10:28.170245Z", "fetched_at": "2025-07-12T16:10:50.019199+00:00", "symbol": "ADA-USD"}, {"trade_id": 143238010, "side": "buy", "size": "1065.20676619", "price": "0.69910000", "time": "2025-07-12T16:10:26.941209Z", "fetched_at": "2025-07-12T16:10:50.019199+00:00", "symbol": "ADA-USD"}, {"trade_id": 143238009, "side": "buy", "size": "627.64171649", "price": "0.69910000", "time": "2025-07-12T16:10:26.941209Z", "fetched_at": "2025-07-12T16:10:50.019199+00:00", "symbol": "ADA-USD"}, {"trade_id": 143238008, "side": "buy", "size": "288.78781315", "price": "0.69910000", "time": "2025-07-12T16:10:26.941209Z", "fetched_at": "2025-07-12T16:10:50.019199+00:00", "symbol": "ADA-USD"}, {"trade_id": 143238007, "side": "buy", "size": "351.00000000", "price": "0.69910000", "time": "2025-07-12T16:10:26.941209Z", "fetched_at": "2025-07-12T16:10:50.019199+00:00", "symbol": "ADA-USD"}, {"trade_id": 143238006, "side": "buy", "size": "1.60000000", "price": "0.69910000", "time": "2025-07-12T16:10:26.941209Z", "fetched_at": "2025-07-12T16:10:50.019199+00:00", "symbol": "ADA-USD"}, {"trade_id": 143238005, "side": "buy", "size": "715.08169958", "price": "0.69920000", "time": "2025-07-12T16:10:26.941209Z", "fetched_at": "2025-07-12T16:10:50.019199+00:00", "symbol": "ADA-USD"}, {"trade_id": 143238004, "side": "buy", "size": "1649.86232000", "price": "0.69920000", "time": "2025-07-12T16:10:26.941209Z", "fetched_at": "2025-07-12T16:10:50.019199+00:00", "symbol": "ADA-USD"}, {"trade_id": 143238003, "side": "buy", "size": "1462.54860000", "price": "0.69920000", "time": "2025-07-12T16:10:26.941209Z", "fetched_at": "2025-07-12T16:10:50.019199+00:00", "symbol": "ADA-USD"}, {"trade_id": 143238002, "side": "buy", "size": "933.80701735", "price": "0.69920000", "time": "2025-07-12T16:10:26.941209Z", "fetched_at": "2025-07-12T16:10:50.019199+00:00", "symbol": "ADA-USD"}, {"trade_id": 143238001, "side": "buy", "size": "351.00000000", "price": "0.69920000", "time": "2025-07-12T16:10:26.941209Z", "fetched_at": "2025-07-12T16:10:50.019199+00:00", "symbol": "ADA-USD"}, {"trade_id": 143238000, "side": "buy", "size": "31.91385657", "price": "0.69920000", "time": "2025-07-12T16:10:26.941209Z", "fetched_at": "2025-07-12T16:10:50.019199+00:00", "symbol": "ADA-USD"}, {"trade_id": 143237999, "side": "buy", "size": "448.88299720", "price": "0.69920000", "time": "2025-07-12T16:10:26.941209Z", "fetched_at": "2025-07-12T16:10:50.019199+00:00", "symbol": "ADA-USD"}, {"trade_id": 143237998, "side": "buy", "size": "13.99502247", "price": "0.69930000", "time": "2025-07-12T16:10:26.941209Z", "fetched_at": "2025-07-12T16:10:50.019199+00:00", "symbol": "ADA-USD"}, {"trade_id": 143237997, "side": "sell", "size": "124.61205544", "price": "0.69920000", "time": "2025-07-12T16:10:26.267351Z", "fetched_at": "2025-07-12T16:10:50.019199+00:00", "symbol": "ADA-USD"}, {"trade_id": 143237996, "side": "buy", "size": "5.53222172", "price": "0.69920000", "time": "2025-07-12T16:10:25.311159Z", "fetched_at": "2025-07-12T16:10:50.019199+00:00", "symbol": "ADA-USD"}, {"trade_id": 143237995, "side": "buy", "size": "1.60000000", "price": "0.69920000", "time": "2025-07-12T16:10:25.311159Z", "fetched_at": "2025-07-12T16:10:50.019199+00:00", "symbol": "ADA-USD"}, {"trade_id": 143237994, "side": "buy", "size": "5.53143061", "price": "0.69930000", "time": "2025-07-12T16:10:25.187492Z", "fetched_at": "2025-07-12T16:10:50.019199+00:00", "symbol": "ADA-USD"}, {"trade_id": 143237993, "side": "buy", "size": "1.60000000", "price": "0.69930000", "time": "2025-07-12T16:10:25.187492Z", "fetched_at": "2025-07-12T16:10:50.019199+00:00", "symbol": "ADA-USD"}, {"trade_id": 143237992, "side": "buy", "size": "5.53063973", "price": "0.69940000", "time": "2025-07-12T16:10:24.957532Z", "fetched_at": "2025-07-12T16:10:50.019199+00:00", "symbol": "ADA-USD"}, {"trade_id": 143237991, "side": "buy", "size": "5303.20000000", "price": "0.69940000", "time": "2025-07-12T16:10:24.957532Z", "fetched_at": "2025-07-12T16:10:50.019199+00:00", "symbol": "ADA-USD"}, {"trade_id": 143237990, "side": "buy", "size": "6.21632206", "price": "0.69940000", "time": "2025-07-12T16:10:23.359373Z", "fetched_at": "2025-07-12T16:10:50.019199+00:00", "symbol": "ADA-USD"}, {"trade_id": 143237989, "side": "buy", "size": "1.60000000", "price": "0.69940000", "time": "2025-07-12T16:10:23.359373Z", "fetched_at": "2025-07-12T16:10:50.019199+00:00", "symbol": "ADA-USD"}, {"trade_id": 143237988, "side": "sell", "size": "3.45037428", "price": "0.69950000", "time": "2025-07-12T16:10:23.353362Z", "fetched_at": "2025-07-12T16:10:50.019199+00:00", "symbol": "ADA-USD"}, {"trade_id": 143237987, "side": "buy", "size": "6180.69919589", "price": "0.69950000", "time": "2025-07-12T16:10:23.346993Z", "fetched_at": "2025-07-12T16:10:50.019199+00:00", "symbol": "ADA-USD"}, {"trade_id": 143237986, "side": "buy", "size": "9299.02717173", "price": "0.69950000", "time": "2025-07-12T16:10:23.344236Z", "fetched_at": "2025-07-12T16:10:50.019199+00:00", "symbol": "ADA-USD"}, {"trade_id": 143237985, "side": "sell", "size": "138.92551800", "price": "0.69970000", "time": "2025-07-12T16:10:19.588166Z", "fetched_at": "2025-07-12T16:10:50.019199+00:00", "symbol": "ADA-USD"}, {"trade_id": 143237984, "side": "sell", "size": "63.93851500", "price": "0.69970000", "time": "2025-07-12T16:10:15.691764Z", "fetched_at": "2025-07-12T16:10:50.019199+00:00", "symbol": "ADA-USD"}, {"trade_id": 143237983, "side": "sell", "size": "1.60000000", "price": "0.69970000", "time": "2025-07-12T16:10:15.691764Z", "fetched_at": "2025-07-12T16:10:50.019199+00:00", "symbol": "ADA-USD"}, {"trade_id": 143237982, "side": "sell", "size": "68.79376035", "price": "0.69960000", "time": "2025-07-12T16:10:15.537467Z", "fetched_at": "2025-07-12T16:10:50.019199+00:00", "symbol": "ADA-USD"}, {"trade_id": 143237981, "side": "sell", "size": "122.40499707", "price": "0.69960000", "time": "2025-07-12T16:10:15.537467Z", "fetched_at": "2025-07-12T16:10:50.019199+00:00", "symbol": "ADA-USD"}, {"trade_id": 143237980, "side": "sell", "size": "1.60000000", "price": "0.69960000", "time": "2025-07-12T16:10:15.537467Z", "fetched_at": "2025-07-12T16:10:50.019199+00:00", "symbol": "ADA-USD"}, {"trade_id": 143237979, "side": "sell", "size": "1.60000000", "price": "0.69950000", "time": "2025-07-12T16:10:13.533295Z", "fetched_at": "2025-07-12T16:10:50.019199+00:00", "symbol": "ADA-USD"}, {"trade_id": 143237978, "side": "sell", "size": "77.40443227", "price": "0.69930000", "time": "2025-07-12T16:10:13.354284Z", "fetched_at": "2025-07-12T16:10:50.019199+00:00", "symbol": "ADA-USD"}, {"trade_id": 143237977, "side": "sell", "size": "4.21365282", "price": "0.69930000", "time": "2025-07-12T16:10:13.354284Z", "fetched_at": "2025-07-12T16:10:50.019199+00:00", "symbol": "ADA-USD"}, {"trade_id": 143237976, "side": "sell", "size": "109.06292625", "price": "0.69940000", "time": "2025-07-12T16:10:12.890640Z", "fetched_at": "2025-07-12T16:10:50.019199+00:00", "symbol": "ADA-USD"}, {"trade_id": 143237975, "side": "sell", "size": "580.65050276", "price": "0.69940000", "time": "2025-07-12T16:10:12.890640Z", "fetched_at": "2025-07-12T16:10:50.019199+00:00", "symbol": "ADA-USD"}, {"trade_id": 143237974, "side": "sell", "size": "5.60998299", "price": "0.69930000", "time": "2025-07-12T16:10:12.890640Z", "fetched_at": "2025-07-12T16:10:50.019199+00:00", "symbol": "ADA-USD"}, {"trade_id": 143237973, "side": "sell", "size": "115.21331851", "price": "0.69940000", "time": "2025-07-12T16:10:12.623129Z", "fetched_at": "2025-07-12T16:10:50.019199+00:00", "symbol": "ADA-USD"}, {"trade_id": 143237972, "side": "sell", "size": "6.91500749", "price": "0.69940000", "time": "2025-07-12T16:10:12.623129Z", "fetched_at": "2025-07-12T16:10:50.019199+00:00", "symbol": "ADA-USD"}, {"trade_id": 143237971, "side": "buy", "size": "42.86735300", "price": "0.69930000", "time": "2025-07-12T16:10:12.351317Z", "fetched_at": "2025-07-12T16:10:50.019199+00:00", "symbol": "ADA-USD"}, {"trade_id": 143237970, "side": "sell", "size": "2.25906310", "price": "0.69930000", "time": "2025-07-12T16:10:12.276494Z", "fetched_at": "2025-07-12T16:10:50.019199+00:00", "symbol": "ADA-USD"}, {"trade_id": 143237969, "side": "sell", "size": "5.18633630", "price": "0.69930000", "time": "2025-07-12T16:10:12.276494Z", "fetched_at": "2025-07-12T16:10:50.019199+00:00", "symbol": "ADA-USD"}, {"trade_id": 143237968, "side": "buy", "size": "351.00000000", "price": "0.69920000", "time": "2025-07-12T16:10:11.711058Z", "fetched_at": "2025-07-12T16:10:50.019199+00:00", "symbol": "ADA-USD"}, {"trade_id": 143237967, "side": "buy", "size": "1.60000000", "price": "0.69920000", "time": "2025-07-12T16:10:11.711058Z", "fetched_at": "2025-07-12T16:10:50.019199+00:00", "symbol": "ADA-USD"}, {"trade_id": 143237966, "side": "buy", "size": "0.00000853", "price": "0.69940000", "time": "2025-07-12T16:10:11.711058Z", "fetched_at": "2025-07-12T16:10:50.019199+00:00", "symbol": "ADA-USD"}, {"trade_id": 143237965, "side": "buy", "size": "91.07486000", "price": "0.69940000", "time": "2025-07-12T16:10:11.582050Z", "fetched_at": "2025-07-12T16:10:50.019199+00:00", "symbol": "ADA-USD"}, {"trade_id": 143237964, "side": "sell", "size": "77.97028881", "price": "0.69940000", "time": "2025-07-12T16:10:10.037766Z", "fetched_at": "2025-07-12T16:10:50.019199+00:00", "symbol": "ADA-USD"}, {"trade_id": 143237963, "side": "sell", "size": "529.53126279", "price": "0.69940000", "time": "2025-07-12T16:10:10.037766Z", "fetched_at": "2025-07-12T16:10:50.019199+00:00", "symbol": "ADA-USD"}, {"trade_id": 143237962, "side": "sell", "size": "243.10166924", "price": "0.69940000", "time": "2025-07-12T16:10:08.782772Z", "fetched_at": "2025-07-12T16:10:50.019199+00:00", "symbol": "ADA-USD"}, {"trade_id": 143237961, "side": "sell", "size": "55.15971292", "price": "0.69940000", "time": "2025-07-12T16:10:08.770232Z", "fetched_at": "2025-07-12T16:10:50.019199+00:00", "symbol": "ADA-USD"}, {"trade_id": 143237960, "side": "sell", "size": "173.32328112", "price": "0.69940000", "time": "2025-07-12T16:10:08.757457Z", "fetched_at": "2025-07-12T16:10:50.019199+00:00", "symbol": "ADA-USD"}, {"trade_id": 143237959, "side": "sell", "size": "560.85467242", "price": "0.69940000", "time": "2025-07-12T16:10:08.733346Z", "fetched_at": "2025-07-12T16:10:50.019199+00:00", "symbol": "ADA-USD"}, {"trade_id": 143237958, "side": "sell", "size": "88.71999912", "price": "0.69940000", "time": "2025-07-12T16:10:08.733346Z", "fetched_at": "2025-07-12T16:10:50.019199+00:00", "symbol": "ADA-USD"}, {"trade_id": 143237957, "side": "sell", "size": "499.94021285", "price": "0.69930000", "time": "2025-07-12T16:10:08.663274Z", "fetched_at": "2025-07-12T16:10:50.019199+00:00", "symbol": "ADA-USD"}, {"trade_id": 143237956, "side": "sell", "size": "110.80805000", "price": "0.69930000", "time": "2025-07-12T16:10:08.657879Z", "fetched_at": "2025-07-12T16:10:50.019199+00:00", "symbol": "ADA-USD"}, {"trade_id": 143237955, "side": "sell", "size": "89.40978000", "price": "0.69930000", "time": "2025-07-12T16:10:08.650208Z", "fetched_at": "2025-07-12T16:10:50.019199+00:00", "symbol": "ADA-USD"}, {"trade_id": 143237954, "side": "buy", "size": "351.00000000", "price": "0.69930000", "time": "2025-07-12T16:10:08.416551Z", "fetched_at": "2025-07-12T16:10:50.019199+00:00", "symbol": "ADA-USD"}, {"trade_id": 143237953, "side": "sell", "size": "118.43181000", "price": "0.69940000", "time": "2025-07-12T16:10:08.402503Z", "fetched_at": "2025-07-12T16:10:50.019199+00:00", "symbol": "ADA-USD"}, {"trade_id": 143237952, "side": "sell", "size": "171.44183000", "price": "0.69940000", "time": "2025-07-12T16:10:08.398590Z", "fetched_at": "2025-07-12T16:10:50.019199+00:00", "symbol": "ADA-USD"}, {"trade_id": 143237951, "side": "sell", "size": "152.14674000", "price": "0.69940000", "time": "2025-07-12T16:10:08.394892Z", "fetched_at": "2025-07-12T16:10:50.019199+00:00", "symbol": "ADA-USD"}, {"trade_id": 143237950, "side": "sell", "size": "704.74509411", "price": "0.69930000", "time": "2025-07-12T16:10:07.831197Z", "fetched_at": "2025-07-12T16:10:50.019199+00:00", "symbol": "ADA-USD"}, {"trade_id": 143237949, "side": "buy", "size": "351.00000000", "price": "0.69930000", "time": "2025-07-12T16:10:07.413910Z", "fetched_at": "2025-07-12T16:10:50.019199+00:00", "symbol": "ADA-USD"}, {"trade_id": 143237948, "side": "buy", "size": "500.00000000", "price": "0.69950000", "time": "2025-07-12T16:10:06.682568Z", "fetched_at": "2025-07-12T16:10:50.019199+00:00", "symbol": "ADA-USD"}, {"trade_id": 143237947, "side": "buy", "size": "91.04883226", "price": "0.69960000", "time": "2025-07-12T16:10:06.682568Z", "fetched_at": "2025-07-12T16:10:50.019199+00:00", "symbol": "ADA-USD"}, {"trade_id": 143237946, "side": "buy", "size": "91.04883000", "price": "0.69960000", "time": "2025-07-12T16:10:06.578516Z", "fetched_at": "2025-07-12T16:10:50.019199+00:00", "symbol": "ADA-USD"}, {"trade_id": 143237945, "side": "sell", "size": "38.28217201", "price": "0.69970000", "time": "2025-07-12T16:10:05.567698Z", "fetched_at": "2025-07-12T16:10:50.019199+00:00", "symbol": "ADA-USD"}, {"trade_id": 143237944, "side": "sell", "size": "1.60000000", "price": "0.69970000", "time": "2025-07-12T16:10:05.567698Z", "fetched_at": "2025-07-12T16:10:50.019199+00:00", "symbol": "ADA-USD"}, {"trade_id": 143237943, "side": "sell", "size": "30.04788799", "price": "0.69970000", "time": "2025-07-12T16:10:05.567698Z", "fetched_at": "2025-07-12T16:10:50.019199+00:00", "symbol": "ADA-USD"}, {"trade_id": 143237942, "side": "buy", "size": "90.76548000", "price": "0.69960000", "time": "2025-07-12T16:10:04.386733Z", "fetched_at": "2025-07-12T16:10:50.019199+00:00", "symbol": "ADA-USD"}, {"trade_id": 143237941, "side": "sell", "size": "122.47365293", "price": "0.69960000", "time": "2025-07-12T16:10:04.177943Z", "fetched_at": "2025-07-12T16:10:50.019199+00:00", "symbol": "ADA-USD"}, {"trade_id": 143237940, "side": "buy", "size": "69.93006000", "price": "0.69960000", "time": "2025-07-12T16:10:03.438585Z", "fetched_at": "2025-07-12T16:10:50.019199+00:00", "symbol": "ADA-USD"}, {"trade_id": 143237939, "side": "buy", "size": "91.73010000", "price": "0.69960000", "time": "2025-07-12T16:10:03.263047Z", "fetched_at": "2025-07-12T16:10:50.019199+00:00", "symbol": "ADA-USD"}, {"trade_id": 143237938, "side": "buy", "size": "743.79771101", "price": "0.69950000", "time": "2025-07-12T16:10:03.172053Z", "fetched_at": "2025-07-12T16:10:50.019199+00:00", "symbol": "ADA-USD"}, {"trade_id": 143237937, "side": "buy", "size": "441.20595546", "price": "0.69950000", "time": "2025-07-12T16:10:03.172053Z", "fetched_at": "2025-07-12T16:10:50.019199+00:00", "symbol": "ADA-USD"}, {"trade_id": 143237936, "side": "buy", "size": "627.64171649", "price": "0.69950000", "time": "2025-07-12T16:10:03.172053Z", "fetched_at": "2025-07-12T16:10:50.019199+00:00", "symbol": "ADA-USD"}, {"trade_id": 143237935, "side": "buy", "size": "714.79628305", "price": "0.69950000", "time": "2025-07-12T16:10:03.172053Z", "fetched_at": "2025-07-12T16:10:50.019199+00:00", "symbol": "ADA-USD"}, {"trade_id": 143237934, "side": "buy", "size": "91.73010083", "price": "0.69960000", "time": "2025-07-12T16:10:03.158497Z", "fetched_at": "2025-07-12T16:10:50.019199+00:00", "symbol": "ADA-USD"}, {"trade_id": 143237933, "side": "buy", "size": "50.00000000", "price": "0.69960000", "time": "2025-07-12T16:10:03.158497Z", "fetched_at": "2025-07-12T16:10:50.019199+00:00", "symbol": "ADA-USD"}, {"trade_id": 143237932, "side": "buy", "size": "500.00000000", "price": "0.69960000", "time": "2025-07-12T16:10:03.158497Z", "fetched_at": "2025-07-12T16:10:50.019199+00:00", "symbol": "ADA-USD"}, {"trade_id": 143237931, "side": "buy", "size": "23.82167984", "price": "0.69960000", "time": "2025-07-12T16:10:03.158497Z", "fetched_at": "2025-07-12T16:10:50.019199+00:00", "symbol": "ADA-USD"}, {"trade_id": 143237930, "side": "buy", "size": "51.00306000", "price": "0.69960000", "time": "2025-07-12T16:10:03.158497Z", "fetched_at": "2025-07-12T16:10:50.019199+00:00", "symbol": "ADA-USD"}, {"trade_id": 143237929, "side": "sell", "size": "26.35658959", "price": "0.69970000", "time": "2025-07-12T16:10:03.021140Z", "fetched_at": "2025-07-12T16:10:50.019199+00:00", "symbol": "ADA-USD"}, {"trade_id": 143237928, "side": "sell", "size": "0.10000000", "price": "0.69970000", "time": "2025-07-12T16:10:03.021140Z", "fetched_at": "2025-07-12T16:10:50.019199+00:00", "symbol": "ADA-USD"}, {"trade_id": 143237927, "side": "sell", "size": "9.83266012", "price": "0.69970000", "time": "2025-07-12T16:10:03.021140Z", "fetched_at": "2025-07-12T16:10:50.019199+00:00", "symbol": "ADA-USD"}, {"trade_id": 143237926, "side": "sell", "size": "1.60000000", "price": "0.69960000", "time": "2025-07-12T16:10:03.021140Z", "fetched_at": "2025-07-12T16:10:50.019199+00:00", "symbol": "ADA-USD"}, {"trade_id": 143237925, "side": "sell", "size": "32.04081029", "price": "0.69960000", "time": "2025-07-12T16:10:03.021140Z", "fetched_at": "2025-07-12T16:10:50.019199+00:00", "symbol": "ADA-USD"}, {"trade_id": 143237924, "side": "sell", "size": "50.00000000", "price": "0.69950000", "time": "2025-07-12T16:10:02.967015Z", "fetched_at": "2025-07-12T16:10:50.019199+00:00", "symbol": "ADA-USD"}, {"trade_id": 143237923, "side": "sell", "size": "1.60000000", "price": "0.69950000", "time": "2025-07-12T16:10:02.967015Z", "fetched_at": "2025-07-12T16:10:50.019199+00:00", "symbol": "ADA-USD"}, {"trade_id": 143237922, "side": "sell", "size": "44.95478909", "price": "0.69950000", "time": "2025-07-12T16:10:02.967015Z", "fetched_at": "2025-07-12T16:10:50.019199+00:00", "symbol": "ADA-USD"}, {"trade_id": 143237921, "side": "sell", "size": "6.35922712", "price": "0.69940000", "time": "2025-07-12T16:10:02.859981Z", "fetched_at": "2025-07-12T16:10:50.019199+00:00", "symbol": "ADA-USD"}, {"trade_id": 143237920, "side": "sell", "size": "1.60000000", "price": "0.69940000", "time": "2025-07-12T16:10:02.859981Z", "fetched_at": "2025-07-12T16:10:50.019199+00:00", "symbol": "ADA-USD"}, {"trade_id": 143237919, "side": "sell", "size": "0.03633319", "price": "0.69940000", "time": "2025-07-12T16:10:02.859981Z", "fetched_at": "2025-07-12T16:10:50.019199+00:00", "symbol": "ADA-USD"}, {"trade_id": 143237918, "side": "sell", "size": "230.43935692", "price": "0.69930000", "time": "2025-07-12T16:10:02.286457Z", "fetched_at": "2025-07-12T16:10:50.019199+00:00", "symbol": "ADA-USD"}, {"trade_id": 143237917, "side": "sell", "size": "30.15912880", "price": "0.69930000", "time": "2025-07-12T16:10:02.268165Z", "fetched_at": "2025-07-12T16:10:50.019199+00:00", "symbol": "ADA-USD"}, {"trade_id": 143237916, "side": "sell", "size": "707.24669192", "price": "0.69930000", "time": "2025-07-12T16:10:02.258665Z", "fetched_at": "2025-07-12T16:10:50.019199+00:00", "symbol": "ADA-USD"}, {"trade_id": 143237915, "side": "sell", "size": "77.50312134", "price": "0.69930000", "time": "2025-07-12T16:10:02.258665Z", "fetched_at": "2025-07-12T16:10:50.019199+00:00", "symbol": "ADA-USD"}, {"trade_id": 143237914, "side": "sell", "size": "746.30860149", "price": "0.69930000", "time": "2025-07-12T16:10:02.087333Z", "fetched_at": "2025-07-12T16:10:50.019199+00:00", "symbol": "ADA-USD"}, {"trade_id": 143237913, "side": "sell", "size": "1.60000000", "price": "0.69930000", "time": "2025-07-12T16:10:02.087333Z", "fetched_at": "2025-07-12T16:10:50.019199+00:00", "symbol": "ADA-USD"}, {"trade_id": 143237912, "side": "sell", "size": "1.60000000", "price": "0.69920000", "time": "2025-07-12T16:10:01.881326Z", "fetched_at": "2025-07-12T16:10:50.019199+00:00", "symbol": "ADA-USD"}, {"trade_id": 143237911, "side": "sell", "size": "800.23118899", "price": "0.69910000", "time": "2025-07-12T16:10:01.779855Z", "fetched_at": "2025-07-12T16:10:50.019199+00:00", "symbol": "ADA-USD"}, {"trade_id": 143237910, "side": "sell", "size": "1.60000000", "price": "0.69910000", "time": "2025-07-12T16:10:01.779855Z", "fetched_at": "2025-07-12T16:10:50.019199+00:00", "symbol": "ADA-USD"}, {"trade_id": 143237909, "side": "sell", "size": "3.91319342", "price": "0.69900000", "time": "2025-07-12T16:10:01.534363Z", "fetched_at": "2025-07-12T16:10:50.019199+00:00", "symbol": "ADA-USD"}, {"trade_id": 143237908, "side": "sell", "size": "122.52729910", "price": "0.69900000", "time": "2025-07-12T16:10:01.460158Z", "fetched_at": "2025-07-12T16:10:50.019199+00:00", "symbol": "ADA-USD"}, {"trade_id": 143237907, "side": "sell", "size": "122.52729910", "price": "0.69900000", "time": "2025-07-12T16:10:01.443326Z", "fetched_at": "2025-07-12T16:10:50.019199+00:00", "symbol": "ADA-USD"}, {"trade_id": 143237906, "side": "sell", "size": "122.52729910", "price": "0.69900000", "time": "2025-07-12T16:10:01.432568Z", "fetched_at": "2025-07-12T16:10:50.019199+00:00", "symbol": "ADA-USD"}, {"trade_id": 143237905, "side": "sell", "size": "1.60000000", "price": "0.69900000", "time": "2025-07-12T16:10:01.432568Z", "fetched_at": "2025-07-12T16:10:50.019199+00:00", "symbol": "ADA-USD"}, {"trade_id": 143237904, "side": "sell", "size": "6.66491819", "price": "0.69900000", "time": "2025-07-12T16:10:01.432568Z", "fetched_at": "2025-07-12T16:10:50.019199+00:00", "symbol": "ADA-USD"}, {"trade_id": 143237903, "side": "sell", "size": "714.97150824", "price": "0.69890000", "time": "2025-07-12T16:10:01.319643Z", "fetched_at": "2025-07-12T16:10:50.019199+00:00", "symbol": "ADA-USD"}, {"trade_id": 143237902, "side": "sell", "size": "89.05072386", "price": "0.69880000", "time": "2025-07-12T16:10:01.097359Z", "fetched_at": "2025-07-12T16:10:50.019199+00:00", "symbol": "ADA-USD"}, {"trade_id": 143237901, "side": "sell", "size": "724.91703562", "price": "0.69880000", "time": "2025-07-12T16:10:01.097359Z", "fetched_at": "2025-07-12T16:10:50.019199+00:00", "symbol": "ADA-USD"}, {"trade_id": 143237900, "side": "buy", "size": "5309.70000000", "price": "0.69870000", "time": "2025-07-12T16:10:00.382330Z", "fetched_at": "2025-07-12T16:10:50.019199+00:00", "symbol": "ADA-USD"}, {"trade_id": 143237899, "side": "buy", "size": "351.00000000", "price": "0.69870000", "time": "2025-07-12T16:10:00.382330Z", "fetched_at": "2025-07-12T16:10:50.019199+00:00", "symbol": "ADA-USD"}, {"trade_id": 143237898, "side": "buy", "size": "63.41986759", "price": "0.69880000", "time": "2025-07-12T16:10:00.363753Z", "fetched_at": "2025-07-12T16:10:50.019199+00:00", "symbol": "ADA-USD"}, {"trade_id": 143237897, "side": "buy", "size": "5310.70000000", "price": "0.69880000", "time": "2025-07-12T16:10:00.363753Z", "fetched_at": "2025-07-12T16:10:50.019199+00:00", "symbol": "ADA-USD"}, {"trade_id": 143237896, "side": "sell", "size": "122.56166200", "price": "0.69890000", "time": "2025-07-12T16:09:59.645370Z", "fetched_at": "2025-07-12T16:10:50.019199+00:00", "symbol": "ADA-USD"}, {"trade_id": 143237895, "side": "sell", "size": "83.46240785", "price": "0.69880000", "time": "2025-07-12T16:09:59.344230Z", "fetched_at": "2025-07-12T16:10:50.019199+00:00", "symbol": "ADA-USD"}, {"trade_id": 143237894, "side": "sell", "size": "122.50827761", "price": "0.69880000", "time": "2025-07-12T16:09:59.344230Z", "fetched_at": "2025-07-12T16:10:50.019199+00:00", "symbol": "ADA-USD"}, {"trade_id": 143237893, "side": "sell", "size": "2.16347486", "price": "0.69880000", "time": "2025-07-12T16:09:59.344230Z", "fetched_at": "2025-07-12T16:10:50.019199+00:00", "symbol": "ADA-USD"}, {"trade_id": 143237892, "side": "sell", "size": "197.92688000", "price": "0.69870000", "time": "2025-07-12T16:09:58.965925Z", "fetched_at": "2025-07-12T16:10:50.019199+00:00", "symbol": "ADA-USD"}, {"trade_id": 143237891, "side": "buy", "size": "14.67406962", "price": "0.69870000", "time": "2025-07-12T16:09:58.961650Z", "fetched_at": "2025-07-12T16:10:50.019199+00:00", "symbol": "ADA-USD"}, {"trade_id": 143237890, "side": "sell", "size": "2.85060103", "price": "0.69880000", "time": "2025-07-12T16:09:58.271109Z", "fetched_at": "2025-07-12T16:10:50.019199+00:00", "symbol": "ADA-USD"}, {"trade_id": 143237889, "side": "buy", "size": "500.00000000", "price": "0.69880000", "time": "2025-07-12T16:09:56.012280Z", "fetched_at": "2025-07-12T16:10:50.019199+00:00", "symbol": "ADA-USD"}, {"trade_id": 143237888, "side": "buy", "size": "49.63743740", "price": "0.69890000", "time": "2025-07-12T16:09:56.012280Z", "fetched_at": "2025-07-12T16:10:50.019199+00:00", "symbol": "ADA-USD"}, {"trade_id": 143237887, "side": "sell", "size": "51.00306000", "price": "0.69890000", "time": "2025-07-12T16:09:55.661983Z", "fetched_at": "2025-07-12T16:10:50.019199+00:00", "symbol": "ADA-USD"}, {"trade_id": 143237886, "side": "buy", "size": "80.76939348", "price": "0.69890000", "time": "2025-07-12T16:09:55.653892Z", "fetched_at": "2025-07-12T16:10:50.019199+00:00", "symbol": "ADA-USD"}, {"trade_id": 143237885, "side": "buy", "size": "5327.10000000", "price": "0.69890000", "time": "2025-07-12T16:09:55.653892Z", "fetched_at": "2025-07-12T16:10:50.019199+00:00", "symbol": "ADA-USD"}, {"trade_id": 143237884, "side": "sell", "size": "224.84349963", "price": "0.69910000", "time": "2025-07-12T16:09:55.065365Z", "fetched_at": "2025-07-12T16:10:50.019199+00:00", "symbol": "ADA-USD"}, {"trade_id": 143237883, "side": "sell", "size": "117.57818064", "price": "0.69910000", "time": "2025-07-12T16:09:55.065365Z", "fetched_at": "2025-07-12T16:10:50.019199+00:00", "symbol": "ADA-USD"}, {"trade_id": 143237882, "side": "sell", "size": "11.70623473", "price": "0.69910000", "time": "2025-07-12T16:09:55.065365Z", "fetched_at": "2025-07-12T16:10:50.019199+00:00", "symbol": "ADA-USD"}, {"trade_id": 143237881, "side": "sell", "size": "796.59417161", "price": "0.69900000", "time": "2025-07-12T16:09:53.098867Z", "fetched_at": "2025-07-12T16:10:50.019199+00:00", "symbol": "ADA-USD"}, {"trade_id": 143237880, "side": "sell", "size": "657.44043918", "price": "0.69900000", "time": "2025-07-12T16:09:52.954889Z", "fetched_at": "2025-07-12T16:10:50.019199+00:00", "symbol": "ADA-USD"}, {"trade_id": 143237879, "side": "sell", "size": "131.95126000", "price": "0.69900000", "time": "2025-07-12T16:09:52.771610Z", "fetched_at": "2025-07-12T16:10:50.019199+00:00", "symbol": "ADA-USD"}, {"trade_id": 143237878, "side": "sell", "size": "8.77970246", "price": "0.69900000", "time": "2025-07-12T16:09:52.771610Z", "fetched_at": "2025-07-12T16:10:50.019199+00:00", "symbol": "ADA-USD"}, {"trade_id": 143237877, "side": "buy", "size": "122.50064000", "price": "0.69910000", "time": "2025-07-12T16:09:52.517372Z", "fetched_at": "2025-07-12T16:10:50.019199+00:00", "symbol": "ADA-USD"}, {"trade_id": 143237876, "side": "buy", "size": "1344.23109707", "price": "0.69900000", "time": "2025-07-12T16:09:52.504827Z", "fetched_at": "2025-07-12T16:10:50.019199+00:00", "symbol": "ADA-USD"}, {"trade_id": 143237875, "side": "buy", "size": "627.64171649", "price": "0.69900000", "time": "2025-07-12T16:09:52.504827Z", "fetched_at": "2025-07-12T16:10:50.019199+00:00", "symbol": "ADA-USD"}, {"trade_id": 143237874, "side": "buy", "size": "122.50064820", "price": "0.69910000", "time": "2025-07-12T16:09:52.504827Z", "fetched_at": "2025-07-12T16:10:50.019199+00:00", "symbol": "ADA-USD"}, {"trade_id": 143237873, "side": "sell", "size": "45.91793639", "price": "0.69920000", "time": "2025-07-12T16:09:52.384370Z", "fetched_at": "2025-07-12T16:10:50.019199+00:00", "symbol": "ADA-USD"}, {"trade_id": 143237872, "side": "sell", "size": "727.95806424", "price": "0.69920000", "time": "2025-07-12T16:09:52.372780Z", "fetched_at": "2025-07-12T16:10:50.019199+00:00", "symbol": "ADA-USD"}, {"trade_id": 143237871, "side": "buy", "size": "122.50064820", "price": "0.69910000", "time": "2025-07-12T16:09:51.564187Z", "fetched_at": "2025-07-12T16:10:50.019199+00:00", "symbol": "ADA-USD"}, {"trade_id": 143237870, "side": "buy", "size": "715.20460031", "price": "0.69910000", "time": "2025-07-12T16:09:51.564187Z", "fetched_at": "2025-07-12T16:10:50.019199+00:00", "symbol": "ADA-USD"}, {"trade_id": 143237869, "side": "buy", "size": "627.64171649", "price": "0.69910000", "time": "2025-07-12T16:09:51.564187Z", "fetched_at": "2025-07-12T16:10:50.019199+00:00", "symbol": "ADA-USD"}, {"trade_id": 143237868, "side": "buy", "size": "678.51687192", "price": "0.69910000", "time": "2025-07-12T16:09:51.318551Z", "fetched_at": "2025-07-12T16:10:50.019199+00:00", "symbol": "ADA-USD"}, {"trade_id": 143237867, "side": "buy", "size": "50.00000000", "price": "0.69910000", "time": "2025-07-12T16:09:51.318551Z", "fetched_at": "2025-07-12T16:10:50.019199+00:00", "symbol": "ADA-USD"}, {"trade_id": 143237866, "side": "buy", "size": "122.48312808", "price": "0.69920000", "time": "2025-07-12T16:09:51.318551Z", "fetched_at": "2025-07-12T16:10:50.019199+00:00", "symbol": "ADA-USD"}, {"trade_id": 143237865, "side": "buy", "size": "51.00306000", "price": "0.69920000", "time": "2025-07-12T16:09:51.318551Z", "fetched_at": "2025-07-12T16:10:50.019199+00:00", "symbol": "ADA-USD"}, {"trade_id": 143237864, "side": "sell", "size": "1.60000000", "price": "0.69930000", "time": "2025-07-12T16:09:51.131235Z", "fetched_at": "2025-07-12T16:10:50.019199+00:00", "symbol": "ADA-USD"}, {"trade_id": 143237863, "side": "sell", "size": "15.55136779", "price": "0.69900000", "time": "2025-07-12T16:09:51.081401Z", "fetched_at": "2025-07-12T16:10:50.019199+00:00", "symbol": "ADA-USD"}, {"trade_id": 143237862, "side": "sell", "size": "269.86886423", "price": "0.69920000", "time": "2025-07-12T16:09:51.074Z", "fetched_at": "2025-07-12T16:10:50.019199+00:00", "symbol": "ADA-USD"}, {"trade_id": 143237861, "side": "sell", "size": "702.76773546", "price": "0.69920000", "time": "2025-07-12T16:09:51.074Z", "fetched_at": "2025-07-12T16:10:50.019199+00:00", "symbol": "ADA-USD"}, {"trade_id": 143237860, "side": "sell", "size": "7212.00438824", "price": "0.69920000", "time": "2025-07-12T16:09:51.074Z", "fetched_at": "2025-07-12T16:10:50.019199+00:00", "symbol": "ADA-USD"}, {"trade_id": 143237859, "side": "sell", "size": "537.24368504", "price": "0.69920000", "time": "2025-07-12T16:09:51.072253Z", "fetched_at": "2025-07-12T16:10:50.019199+00:00", "symbol": "ADA-USD"}, {"trade_id": 143237858, "side": "sell", "size": "2814.26768672", "price": "0.69920000", "time": "2025-07-12T16:09:51.070632Z", "fetched_at": "2025-07-12T16:10:50.019199+00:00", "symbol": "ADA-USD"}, {"trade_id": 143237857, "side": "sell", "size": "3447.88455576", "price": "0.69920000", "time": "2025-07-12T16:09:51.066840Z", "fetched_at": "2025-07-12T16:10:50.019199+00:00", "symbol": "ADA-USD"}, {"trade_id": 143237856, "side": "sell", "size": "3837.59405957", "price": "0.69920000", "time": "2025-07-12T16:09:51.066502Z", "fetched_at": "2025-07-12T16:10:50.019199+00:00", "symbol": "ADA-USD"}, {"trade_id": 143237855, "side": "sell", "size": "627.64171649", "price": "0.69920000", "time": "2025-07-12T16:09:51.066502Z", "fetched_at": "2025-07-12T16:10:50.019199+00:00", "symbol": "ADA-USD"}, {"trade_id": 143237854, "side": "sell", "size": "1.60000000", "price": "0.69920000", "time": "2025-07-12T16:09:51.066502Z", "fetched_at": "2025-07-12T16:10:50.019199+00:00", "symbol": "ADA-USD"}, {"trade_id": 143237853, "side": "sell", "size": "1462.96716000", "price": "0.69920000", "time": "2025-07-12T16:09:51.066502Z", "fetched_at": "2025-07-12T16:10:50.019199+00:00", "symbol": "ADA-USD"}, {"trade_id": 143237852, "side": "sell", "size": "0.01691303", "price": "0.69920000", "time": "2025-07-12T16:09:51.066502Z", "fetched_at": "2025-07-12T16:10:50.019199+00:00", "symbol": "ADA-USD"}, {"trade_id": 143237851, "side": "sell", "size": "258.49588328", "price": "0.69920000", "time": "2025-07-12T16:09:51.066502Z", "fetched_at": "2025-07-12T16:10:50.019199+00:00", "symbol": "ADA-USD"}, {"trade_id": 143237850, "side": "sell", "size": "1649.64526000", "price": "0.69910000", "time": "2025-07-12T16:09:51.066502Z", "fetched_at": "2025-07-12T16:10:50.019199+00:00", "symbol": "ADA-USD"}, {"trade_id": 143237849, "side": "sell", "size": "116.37549875", "price": "0.69900000", "time": "2025-07-12T16:09:51.066502Z", "fetched_at": "2025-07-12T16:10:50.019199+00:00", "symbol": "ADA-USD"}, {"trade_id": 143237848, "side": "sell", "size": "754.96587440", "price": "0.69900000", "time": "2025-07-12T16:09:51.062020Z", "fetched_at": "2025-07-12T16:10:50.019199+00:00", "symbol": "ADA-USD"}, {"trade_id": 143237847, "side": "sell", "size": "4081.12345993", "price": "0.69910000", "time": "2025-07-12T16:09:51.050970Z", "fetched_at": "2025-07-12T16:10:50.019199+00:00", "symbol": "ADA-USD"}, {"trade_id": 143237846, "side": "sell", "size": "5307.80000000", "price": "0.69910000", "time": "2025-07-12T16:09:51.050970Z", "fetched_at": "2025-07-12T16:10:50.019199+00:00", "symbol": "ADA-USD"}, {"trade_id": 143237845, "side": "sell", "size": "8464.94970944", "price": "0.69910000", "time": "2025-07-12T16:09:51.050970Z", "fetched_at": "2025-07-12T16:10:50.019199+00:00", "symbol": "ADA-USD"}, {"trade_id": 143237844, "side": "sell", "size": "790.07894519", "price": "0.69910000", "time": "2025-07-12T16:09:51.050970Z", "fetched_at": "2025-07-12T16:10:50.019199+00:00", "symbol": "ADA-USD"}, {"trade_id": 143237843, "side": "sell", "size": "627.64171649", "price": "0.69910000", "time": "2025-07-12T16:09:51.050970Z", "fetched_at": "2025-07-12T16:10:50.019199+00:00", "symbol": "ADA-USD"}, {"trade_id": 143237842, "side": "sell", "size": "1.60000000", "price": "0.69910000", "time": "2025-07-12T16:09:51.050970Z", "fetched_at": "2025-07-12T16:10:50.019199+00:00", "symbol": "ADA-USD"}, {"trade_id": 143237841, "side": "sell", "size": "204.25543627", "price": "0.69910000", "time": "2025-07-12T16:09:51.050970Z", "fetched_at": "2025-07-12T16:10:50.019199+00:00", "symbol": "ADA-USD"}, {"trade_id": 143237840, "side": "sell", "size": "1258.71172373", "price": "0.69910000", "time": "2025-07-12T16:09:51.050198Z", "fetched_at": "2025-07-12T16:10:50.019199+00:00", "symbol": "ADA-USD"}, {"trade_id": 143237839, "side": "sell", "size": "3379.15410402", "price": "0.69900000", "time": "2025-07-12T16:09:51.043166Z", "fetched_at": "2025-07-12T16:10:50.019199+00:00", "symbol": "ADA-USD"}, {"trade_id": 143237838, "side": "sell", "size": "383.24336495", "price": "0.69900000", "time": "2025-07-12T16:09:51.043166Z", "fetched_at": "2025-07-12T16:10:50.019199+00:00", "symbol": "ADA-USD"}, {"trade_id": 143237837, "side": "sell", "size": "1464.22400000", "price": "0.69900000", "time": "2025-07-12T16:09:51.043166Z", "fetched_at": "2025-07-12T16:10:50.019199+00:00", "symbol": "ADA-USD"}, {"trade_id": 143237836, "side": "sell", "size": "627.64171649", "price": "0.69900000", "time": "2025-07-12T16:09:51.043166Z", "fetched_at": "2025-07-12T16:10:50.019199+00:00", "symbol": "ADA-USD"}, {"trade_id": 143237835, "side": "sell", "size": "1.60000000", "price": "0.69900000", "time": "2025-07-12T16:09:51.043166Z", "fetched_at": "2025-07-12T16:10:50.019199+00:00", "symbol": "ADA-USD"}, {"trade_id": 143237834, "side": "sell", "size": "67.29699563", "price": "0.69890000", "time": "2025-07-12T16:09:51.040088Z", "fetched_at": "2025-07-12T16:10:50.019199+00:00", "symbol": "ADA-USD"}, {"trade_id": 143237833, "side": "sell", "size": "1.60000000", "price": "0.69890000", "time": "2025-07-12T16:09:51.040088Z", "fetched_at": "2025-07-12T16:10:50.019199+00:00", "symbol": "ADA-USD"}, {"trade_id": 143237832, "side": "sell", "size": "76.83853906", "price": "0.69880000", "time": "2025-07-12T16:09:48.293490Z", "fetched_at": "2025-07-12T16:10:50.019199+00:00", "symbol": "ADA-USD"}, {"trade_id": 143237831, "side": "sell", "size": "0.12351950", "price": "0.69880000", "time": "2025-07-12T16:09:48.280170Z", "fetched_at": "2025-07-12T16:10:50.019199+00:00", "symbol": "ADA-USD"}, {"trade_id": 143237830, "side": "sell", "size": "722.32153596", "price": "0.69880000", "time": "2025-07-12T16:09:48.280170Z", "fetched_at": "2025-07-12T16:10:50.019199+00:00", "symbol": "ADA-USD"}, {"trade_id": 143237829, "side": "sell", "size": "1.60000000", "price": "0.69880000", "time": "2025-07-12T16:09:48.280170Z", "fetched_at": "2025-07-12T16:10:50.019199+00:00", "symbol": "ADA-USD"}, {"trade_id": 143237828, "side": "sell", "size": "3.00438911", "price": "0.69870000", "time": "2025-07-12T16:09:47.532881Z", "fetched_at": "2025-07-12T16:10:50.019199+00:00", "symbol": "ADA-USD"}, {"trade_id": 143237827, "side": "sell", "size": "1.60000000", "price": "0.69870000", "time": "2025-07-12T16:09:47.532881Z", "fetched_at": "2025-07-12T16:10:50.019199+00:00", "symbol": "ADA-USD"}, {"trade_id": 143237826, "side": "buy", "size": "67.90237045", "price": "0.69860000", "time": "2025-07-12T16:09:46.708142Z", "fetched_at": "2025-07-12T16:10:50.019199+00:00", "symbol": "ADA-USD"}, {"trade_id": 143237825, "side": "buy", "size": "16.83708972", "price": "0.69860000", "time": "2025-07-12T16:09:46.708142Z", "fetched_at": "2025-07-12T16:10:50.019199+00:00", "symbol": "ADA-USD"}, {"trade_id": 143237824, "side": "sell", "size": "389.39095838", "price": "0.69860000", "time": "2025-07-12T16:09:46.655310Z", "fetched_at": "2025-07-12T16:10:50.019199+00:00", "symbol": "ADA-USD"}, {"trade_id": 143237823, "side": "sell", "size": "87.10231234", "price": "0.69860000", "time": "2025-07-12T16:09:46.644939Z", "fetched_at": "2025-07-12T16:10:50.019199+00:00", "symbol": "ADA-USD"}, {"trade_id": 143237822, "side": "sell", "size": "78.77764836", "price": "0.69860000", "time": "2025-07-12T16:09:46.634342Z", "fetched_at": "2025-07-12T16:10:50.019199+00:00", "symbol": "ADA-USD"}, {"trade_id": 143237821, "side": "sell", "size": "17.22359853", "price": "0.69860000", "time": "2025-07-12T16:09:46.623282Z", "fetched_at": "2025-07-12T16:10:50.019199+00:00", "symbol": "ADA-USD"}, {"trade_id": 143237820, "side": "sell", "size": "238.66110955", "price": "0.69860000", "time": "2025-07-12T16:09:46.601469Z", "fetched_at": "2025-07-12T16:10:50.019199+00:00", "symbol": "ADA-USD"}, {"trade_id": 143237819, "side": "sell", "size": "197.59633492", "price": "0.69860000", "time": "2025-07-12T16:09:46.589366Z", "fetched_at": "2025-07-12T16:10:50.019199+00:00", "symbol": "ADA-USD"}, {"trade_id": 143237818, "side": "sell", "size": "754.06839894", "price": "0.69860000", "time": "2025-07-12T16:09:46.578847Z", "fetched_at": "2025-07-12T16:10:50.019199+00:00", "symbol": "ADA-USD"}, {"trade_id": 143237817, "side": "sell", "size": "74.13240729", "price": "0.69860000", "time": "2025-07-12T16:09:46.122682Z", "fetched_at": "2025-07-12T16:10:50.019199+00:00", "symbol": "ADA-USD"}, {"trade_id": 143237816, "side": "sell", "size": "567.79196148", "price": "0.69860000", "time": "2025-07-12T16:09:46.112375Z", "fetched_at": "2025-07-12T16:10:50.019199+00:00", "symbol": "ADA-USD"}, {"trade_id": 143237815, "side": "sell", "size": "739.59448615", "price": "0.69860000", "time": "2025-07-12T16:09:46.102129Z", "fetched_at": "2025-07-12T16:10:50.019199+00:00", "symbol": "ADA-USD"}, {"trade_id": 143237814, "side": "buy", "size": "21.05682069", "price": "0.69850000", "time": "2025-07-12T16:09:45.511512Z", "fetched_at": "2025-07-12T16:10:50.019199+00:00", "symbol": "ADA-USD"}, {"trade_id": 143237813, "side": "buy", "size": "22.40528104", "price": "0.69850000", "time": "2025-07-12T16:09:45.511512Z", "fetched_at": "2025-07-12T16:10:50.019199+00:00", "symbol": "ADA-USD"}, {"trade_id": 143237812, "side": "buy", "size": "51.00306000", "price": "0.69850000", "time": "2025-07-12T16:09:45.511512Z", "fetched_at": "2025-07-12T16:10:50.019199+00:00", "symbol": "ADA-USD"}, {"trade_id": 143237811, "side": "sell", "size": "382.88695533", "price": "0.69850000", "time": "2025-07-12T16:09:45.426012Z", "fetched_at": "2025-07-12T16:10:50.019199+00:00", "symbol": "ADA-USD"}, {"trade_id": 143237810, "side": "sell", "size": "4925.31304467", "price": "0.69850000", "time": "2025-07-12T16:09:45.425521Z", "fetched_at": "2025-07-12T16:10:50.019199+00:00", "symbol": "ADA-USD"}, {"trade_id": 143237809, "side": "sell", "size": "122.61636155", "price": "0.69840000", "time": "2025-07-12T16:09:44.954851Z", "fetched_at": "2025-07-12T16:10:50.019199+00:00", "symbol": "ADA-USD"}, {"trade_id": 143237808, "side": "sell", "size": "106.68183477", "price": "0.69830000", "time": "2025-07-12T16:09:44.843421Z", "fetched_at": "2025-07-12T16:10:50.019199+00:00", "symbol": "ADA-USD"}, {"trade_id": 143237807, "side": "sell", "size": "122.61783060", "price": "0.69830000", "time": "2025-07-12T16:09:44.843421Z", "fetched_at": "2025-07-12T16:10:50.019199+00:00", "symbol": "ADA-USD"}, {"trade_id": 143237806, "side": "sell", "size": "5.12098460", "price": "0.69830000", "time": "2025-07-12T16:09:44.843421Z", "fetched_at": "2025-07-12T16:10:50.019199+00:00", "symbol": "ADA-USD"}, {"trade_id": 143237805, "side": "sell", "size": "197.92688000", "price": "0.69840000", "time": "2025-07-12T16:09:43.554210Z", "fetched_at": "2025-07-12T16:10:50.019199+00:00", "symbol": "ADA-USD"}, {"trade_id": 143237804, "side": "sell", "size": "981.81603726", "price": "0.69870000", "time": "2025-07-12T16:09:43.539275Z", "fetched_at": "2025-07-12T16:10:50.019199+00:00", "symbol": "ADA-USD"}, {"trade_id": 143237803, "side": "sell", "size": "627.64171649", "price": "0.69870000", "time": "2025-07-12T16:09:43.539275Z", "fetched_at": "2025-07-12T16:10:50.019199+00:00", "symbol": "ADA-USD"}, {"trade_id": 143237802, "side": "sell", "size": "4500.15636045", "price": "0.69860000", "time": "2025-07-12T16:09:43.539275Z", "fetched_at": "2025-07-12T16:10:50.019199+00:00", "symbol": "ADA-USD"}, {"trade_id": 143237801, "side": "sell", "size": "715.78739145", "price": "0.69860000", "time": "2025-07-12T16:09:43.539275Z", "fetched_at": "2025-07-12T16:10:50.019199+00:00", "symbol": "ADA-USD"}, {"trade_id": 143237800, "side": "sell", "size": "288.78781315", "price": "0.69860000", "time": "2025-07-12T16:09:43.539275Z", "fetched_at": "2025-07-12T16:10:50.019199+00:00", "symbol": "ADA-USD"}, {"trade_id": 143237799, "side": "sell", "size": "3583.38522488", "price": "0.69860000", "time": "2025-07-12T16:09:43.539275Z", "fetched_at": "2025-07-12T16:10:50.019199+00:00", "symbol": "ADA-USD"}, {"trade_id": 143237798, "side": "sell", "size": "624.87789139", "price": "0.69860000", "time": "2025-07-12T16:09:43.539275Z", "fetched_at": "2025-07-12T16:10:50.019199+00:00", "symbol": "ADA-USD"}, {"trade_id": 143237797, "side": "sell", "size": "1463.90963000", "price": "0.69860000", "time": "2025-07-12T16:09:43.539275Z", "fetched_at": "2025-07-12T16:10:50.019199+00:00", "symbol": "ADA-USD"}, {"trade_id": 143237796, "side": "sell", "size": "627.64171649", "price": "0.69860000", "time": "2025-07-12T16:09:43.539275Z", "fetched_at": "2025-07-12T16:10:50.019199+00:00", "symbol": "ADA-USD"}, {"trade_id": 143237795, "side": "sell", "size": "500.00000000", "price": "0.69850000", "time": "2025-07-12T16:09:43.539275Z", "fetched_at": "2025-07-12T16:10:50.019199+00:00", "symbol": "ADA-USD"}, {"trade_id": 143237794, "side": "sell", "size": "1153.44918427", "price": "0.69850000", "time": "2025-07-12T16:09:43.539275Z", "fetched_at": "2025-07-12T16:10:50.019199+00:00", "symbol": "ADA-USD"}, {"trade_id": 143237793, "side": "sell", "size": "627.64171649", "price": "0.69850000", "time": "2025-07-12T16:09:43.539275Z", "fetched_at": "2025-07-12T16:10:50.019199+00:00", "symbol": "ADA-USD"}, {"trade_id": 143237792, "side": "sell", "size": "1648.59949000", "price": "0.69850000", "time": "2025-07-12T16:09:43.539275Z", "fetched_at": "2025-07-12T16:10:50.019199+00:00", "symbol": "ADA-USD"}, {"trade_id": 143237791, "side": "sell", "size": "1463.90963000", "price": "0.69850000", "time": "2025-07-12T16:09:43.539275Z", "fetched_at": "2025-07-12T16:10:50.019199+00:00", "symbol": "ADA-USD"}, {"trade_id": 143237790, "side": "sell", "size": "336.73940992", "price": "0.69850000", "time": "2025-07-12T16:09:43.539275Z", "fetched_at": "2025-07-12T16:10:50.019199+00:00", "symbol": "ADA-USD"}, {"trade_id": 143237789, "side": "sell", "size": "693.04875748", "price": "0.69850000", "time": "2025-07-12T16:09:43.539275Z", "fetched_at": "2025-07-12T16:10:50.019199+00:00", "symbol": "ADA-USD"}, {"trade_id": 143237788, "side": "sell", "size": "122.60654315", "price": "0.69850000", "time": "2025-07-12T16:09:43.539275Z", "fetched_at": "2025-07-12T16:10:50.019199+00:00", "symbol": "ADA-USD"}, {"trade_id": 143237787, "side": "sell", "size": "124.42617101", "price": "0.69840000", "time": "2025-07-12T16:09:43.539275Z", "fetched_at": "2025-07-12T16:10:50.019199+00:00", "symbol": "ADA-USD"}, {"trade_id": 143237786, "side": "sell", "size": "51.00306000", "price": "0.69840000", "time": "2025-07-12T16:09:43.539275Z", "fetched_at": "2025-07-12T16:10:50.019199+00:00", "symbol": "ADA-USD"}, {"trade_id": 143237785, "side": "sell", "size": "50.00000000", "price": "0.69840000", "time": "2025-07-12T16:09:43.539275Z", "fetched_at": "2025-07-12T16:10:50.019199+00:00", "symbol": "ADA-USD"}, {"trade_id": 143237784, "side": "sell", "size": "655.21084800", "price": "0.69840000", "time": "2025-07-12T16:09:43.539275Z", "fetched_at": "2025-07-12T16:10:50.019199+00:00", "symbol": "ADA-USD"}, {"trade_id": 143237783, "side": "sell", "size": "12.07198212", "price": "0.69840000", "time": "2025-07-12T16:09:43.539275Z", "fetched_at": "2025-07-12T16:10:50.019199+00:00", "symbol": "ADA-USD"}, {"trade_id": 143237782, "side": "buy", "size": "691.49484000", "price": "0.69810000", "time": "2025-07-12T16:09:42.892082Z", "fetched_at": "2025-07-12T16:10:50.019199+00:00", "symbol": "ADA-USD"}, {"trade_id": 143237781, "side": "buy", "size": "50.00000000", "price": "0.69820000", "time": "2025-07-12T16:09:42.892082Z", "fetched_at": "2025-07-12T16:10:50.019199+00:00", "symbol": "ADA-USD"}, {"trade_id": 143237780, "side": "buy", "size": "51.00306000", "price": "0.69820000", "time": "2025-07-12T16:09:42.892082Z", "fetched_at": "2025-07-12T16:10:50.019199+00:00", "symbol": "ADA-USD"}, {"trade_id": 143237779, "side": "buy", "size": "500.00000000", "price": "0.69820000", "time": "2025-07-12T16:09:42.892082Z", "fetched_at": "2025-07-12T16:10:50.019199+00:00", "symbol": "ADA-USD"}, {"trade_id": 143237778, "side": "sell", "size": "9.05406715", "price": "0.69830000", "time": "2025-07-12T16:09:42.891877Z", "fetched_at": "2025-07-12T16:10:50.019199+00:00", "symbol": "ADA-USD"}, {"trade_id": 143237777, "side": "sell", "size": "197.92688000", "price": "0.69820000", "time": "2025-07-12T16:09:42.763508Z", "fetched_at": "2025-07-12T16:10:50.019199+00:00", "symbol": "ADA-USD"}, {"trade_id": 143237776, "side": "buy", "size": "4.17184949", "price": "0.69840000", "time": "2025-07-12T16:09:42.755682Z", "fetched_at": "2025-07-12T16:10:50.019199+00:00", "symbol": "ADA-USD"}, {"trade_id": 143237775, "side": "buy", "size": "118.45158000", "price": "0.69840000", "time": "2025-07-12T16:09:42.755415Z", "fetched_at": "2025-07-12T16:10:50.019199+00:00", "symbol": "ADA-USD"}, {"trade_id": 143237774, "side": "sell", "size": "115.41024900", "price": "0.69850000", "time": "2025-07-12T16:09:42.681379Z", "fetched_at": "2025-07-12T16:10:50.019199+00:00", "symbol": "ADA-USD"}, {"trade_id": 143237773, "side": "sell", "size": "405.20046184", "price": "0.69840000", "time": "2025-07-12T16:09:42.573365Z", "fetched_at": "2025-07-12T16:10:50.019199+00:00", "symbol": "ADA-USD"}, {"trade_id": 143237772, "side": "sell", "size": "195.81416000", "price": "0.69840000", "time": "2025-07-12T16:09:42.573365Z", "fetched_at": "2025-07-12T16:10:50.019199+00:00", "symbol": "ADA-USD"}, {"trade_id": 143237771, "side": "sell", "size": "197.92688000", "price": "0.69840000", "time": "2025-07-12T16:09:42.573365Z", "fetched_at": "2025-07-12T16:10:50.019199+00:00", "symbol": "ADA-USD"}, {"trade_id": 143237770, "side": "sell", "size": "50.00000000", "price": "0.69830000", "time": "2025-07-12T16:09:42.483126Z", "fetched_at": "2025-07-12T16:10:50.019199+00:00", "symbol": "ADA-USD"}, {"trade_id": 143237769, "side": "sell", "size": "131.95126000", "price": "0.69830000", "time": "2025-07-12T16:09:42.483126Z", "fetched_at": "2025-07-12T16:10:50.019199+00:00", "symbol": "ADA-USD"}, {"trade_id": 143237768, "side": "sell", "size": "51.00306000", "price": "0.69830000", "time": "2025-07-12T16:09:42.483126Z", "fetched_at": "2025-07-12T16:10:50.019199+00:00", "symbol": "ADA-USD"}, {"trade_id": 143237767, "side": "sell", "size": "11.13491719", "price": "0.69830000", "time": "2025-07-12T16:09:42.483126Z", "fetched_at": "2025-07-12T16:10:50.019199+00:00", "symbol": "ADA-USD"}, {"trade_id": 143237766, "side": "sell", "size": "130.54278000", "price": "0.69830000", "time": "2025-07-12T16:09:42.483126Z", "fetched_at": "2025-07-12T16:10:50.019199+00:00", "symbol": "ADA-USD"}, {"trade_id": 143237765, "side": "buy", "size": "140.91083768", "price": "0.69790000", "time": "2025-07-12T16:09:42.419306Z", "fetched_at": "2025-07-12T16:10:50.019199+00:00", "symbol": "ADA-USD"}, {"trade_id": 143237764, "side": "buy", "size": "627.64171649", "price": "0.69790000", "time": "2025-07-12T16:09:42.419306Z", "fetched_at": "2025-07-12T16:10:50.019199+00:00", "symbol": "ADA-USD"}, {"trade_id": 143237763, "side": "buy", "size": "1.60000000", "price": "0.69790000", "time": "2025-07-12T16:09:42.419306Z", "fetched_at": "2025-07-12T16:10:50.019199+00:00", "symbol": "ADA-USD"}, {"trade_id": 143237762, "side": "buy", "size": "1954.33629920", "price": "0.69800000", "time": "2025-07-12T16:09:42.419306Z", "fetched_at": "2025-07-12T16:10:50.019199+00:00", "symbol": "ADA-USD"}, {"trade_id": 143237761, "side": "buy", "size": "1144.06798973", "price": "0.69800000", "time": "2025-07-12T16:09:42.419306Z", "fetched_at": "2025-07-12T16:10:50.019199+00:00", "symbol": "ADA-USD"}, {"trade_id": 143237760, "side": "buy", "size": "869.27111361", "price": "0.69800000", "time": "2025-07-12T16:09:42.419306Z", "fetched_at": "2025-07-12T16:10:50.019199+00:00", "symbol": "ADA-USD"}, {"trade_id": 143237759, "side": "buy", "size": "808.71734938", "price": "0.69800000", "time": "2025-07-12T16:09:42.419306Z", "fetched_at": "2025-07-12T16:10:50.019199+00:00", "symbol": "ADA-USD"}, {"trade_id": 143237758, "side": "buy", "size": "1464.43379000", "price": "0.69800000", "time": "2025-07-12T16:09:42.419306Z", "fetched_at": "2025-07-12T16:10:50.019199+00:00", "symbol": "ADA-USD"}, {"trade_id": 143237757, "side": "buy", "size": "500.00000000", "price": "0.69800000", "time": "2025-07-12T16:09:42.419306Z", "fetched_at": "2025-07-12T16:10:50.019199+00:00", "symbol": "ADA-USD"}, {"trade_id": 143237756, "side": "buy", "size": "627.64171649", "price": "0.69800000", "time": "2025-07-12T16:09:42.419306Z", "fetched_at": "2025-07-12T16:10:50.019199+00:00", "symbol": "ADA-USD"}, {"trade_id": 143237755, "side": "buy", "size": "1.60000000", "price": "0.69800000", "time": "2025-07-12T16:09:42.419306Z", "fetched_at": "2025-07-12T16:10:50.019199+00:00", "symbol": "ADA-USD"}, {"trade_id": 143237754, "side": "buy", "size": "800.00000000", "price": "0.69810000", "time": "2025-07-12T16:09:42.419306Z", "fetched_at": "2025-07-12T16:10:50.019199+00:00", "symbol": "ADA-USD"}, {"trade_id": 143237753, "side": "buy", "size": "1463.59539000", "price": "0.69810000", "time": "2025-07-12T16:09:42.419306Z", "fetched_at": "2025-07-12T16:10:50.019199+00:00", "symbol": "ADA-USD"}, {"trade_id": 143237752, "side": "buy", "size": "500.00000000", "price": "0.69810000", "time": "2025-07-12T16:09:42.419306Z", "fetched_at": "2025-07-12T16:10:50.019199+00:00", "symbol": "ADA-USD"}, {"trade_id": 143237751, "side": "buy", "size": "288.78781315", "price": "0.69810000", "time": "2025-07-12T16:09:42.419306Z", "fetched_at": "2025-07-12T16:10:50.019199+00:00", "symbol": "ADA-USD"}, {"trade_id": 143237750, "side": "buy", "size": "497.26309575", "price": "0.69810000", "time": "2025-07-12T16:09:42.419306Z", "fetched_at": "2025-07-12T16:10:50.019199+00:00", "symbol": "ADA-USD"}, {"trade_id": 143237749, "side": "buy", "size": "627.64171649", "price": "0.69810000", "time": "2025-07-12T16:09:42.419306Z", "fetched_at": "2025-07-12T16:10:50.019199+00:00", "symbol": "ADA-USD"}, {"trade_id": 143237748, "side": "buy", "size": "1.60000000", "price": "0.69810000", "time": "2025-07-12T16:09:42.419306Z", "fetched_at": "2025-07-12T16:10:50.019199+00:00", "symbol": "ADA-USD"}, {"trade_id": 143237747, "side": "buy", "size": "1463.90963000", "price": "0.69820000", "time": "2025-07-12T16:09:42.419306Z", "fetched_at": "2025-07-12T16:10:50.019199+00:00", "symbol": "ADA-USD"}, {"trade_id": 143237746, "side": "buy", "size": "817.26797048", "price": "0.69820000", "time": "2025-07-12T16:09:42.419306Z", "fetched_at": "2025-07-12T16:10:50.019199+00:00", "symbol": "ADA-USD"}, {"trade_id": 143237745, "side": "buy", "size": "808.21430938", "price": "0.69820000", "time": "2025-07-12T16:09:42.419306Z", "fetched_at": "2025-07-12T16:10:50.019199+00:00", "symbol": "ADA-USD"}, {"trade_id": 143237744, "side": "buy", "size": "500.00000000", "price": "0.69820000", "time": "2025-07-12T16:09:42.419306Z", "fetched_at": "2025-07-12T16:10:50.019199+00:00", "symbol": "ADA-USD"}, {"trade_id": 143237743, "side": "buy", "size": "627.64171649", "price": "0.69820000", "time": "2025-07-12T16:09:42.419306Z", "fetched_at": "2025-07-12T16:10:50.019199+00:00", "symbol": "ADA-USD"}, {"trade_id": 143237742, "side": "buy", "size": "1.60000000", "price": "0.69820000", "time": "2025-07-12T16:09:42.419306Z", "fetched_at": "2025-07-12T16:10:50.019199+00:00", "symbol": "ADA-USD"}, {"trade_id": 143237741, "side": "buy", "size": "715.99259970", "price": "0.69830000", "time": "2025-07-12T16:09:42.419306Z", "fetched_at": "2025-07-12T16:10:50.019199+00:00", "symbol": "ADA-USD"}, {"trade_id": 143237740, "side": "buy", "size": "1.60000000", "price": "0.69830000", "time": "2025-07-12T16:09:42.419306Z", "fetched_at": "2025-07-12T16:10:50.019199+00:00", "symbol": "ADA-USD"}, {"trade_id": 143237739, "side": "buy", "size": "627.64171649", "price": "0.69830000", "time": "2025-07-12T16:09:42.419306Z", "fetched_at": "2025-07-12T16:10:50.019199+00:00", "symbol": "ADA-USD"}, {"trade_id": 143237738, "side": "buy", "size": "122.62342949", "price": "0.69840000", "time": "2025-07-12T16:09:42.419306Z", "fetched_at": "2025-07-12T16:10:50.019199+00:00", "symbol": "ADA-USD"}, {"trade_id": 143237737, "side": "buy", "size": "1.60000000", "price": "0.69840000", "time": "2025-07-12T16:09:42.419306Z", "fetched_at": "2025-07-12T16:10:50.019199+00:00", "symbol": "ADA-USD"}, {"trade_id": 143237736, "side": "buy", "size": "5309.20000000", "price": "0.69840000", "time": "2025-07-12T16:09:42.419306Z", "fetched_at": "2025-07-12T16:10:50.019199+00:00", "symbol": "ADA-USD"}, {"trade_id": 143237735, "side": "sell", "size": "5.23148300", "price": "0.69860000", "time": "2025-07-12T16:09:41.652496Z", "fetched_at": "2025-07-12T16:10:50.019199+00:00", "symbol": "ADA-USD"}, {"trade_id": 143237734, "side": "sell", "size": "130.54278000", "price": "0.69850000", "time": "2025-07-12T16:09:41.652496Z", "fetched_at": "2025-07-12T16:10:50.019199+00:00", "symbol": "ADA-USD"}, {"trade_id": 143237733, "side": "sell", "size": "130.54278000", "price": "0.69850000", "time": "2025-07-12T16:09:41.506871Z", "fetched_at": "2025-07-12T16:10:50.019199+00:00", "symbol": "ADA-USD"}, {"trade_id": 143237732, "side": "buy", "size": "122.58832401", "price": "0.69860000", "time": "2025-07-12T16:09:41.499808Z", "fetched_at": "2025-07-12T16:10:50.019199+00:00", "symbol": "ADA-USD"}, {"trade_id": 143237731, "side": "sell", "size": "12.05969100", "price": "0.69870000", "time": "2025-07-12T16:09:41.206418Z", "fetched_at": "2025-07-12T16:10:50.019199+00:00", "symbol": "ADA-USD"}, {"trade_id": 143237730, "side": "sell", "size": "131.95126000", "price": "0.69870000", "time": "2025-07-12T16:09:40.757091Z", "fetched_at": "2025-07-12T16:10:50.019199+00:00", "symbol": "ADA-USD"}, {"trade_id": 143237729, "side": "sell", "size": "130.54278000", "price": "0.69870000", "time": "2025-07-12T16:09:40.746087Z", "fetched_at": "2025-07-12T16:10:50.019199+00:00", "symbol": "ADA-USD"}, {"trade_id": 143237728, "side": "sell", "size": "9.96564816", "price": "0.69870000", "time": "2025-07-12T16:09:39.861917Z", "fetched_at": "2025-07-12T16:10:50.019199+00:00", "symbol": "ADA-USD"}, {"trade_id": 143237727, "side": "sell", "size": "134.43697658", "price": "0.69860000", "time": "2025-07-12T16:09:39.747295Z", "fetched_at": "2025-07-12T16:10:50.019199+00:00", "symbol": "ADA-USD"}, {"trade_id": 143237726, "side": "sell", "size": "59.21251777", "price": "0.69860000", "time": "2025-07-12T16:09:39.747295Z", "fetched_at": "2025-07-12T16:10:50.019199+00:00", "symbol": "ADA-USD"}, {"trade_id": 143237725, "side": "sell", "size": "19.66705015", "price": "0.69860000", "time": "2025-07-12T16:09:39.747295Z", "fetched_at": "2025-07-12T16:10:50.019199+00:00", "symbol": "ADA-USD"}, {"trade_id": 143237724, "side": "sell", "size": "616.25533017", "price": "0.69860000", "time": "2025-07-12T16:09:38.900446Z", "fetched_at": "2025-07-12T16:10:50.019199+00:00", "symbol": "ADA-USD"}, {"trade_id": 143237723, "side": "buy", "size": "69.93006000", "price": "0.69850000", "time": "2025-07-12T16:09:38.895474Z", "fetched_at": "2025-07-12T16:10:50.019199+00:00", "symbol": "ADA-USD"}, {"trade_id": 143237722, "side": "sell", "size": "70.34637131", "price": "0.69850000", "time": "2025-07-12T16:09:38.718253Z", "fetched_at": "2025-07-12T16:10:50.019199+00:00", "symbol": "ADA-USD"}, {"trade_id": 143237721, "side": "sell", "size": "70.34637131", "price": "0.69850000", "time": "2025-07-12T16:09:38.707141Z", "fetched_at": "2025-07-12T16:10:50.019199+00:00", "symbol": "ADA-USD"}, {"trade_id": 143237720, "side": "sell", "size": "122.63159390", "price": "0.69840000", "time": "2025-07-12T16:09:38.241350Z", "fetched_at": "2025-07-12T16:10:50.019199+00:00", "symbol": "ADA-USD"}, {"trade_id": 143237719, "side": "sell", "size": "122.63159390", "price": "0.69840000", "time": "2025-07-12T16:09:38.228540Z", "fetched_at": "2025-07-12T16:10:50.019199+00:00", "symbol": "ADA-USD"}, {"trade_id": 143237718, "side": "sell", "size": "11.44121342", "price": "0.69830000", "time": "2025-07-12T16:09:37.762761Z", "fetched_at": "2025-07-12T16:10:50.019199+00:00", "symbol": "ADA-USD"}, {"trade_id": 143237717, "side": "sell", "size": "130.54278000", "price": "0.69830000", "time": "2025-07-12T16:09:37.762761Z", "fetched_at": "2025-07-12T16:10:50.019199+00:00", "symbol": "ADA-USD"}, {"trade_id": 143237716, "side": "buy", "size": "0.00000949", "price": "0.69840000", "time": "2025-07-12T16:09:37.468640Z", "fetched_at": "2025-07-12T16:10:50.019199+00:00", "symbol": "ADA-USD"}, {"trade_id": 143237715, "side": "buy", "size": "122.62342000", "price": "0.69840000", "time": "2025-07-12T16:09:37.468548Z", "fetched_at": "2025-07-12T16:10:50.019199+00:00", "symbol": "ADA-USD"}, {"trade_id": 143237714, "side": "buy", "size": "122.58832401", "price": "0.69860000", "time": "2025-07-12T16:09:37.090351Z", "fetched_at": "2025-07-12T16:10:50.019199+00:00", "symbol": "ADA-USD"}, {"trade_id": 143237713, "side": "buy", "size": "3.80616111", "price": "0.69860000", "time": "2025-07-12T16:09:37.090351Z", "fetched_at": "2025-07-12T16:10:50.019199+00:00", "symbol": "ADA-USD"}, {"trade_id": 143237712, "side": "buy", "size": "519.46803200", "price": "0.69860000", "time": "2025-07-12T16:09:37.090351Z", "fetched_at": "2025-07-12T16:10:50.019199+00:00", "symbol": "ADA-USD"}, {"trade_id": 143237711, "side": "buy", "size": "8.65294451", "price": "0.69860000", "time": "2025-07-12T16:09:37.090351Z", "fetched_at": "2025-07-12T16:10:50.019199+00:00", "symbol": "ADA-USD"}, {"trade_id": 143237710, "side": "sell", "size": "122.63172888", "price": "0.69870000", "time": "2025-07-12T16:09:36.931777Z", "fetched_at": "2025-07-12T16:10:50.019199+00:00", "symbol": "ADA-USD"}, {"trade_id": 143237709, "side": "sell", "size": "15.22434204", "price": "0.69870000", "time": "2025-07-12T16:09:36.835713Z", "fetched_at": "2025-07-12T16:10:50.019199+00:00", "symbol": "ADA-USD"}, {"trade_id": 143237708, "side": "sell", "size": "122.63172888", "price": "0.69850000", "time": "2025-07-12T16:09:36.831644Z", "fetched_at": "2025-07-12T16:10:50.019199+00:00", "symbol": "ADA-USD"}, {"trade_id": 143237707, "side": "sell", "size": "85.96855467", "price": "0.69870000", "time": "2025-07-12T16:09:36.824169Z", "fetched_at": "2025-07-12T16:10:50.019199+00:00", "symbol": "ADA-USD"}, {"trade_id": 143237706, "side": "sell", "size": "793.59160218", "price": "0.69870000", "time": "2025-07-12T16:09:36.824169Z", "fetched_at": "2025-07-12T16:10:50.019199+00:00", "symbol": "ADA-USD"}, {"trade_id": 143237705, "side": "sell", "size": "220.45775315", "price": "0.69870000", "time": "2025-07-12T16:09:36.824169Z", "fetched_at": "2025-07-12T16:10:50.019199+00:00", "symbol": "ADA-USD"}, {"trade_id": 143237704, "side": "sell", "size": "68.33006000", "price": "0.69870000", "time": "2025-07-12T16:09:36.822162Z", "fetched_at": "2025-07-12T16:10:50.019199+00:00", "symbol": "ADA-USD"}, {"trade_id": 143237703, "side": "sell", "size": "1.60000000", "price": "0.69870000", "time": "2025-07-12T16:09:36.822162Z", "fetched_at": "2025-07-12T16:10:50.019199+00:00", "symbol": "ADA-USD"}, {"trade_id": 143237702, "side": "sell", "size": "3113.77415045", "price": "0.69860000", "time": "2025-07-12T16:09:36.821387Z", "fetched_at": "2025-07-12T16:10:50.019199+00:00", "symbol": "ADA-USD"}, {"trade_id": 143237701, "side": "sell", "size": "822.57359815", "price": "0.69860000", "time": "2025-07-12T16:09:36.821387Z", "fetched_at": "2025-07-12T16:10:50.019199+00:00", "symbol": "ADA-USD"}, {"trade_id": 143237700, "side": "sell", "size": "715.75933246", "price": "0.69860000", "time": "2025-07-12T16:09:36.821387Z", "fetched_at": "2025-07-12T16:10:50.019199+00:00", "symbol": "ADA-USD"}, {"trade_id": 143237699, "side": "sell", "size": "1.60000000", "price": "0.69860000", "time": "2025-07-12T16:09:36.821387Z", "fetched_at": "2025-07-12T16:10:50.019199+00:00", "symbol": "ADA-USD"}, {"trade_id": 143237698, "side": "sell", "size": "527.68948746", "price": "0.69860000", "time": "2025-07-12T16:09:36.820979Z", "fetched_at": "2025-07-12T16:10:50.019199+00:00", "symbol": "ADA-USD"}, {"trade_id": 143237697, "side": "sell", "size": "627.64171649", "price": "0.69860000", "time": "2025-07-12T16:09:36.820979Z", "fetched_at": "2025-07-12T16:10:50.019199+00:00", "symbol": "ADA-USD"}, {"trade_id": 143237696, "side": "sell", "size": "122.63172888", "price": "0.69850000", "time": "2025-07-12T16:09:36.820979Z", "fetched_at": "2025-07-12T16:10:50.019199+00:00", "symbol": "ADA-USD"}, {"trade_id": 143237695, "side": "sell", "size": "1232.32073314", "price": "0.69850000", "time": "2025-07-12T16:09:36.820979Z", "fetched_at": "2025-07-12T16:10:50.019199+00:00", "symbol": "ADA-USD"}, {"trade_id": 143237694, "side": "sell", "size": "231.90326686", "price": "0.69850000", "time": "2025-07-12T16:09:36.820666Z", "fetched_at": "2025-07-12T16:10:50.019199+00:00", "symbol": "ADA-USD"}, {"trade_id": 143237693, "side": "sell", "size": "1646.99432000", "price": "0.69850000", "time": "2025-07-12T16:09:36.820666Z", "fetched_at": "2025-07-12T16:10:50.019199+00:00", "symbol": "ADA-USD"}, {"trade_id": 143237692, "side": "sell", "size": "658.22961527", "price": "0.69850000", "time": "2025-07-12T16:09:36.820666Z", "fetched_at": "2025-07-12T16:10:50.019199+00:00", "symbol": "ADA-USD"}, {"trade_id": 143237691, "side": "sell", "size": "1.60000000", "price": "0.69850000", "time": "2025-07-12T16:09:36.820666Z", "fetched_at": "2025-07-12T16:10:50.019199+00:00", "symbol": "ADA-USD"}, {"trade_id": 143237690, "side": "sell", "size": "578.19454596", "price": "0.69850000", "time": "2025-07-12T16:09:36.820666Z", "fetched_at": "2025-07-12T16:10:50.019199+00:00", "symbol": "ADA-USD"}, {"trade_id": 143237689, "side": "sell", "size": "26.81422309", "price": "0.69850000", "time": "2025-07-12T16:09:36.820666Z", "fetched_at": "2025-07-12T16:10:50.019199+00:00", "symbol": "ADA-USD"}, {"trade_id": 143237688, "side": "sell", "size": "131.95126000", "price": "0.69840000", "time": "2025-07-12T16:09:36.820656Z", "fetched_at": "2025-07-12T16:10:50.019199+00:00", "symbol": "ADA-USD"}, {"trade_id": 143237687, "side": "sell", "size": "146.28984844", "price": "0.69840000", "time": "2025-07-12T16:09:36.820656Z", "fetched_at": "2025-07-12T16:10:50.019199+00:00", "symbol": "ADA-USD"}, {"trade_id": 143237686, "side": "buy", "size": "39.51588000", "price": "0.69820000", "time": "2025-07-12T16:09:32.083170Z", "fetched_at": "2025-07-12T16:10:50.019199+00:00", "symbol": "ADA-USD"}, {"trade_id": 143237685, "side": "buy", "size": "1.60000000", "price": "0.69820000", "time": "2025-07-12T16:09:32.083170Z", "fetched_at": "2025-07-12T16:10:50.019199+00:00", "symbol": "ADA-USD"}, {"trade_id": 143237684, "side": "buy", "size": "122.62342949", "price": "0.69840000", "time": "2025-07-12T16:09:30.248043Z", "fetched_at": "2025-07-12T16:10:50.019199+00:00", "symbol": "ADA-USD"}, {"trade_id": 143237683, "side": "buy", "size": "122.60587424", "price": "0.69850000", "time": "2025-07-12T16:09:30.042173Z", "fetched_at": "2025-07-12T16:10:50.019199+00:00", "symbol": "ADA-USD"}, {"trade_id": 143237682, "side": "sell", "size": "104.85546908", "price": "0.69860000", "time": "2025-07-12T16:09:27.424734Z", "fetched_at": "2025-07-12T16:10:50.019199+00:00", "symbol": "ADA-USD"}, {"trade_id": 143237681, "side": "sell", "size": "141.78038126", "price": "0.69860000", "time": "2025-07-12T16:09:27.410056Z", "fetched_at": "2025-07-12T16:10:50.019199+00:00", "symbol": "ADA-USD"}, {"trade_id": 143237680, "side": "sell", "size": "106.08485385", "price": "0.69860000", "time": "2025-07-12T16:09:27.391489Z", "fetched_at": "2025-07-12T16:10:50.019199+00:00", "symbol": "ADA-USD"}, {"trade_id": 143237679, "side": "sell", "size": "800.74300508", "price": "0.69860000", "time": "2025-07-12T16:09:27.375905Z", "fetched_at": "2025-07-12T16:10:50.019199+00:00", "symbol": "ADA-USD"}, {"trade_id": 143237678, "side": "sell", "size": "1.60000000", "price": "0.69860000", "time": "2025-07-12T16:09:27.375905Z", "fetched_at": "2025-07-12T16:10:50.019199+00:00", "symbol": "ADA-USD"}, {"trade_id": 143237677, "side": "sell", "size": "34.34282335", "price": "0.69850000", "time": "2025-07-12T16:09:27.244236Z", "fetched_at": "2025-07-12T16:10:50.019199+00:00", "symbol": "ADA-USD"}, {"trade_id": 143237676, "side": "sell", "size": "13.58573300", "price": "0.69850000", "time": "2025-07-12T16:09:25.908258Z", "fetched_at": "2025-07-12T16:10:50.019199+00:00", "symbol": "ADA-USD"}, {"trade_id": 143237675, "side": "sell", "size": "55.64409400", "price": "0.69850000", "time": "2025-07-12T16:09:25.167885Z", "fetched_at": "2025-07-12T16:10:50.019199+00:00", "symbol": "ADA-USD"}, {"trade_id": 143237674, "side": "buy", "size": "122.62342000", "price": "0.69840000", "time": "2025-07-12T16:09:21.417880Z", "fetched_at": "2025-07-12T16:10:50.019199+00:00", "symbol": "ADA-USD"}, {"trade_id": 143237673, "side": "sell", "size": "5.26104552", "price": "0.69850000", "time": "2025-07-12T16:09:20.445001Z", "fetched_at": "2025-07-12T16:10:50.019199+00:00", "symbol": "ADA-USD"}, {"trade_id": 143237672, "side": "sell", "size": "94.73895448", "price": "0.69850000", "time": "2025-07-12T16:09:20.445001Z", "fetched_at": "2025-07-12T16:10:50.019199+00:00", "symbol": "ADA-USD"}, {"trade_id": 143237671, "side": "sell", "size": "106.91938265", "price": "0.69850000", "time": "2025-07-12T16:09:19.075720Z", "fetched_at": "2025-07-12T16:10:50.019199+00:00", "symbol": "ADA-USD"}, {"trade_id": 143237670, "side": "sell", "size": "9260.28271231", "price": "0.69850000", "time": "2025-07-12T16:09:19.071918Z", "fetched_at": "2025-07-12T16:10:50.019199+00:00", "symbol": "ADA-USD"}, {"trade_id": 143237669, "side": "sell", "size": "111.06002652", "price": "0.69850000", "time": "2025-07-12T16:09:18.014952Z", "fetched_at": "2025-07-12T16:10:50.019199+00:00", "symbol": "ADA-USD"}, {"trade_id": 143237668, "side": "sell", "size": "879.26381682", "price": "0.69850000", "time": "2025-07-12T16:09:17.999836Z", "fetched_at": "2025-07-12T16:10:50.019199+00:00", "symbol": "ADA-USD"}, {"trade_id": 143237667, "side": "sell", "size": "6.73614100", "price": "0.69850000", "time": "2025-07-12T16:09:17.264318Z", "fetched_at": "2025-07-12T16:10:50.019199+00:00", "symbol": "ADA-USD"}, {"trade_id": 143237666, "side": "sell", "size": "101.92962100", "price": "0.69850000", "time": "2025-07-12T16:09:17.027121Z", "fetched_at": "2025-07-12T16:10:50.019199+00:00", "symbol": "ADA-USD"}, {"trade_id": 143237665, "side": "sell", "size": "1.60000000", "price": "0.69850000", "time": "2025-07-12T16:09:17.027121Z", "fetched_at": "2025-07-12T16:10:50.019199+00:00", "symbol": "ADA-USD"}, {"trade_id": 143237664, "side": "sell", "size": "96.02492600", "price": "0.69840000", "time": "2025-07-12T16:09:15.153901Z", "fetched_at": "2025-07-12T16:10:50.019199+00:00", "symbol": "ADA-USD"}, {"trade_id": 143237663, "side": "sell", "size": "9.09038283", "price": "0.69840000", "time": "2025-07-12T16:09:15.153901Z", "fetched_at": "2025-07-12T16:10:50.019199+00:00", "symbol": "ADA-USD"}, {"trade_id": 143237662, "side": "sell", "size": "108.81156149", "price": "0.69840000", "time": "2025-07-12T16:09:15.153901Z", "fetched_at": "2025-07-12T16:10:50.019199+00:00", "symbol": "ADA-USD"}, {"trade_id": 143237661, "side": "sell", "size": "1.60000000", "price": "0.69840000", "time": "2025-07-12T16:09:15.153901Z", "fetched_at": "2025-07-12T16:10:50.019199+00:00", "symbol": "ADA-USD"}, {"trade_id": 143237660, "side": "sell", "size": "698.77377342", "price": "0.69840000", "time": "2025-07-12T16:09:15.153901Z", "fetched_at": "2025-07-12T16:10:50.019199+00:00", "symbol": "ADA-USD"}, {"trade_id": 143237659, "side": "sell", "size": "13.82681600", "price": "0.69840000", "time": "2025-07-12T16:09:14.853088Z", "fetched_at": "2025-07-12T16:10:50.019199+00:00", "symbol": "ADA-USD"}, {"trade_id": 143237658, "side": "sell", "size": "28.52061900", "price": "0.69840000", "time": "2025-07-12T16:09:13.821447Z", "fetched_at": "2025-07-12T16:10:50.019199+00:00", "symbol": "ADA-USD"}, {"trade_id": 143237657, "side": "buy", "size": "0.00018530", "price": "0.69830000", "time": "2025-07-12T16:09:09.547454Z", "fetched_at": "2025-07-12T16:10:50.019199+00:00", "symbol": "ADA-USD"}, {"trade_id": 143237656, "side": "buy", "size": "122.64080447", "price": "0.69830000", "time": "2025-07-12T16:09:09.546591Z", "fetched_at": "2025-07-12T16:10:50.019199+00:00", "symbol": "ADA-USD"}, {"trade_id": 143237655, "side": "buy", "size": "3.73039553", "price": "0.69830000", "time": "2025-07-12T16:09:09.546591Z", "fetched_at": "2025-07-12T16:10:50.019199+00:00", "symbol": "ADA-USD"}, {"trade_id": 143237654, "side": "sell", "size": "9.12805102", "price": "0.69830000", "time": "2025-07-12T16:09:07.832737Z", "fetched_at": "2025-07-12T16:10:50.019199+00:00", "symbol": "ADA-USD"}, {"trade_id": 143237653, "side": "sell", "size": "9.12805102", "price": "0.69830000", "time": "2025-07-12T16:09:07.821375Z", "fetched_at": "2025-07-12T16:10:50.019199+00:00", "symbol": "ADA-USD"}, {"trade_id": 143237652, "side": "sell", "size": "123.85836853", "price": "0.69830000", "time": "2025-07-12T16:09:07.821375Z", "fetched_at": "2025-07-12T16:10:50.019199+00:00", "symbol": "ADA-USD"}, {"trade_id": 143237651, "side": "sell", "size": "87.46257531", "price": "0.69830000", "time": "2025-07-12T16:09:07.064776Z", "fetched_at": "2025-07-12T16:10:50.019199+00:00", "symbol": "ADA-USD"}, {"trade_id": 143237650, "side": "sell", "size": "111.22023495", "price": "0.69830000", "time": "2025-07-12T16:09:07.064776Z", "fetched_at": "2025-07-12T16:10:50.019199+00:00", "symbol": "ADA-USD"}, {"trade_id": 143237649, "side": "sell", "size": "1.60000000", "price": "0.69830000", "time": "2025-07-12T16:09:07.064776Z", "fetched_at": "2025-07-12T16:10:50.019199+00:00", "symbol": "ADA-USD"}, {"trade_id": 143237648, "side": "sell", "size": "122.68466867", "price": "0.69820000", "time": "2025-07-12T16:09:06.585353Z", "fetched_at": "2025-07-12T16:10:50.019199+00:00", "symbol": "ADA-USD"}, {"trade_id": 143237647, "side": "sell", "size": "122.68418699", "price": "0.69820000", "time": "2025-07-12T16:09:06.532353Z", "fetched_at": "2025-07-12T16:10:50.019199+00:00", "symbol": "ADA-USD"}, {"trade_id": 143237646, "side": "sell", "size": "122.68418699", "price": "0.69820000", "time": "2025-07-12T16:09:06.520738Z", "fetched_at": "2025-07-12T16:10:50.019199+00:00", "symbol": "ADA-USD"}, {"trade_id": 143237645, "side": "sell", "size": "138.28923355", "price": "0.69810000", "time": "2025-07-12T16:09:06.400465Z", "fetched_at": "2025-07-12T16:10:50.019199+00:00", "symbol": "ADA-USD"}, {"trade_id": 143237644, "side": "buy", "size": "32.48498462", "price": "0.69810000", "time": "2025-07-12T16:09:03.077308Z", "fetched_at": "2025-07-12T16:10:50.019199+00:00", "symbol": "ADA-USD"}, {"trade_id": 143237643, "side": "buy", "size": "1.60000000", "price": "0.69810000", "time": "2025-07-12T16:09:03.077308Z", "fetched_at": "2025-07-12T16:10:50.019199+00:00", "symbol": "ADA-USD"}, {"trade_id": 143237642, "side": "buy", "size": "52.78551304", "price": "0.69830000", "time": "2025-07-12T16:09:00.738079Z", "fetched_at": "2025-07-12T16:10:50.019199+00:00", "symbol": "ADA-USD"}, {"trade_id": 143237641, "side": "buy", "size": "52.78551000", "price": "0.69830000", "time": "2025-07-12T16:09:00.325395Z", "fetched_at": "2025-07-12T16:10:50.019199+00:00", "symbol": "ADA-USD"}, {"trade_id": 143237640, "side": "buy", "size": "64.31214000", "price": "0.69830000", "time": "2025-07-12T16:09:00.259440Z", "fetched_at": "2025-07-12T16:10:50.019199+00:00", "symbol": "ADA-USD"}, {"trade_id": 143237639, "side": "sell", "size": "122.66698961", "price": "0.69830000", "time": "2025-07-12T16:08:58.177941Z", "fetched_at": "2025-07-12T16:10:50.019199+00:00", "symbol": "ADA-USD"}, {"trade_id": 143237638, "side": "sell", "size": "112.33392707", "price": "0.69830000", "time": "2025-07-12T16:08:57.711328Z", "fetched_at": "2025-07-12T16:10:50.019199+00:00", "symbol": "ADA-USD"}, {"trade_id": 143237637, "side": "sell", "size": "122.66802945", "price": "0.69830000", "time": "2025-07-12T16:08:57.711328Z", "fetched_at": "2025-07-12T16:10:50.019199+00:00", "symbol": "ADA-USD"}, {"trade_id": 143237636, "side": "sell", "size": "33.97893400", "price": "0.69830000", "time": "2025-07-12T16:08:56.939097Z", "fetched_at": "2025-07-12T16:10:50.019199+00:00", "symbol": "ADA-USD"}, {"trade_id": 143237635, "side": "sell", "size": "122.66802945", "price": "0.69820000", "time": "2025-07-12T16:08:56.883534Z", "fetched_at": "2025-07-12T16:10:50.019199+00:00", "symbol": "ADA-USD"}, {"trade_id": 143237634, "side": "sell", "size": "0.35986757", "price": "0.69820000", "time": "2025-07-12T16:08:56.883534Z", "fetched_at": "2025-07-12T16:10:50.019199+00:00", "symbol": "ADA-USD"}, {"trade_id": 143237633, "side": "buy", "size": "11.65856330", "price": "0.69820000", "time": "2025-07-12T16:08:55.056775Z", "fetched_at": "2025-07-12T16:10:50.019199+00:00", "symbol": "ADA-USD"}, {"trade_id": 143237632, "side": "buy", "size": "11.65689374", "price": "0.69830000", "time": "2025-07-12T16:08:54.952111Z", "fetched_at": "2025-07-12T16:10:50.019199+00:00", "symbol": "ADA-USD"}, {"trade_id": 143237631, "side": "sell", "size": "1615.86431162", "price": "0.69840000", "time": "2025-07-12T16:08:54.858628Z", "fetched_at": "2025-07-12T16:10:50.019199+00:00", "symbol": "ADA-USD"}, {"trade_id": 143237630, "side": "sell", "size": "627.64171649", "price": "0.69840000", "time": "2025-07-12T16:08:54.858628Z", "fetched_at": "2025-07-12T16:10:50.019199+00:00", "symbol": "ADA-USD"}, {"trade_id": 143237629, "side": "sell", "size": "1.60000000", "price": "0.69840000", "time": "2025-07-12T16:08:54.858628Z", "fetched_at": "2025-07-12T16:10:50.019199+00:00", "symbol": "ADA-USD"}, {"trade_id": 143237628, "side": "sell", "size": "50.00000000", "price": "0.69830000", "time": "2025-07-12T16:08:54.858628Z", "fetched_at": "2025-07-12T16:10:50.019199+00:00", "symbol": "ADA-USD"}, {"trade_id": 143237627, "side": "sell", "size": "568.99247189", "price": "0.69830000", "time": "2025-07-12T16:08:54.858628Z", "fetched_at": "2025-07-12T16:10:50.019199+00:00", "symbol": "ADA-USD"}, {"trade_id": 143237626, "side": "buy", "size": "36.28651770", "price": "0.69820000", "time": "2025-07-12T16:08:54.316458Z", "fetched_at": "2025-07-12T16:10:50.019199+00:00", "symbol": "ADA-USD"}, {"trade_id": 143237625, "side": "buy", "size": "11.21668830", "price": "0.69820000", "time": "2025-07-12T16:08:54.316458Z", "fetched_at": "2025-07-12T16:10:50.019199+00:00", "symbol": "ADA-USD"}, {"trade_id": 143237624, "side": "buy", "size": "61.34288231", "price": "0.69810000", "time": "2025-07-12T16:08:53.559731Z", "fetched_at": "2025-07-12T16:10:50.019199+00:00", "symbol": "ADA-USD"}, {"trade_id": 143237623, "side": "buy", "size": "11.49462569", "price": "0.69820000", "time": "2025-07-12T16:08:53.559731Z", "fetched_at": "2025-07-12T16:10:50.019199+00:00", "symbol": "ADA-USD"}, {"trade_id": 143237622, "side": "buy", "size": "500.00000000", "price": "0.69820000", "time": "2025-07-12T16:08:53.559731Z", "fetched_at": "2025-07-12T16:10:50.019199+00:00", "symbol": "ADA-USD"}, {"trade_id": 143237621, "side": "buy", "size": "511.10864995", "price": "0.69820000", "time": "2025-07-12T16:08:50.394668Z", "fetched_at": "2025-07-12T16:10:50.019199+00:00", "symbol": "ADA-USD"}, {"trade_id": 143237620, "side": "buy", "size": "5.92360815", "price": "0.69820000", "time": "2025-07-12T16:08:50.394668Z", "fetched_at": "2025-07-12T16:10:50.019199+00:00", "symbol": "ADA-USD"}, {"trade_id": 143237619, "side": "buy", "size": "13.69076990", "price": "0.69830000", "time": "2025-07-12T16:08:50.394668Z", "fetched_at": "2025-07-12T16:10:50.019199+00:00", "symbol": "ADA-USD"}, {"trade_id": 143237618, "side": "sell", "size": "781.23656321", "price": "0.69830000", "time": "2025-07-12T16:08:49.976905Z", "fetched_at": "2025-07-12T16:10:50.019199+00:00", "symbol": "ADA-USD"}, {"trade_id": 143237617, "side": "sell", "size": "1.60000000", "price": "0.69830000", "time": "2025-07-12T16:08:49.976905Z", "fetched_at": "2025-07-12T16:10:50.019199+00:00", "symbol": "ADA-USD"}, {"trade_id": 143237616, "side": "sell", "size": "122.68670553", "price": "0.69820000", "time": "2025-07-12T16:08:49.129706Z", "fetched_at": "2025-07-12T16:10:50.019199+00:00", "symbol": "ADA-USD"}, {"trade_id": 143237615, "side": "sell", "size": "96.84397223", "price": "0.69820000", "time": "2025-07-12T16:08:49.129706Z", "fetched_at": "2025-07-12T16:10:50.019199+00:00", "symbol": "ADA-USD"}, {"trade_id": 143237614, "side": "sell", "size": "1.60000000", "price": "0.69820000", "time": "2025-07-12T16:08:49.129706Z", "fetched_at": "2025-07-12T16:10:50.019199+00:00", "symbol": "ADA-USD"}, {"trade_id": 143237613, "side": "buy", "size": "0.69294175", "price": "0.69810000", "time": "2025-07-12T16:08:48.095232Z", "fetched_at": "2025-07-12T16:10:50.019199+00:00", "symbol": "ADA-USD"}, {"trade_id": 143237612, "side": "buy", "size": "8.85092427", "price": "0.69810000", "time": "2025-07-12T16:08:48.095232Z", "fetched_at": "2025-07-12T16:10:50.019199+00:00", "symbol": "ADA-USD"}, {"trade_id": 143237611, "side": "buy", "size": "4.93226998", "price": "0.69810000", "time": "2025-07-12T16:08:48.095232Z", "fetched_at": "2025-07-12T16:10:50.019199+00:00", "symbol": "ADA-USD"}, {"trade_id": 143237610, "side": "sell", "size": "1.60000000", "price": "0.69810000", "time": "2025-07-12T16:08:47.390810Z", "fetched_at": "2025-07-12T16:10:50.019199+00:00", "symbol": "ADA-USD"}, {"trade_id": 143237609, "side": "sell", "size": "1328.77973934", "price": "0.69810000", "time": "2025-07-12T16:08:47.390810Z", "fetched_at": "2025-07-12T16:10:50.019199+00:00", "symbol": "ADA-USD"}, {"trade_id": 143237608, "side": "sell", "size": "2.31189100", "price": "0.69810000", "time": "2025-07-12T16:08:47.202803Z", "fetched_at": "2025-07-12T16:10:50.019199+00:00", "symbol": "ADA-USD"}, {"trade_id": 143237607, "side": "buy", "size": "0.07959223", "price": "0.69800000", "time": "2025-07-12T16:08:47.124571Z", "fetched_at": "2025-07-12T16:10:50.019199+00:00", "symbol": "ADA-USD"}, {"trade_id": 143237606, "side": "buy", "size": "12.98915684", "price": "0.69800000", "time": "2025-07-12T16:08:47.106631Z", "fetched_at": "2025-07-12T16:10:50.019199+00:00", "symbol": "ADA-USD"}, {"trade_id": 143237605, "side": "buy", "size": "13.03297288", "price": "0.69800000", "time": "2025-07-12T16:08:47.065563Z", "fetched_at": "2025-07-12T16:10:50.019199+00:00", "symbol": "ADA-USD"}, {"trade_id": 143237604, "side": "buy", "size": "13.03297288", "price": "0.69800000", "time": "2025-07-12T16:08:47.026622Z", "fetched_at": "2025-07-12T16:10:50.019199+00:00", "symbol": "ADA-USD"}, {"trade_id": 143237603, "side": "buy", "size": "13.03297288", "price": "0.69800000", "time": "2025-07-12T16:08:47.009618Z", "fetched_at": "2025-07-12T16:10:50.019199+00:00", "symbol": "ADA-USD"}, {"trade_id": 143237602, "side": "buy", "size": "13.03297288", "price": "0.69800000", "time": "2025-07-12T16:08:46.993547Z", "fetched_at": "2025-07-12T16:10:50.019199+00:00", "symbol": "ADA-USD"}, {"trade_id": 143237601, "side": "buy", "size": "13.03297288", "price": "0.69800000", "time": "2025-07-12T16:08:46.958998Z", "fetched_at": "2025-07-12T16:10:50.019199+00:00", "symbol": "ADA-USD"}, {"trade_id": 143237600, "side": "buy", "size": "13.03297288", "price": "0.69800000", "time": "2025-07-12T16:08:46.935779Z", "fetched_at": "2025-07-12T16:10:50.019199+00:00", "symbol": "ADA-USD"}, {"trade_id": 143237599, "side": "buy", "size": "13.04686155", "price": "0.69800000", "time": "2025-07-12T16:08:46.918897Z", "fetched_at": "2025-07-12T16:10:50.019199+00:00", "symbol": "ADA-USD"}, {"trade_id": 143237598, "side": "buy", "size": "6.55389330", "price": "0.69800000", "time": "2025-07-12T16:08:46.918897Z", "fetched_at": "2025-07-12T16:10:50.019199+00:00", "symbol": "ADA-USD"}, {"trade_id": 143237597, "side": "sell", "size": "8.61641204", "price": "0.69800000", "time": "2025-07-12T16:08:46.787683Z", "fetched_at": "2025-07-12T16:10:50.019199+00:00", "symbol": "ADA-USD"}, {"trade_id": 143237596, "side": "sell", "size": "1572.05261071", "price": "0.69800000", "time": "2025-07-12T16:08:46.775664Z", "fetched_at": "2025-07-12T16:10:50.019199+00:00", "symbol": "ADA-USD"}, {"trade_id": 143237595, "side": "sell", "size": "8.61641204", "price": "0.69800000", "time": "2025-07-12T16:08:46.775664Z", "fetched_at": "2025-07-12T16:10:50.019199+00:00", "symbol": "ADA-USD"}, {"trade_id": 143237594, "side": "sell", "size": "1.60000000", "price": "0.69800000", "time": "2025-07-12T16:08:46.775664Z", "fetched_at": "2025-07-12T16:10:50.019199+00:00", "symbol": "ADA-USD"}, {"trade_id": 143237593, "side": "sell", "size": "1066.98942830", "price": "0.69800000", "time": "2025-07-12T16:08:46.775664Z", "fetched_at": "2025-07-12T16:10:50.019199+00:00", "symbol": "ADA-USD"}, {"trade_id": 143237592, "side": "sell", "size": "627.64171649", "price": "0.69800000", "time": "2025-07-12T16:08:46.775664Z", "fetched_at": "2025-07-12T16:10:50.019199+00:00", "symbol": "ADA-USD"}, {"trade_id": 143237591, "side": "sell", "size": "694.52034400", "price": "0.69790000", "time": "2025-07-12T16:08:46.631990Z", "fetched_at": "2025-07-12T16:10:50.019199+00:00", "symbol": "ADA-USD"}, {"trade_id": 143237590, "side": "sell", "size": "1.60000000", "price": "0.69790000", "time": "2025-07-12T16:08:46.631990Z", "fetched_at": "2025-07-12T16:10:50.019199+00:00", "symbol": "ADA-USD"}, {"trade_id": 143237589, "side": "sell", "size": "124.84828315", "price": "0.69780000", "time": "2025-07-12T16:08:45.688946Z", "fetched_at": "2025-07-12T16:10:50.019199+00:00", "symbol": "ADA-USD"}, {"trade_id": 143237588, "side": "sell", "size": "122.73924746", "price": "0.69780000", "time": "2025-07-12T16:08:45.688946Z", "fetched_at": "2025-07-12T16:10:50.019199+00:00", "symbol": "ADA-USD"}, {"trade_id": 143237587, "side": "sell", "size": "0.36017865", "price": "0.69780000", "time": "2025-07-12T16:08:45.688946Z", "fetched_at": "2025-07-12T16:10:50.019199+00:00", "symbol": "ADA-USD"}, {"trade_id": 143237586, "side": "buy", "size": "1171.56935926", "price": "0.69760000", "time": "2025-07-12T16:08:45.480128Z", "fetched_at": "2025-07-12T16:10:50.019199+00:00", "symbol": "ADA-USD"}, {"trade_id": 143237585, "side": "buy", "size": "99.37862807", "price": "0.69760000", "time": "2025-07-12T16:08:45.480128Z", "fetched_at": "2025-07-12T16:10:50.019199+00:00", "symbol": "ADA-USD"}, {"trade_id": 143237584, "side": "buy", "size": "1.60000000", "price": "0.69760000", "time": "2025-07-12T16:08:45.480128Z", "fetched_at": "2025-07-12T16:10:50.019199+00:00", "symbol": "ADA-USD"}, {"trade_id": 143237583, "side": "buy", "size": "51.00306000", "price": "0.69770000", "time": "2025-07-12T16:08:45.480128Z", "fetched_at": "2025-07-12T16:10:50.019199+00:00", "symbol": "ADA-USD"}, {"trade_id": 143237582, "side": "buy", "size": "711.95378029", "price": "0.69770000", "time": "2025-07-12T16:08:45.480128Z", "fetched_at": "2025-07-12T16:10:50.019199+00:00", "symbol": "ADA-USD"}, {"trade_id": 143237581, "side": "buy", "size": "6.27829422", "price": "0.69770000", "time": "2025-07-12T16:08:45.480128Z", "fetched_at": "2025-07-12T16:10:50.019199+00:00", "symbol": "ADA-USD"}, {"trade_id": 143237580, "side": "buy", "size": "803.00247381", "price": "0.69770000", "time": "2025-07-12T16:08:45.480128Z", "fetched_at": "2025-07-12T16:10:50.019199+00:00", "symbol": "ADA-USD"}, {"trade_id": 143237579, "side": "buy", "size": "11.53290435", "price": "0.69770000", "time": "2025-07-12T16:08:45.480128Z", "fetched_at": "2025-07-12T16:10:50.019199+00:00", "symbol": "ADA-USD"}, {"trade_id": 143237578, "side": "buy", "size": "26.52327256", "price": "0.69770000", "time": "2025-07-12T16:08:43.377870Z", "fetched_at": "2025-07-12T16:10:50.019199+00:00", "symbol": "ADA-USD"}, {"trade_id": 143237577, "side": "buy", "size": "7.57191923", "price": "0.69770000", "time": "2025-07-12T16:08:43.377870Z", "fetched_at": "2025-07-12T16:10:50.019199+00:00", "symbol": "ADA-USD"}, {"trade_id": 143237576, "side": "buy", "size": "87.45714000", "price": "0.69770000", "time": "2025-07-12T16:08:43.360722Z", "fetched_at": "2025-07-12T16:10:50.019199+00:00", "symbol": "ADA-USD"}, {"trade_id": 143237575, "side": "buy", "size": "15.35207872", "price": "0.69770000", "time": "2025-07-12T16:08:43.360722Z", "fetched_at": "2025-07-12T16:10:50.019199+00:00", "symbol": "ADA-USD"}, {"trade_id": 143237574, "side": "buy", "size": "8.08250399", "price": "0.69770000", "time": "2025-07-12T16:08:42.659622Z", "fetched_at": "2025-07-12T16:10:50.019199+00:00", "symbol": "ADA-USD"}, {"trade_id": 143237573, "side": "buy", "size": "8.08250399", "price": "0.69770000", "time": "2025-07-12T16:08:42.363231Z", "fetched_at": "2025-07-12T16:10:50.019199+00:00", "symbol": "ADA-USD"}, {"trade_id": 143237572, "side": "buy", "size": "8.48850463", "price": "0.69770000", "time": "2025-07-12T16:08:42.154330Z", "fetched_at": "2025-07-12T16:10:50.019199+00:00", "symbol": "ADA-USD"}, {"trade_id": 143237571, "side": "buy", "size": "1.60000000", "price": "0.69770000", "time": "2025-07-12T16:08:42.154330Z", "fetched_at": "2025-07-12T16:10:50.019199+00:00", "symbol": "ADA-USD"}, {"trade_id": 143237570, "side": "buy", "size": "1.60000000", "price": "0.69780000", "time": "2025-07-12T16:08:42.002366Z", "fetched_at": "2025-07-12T16:10:50.019199+00:00", "symbol": "ADA-USD"}, {"trade_id": 143237569, "side": "buy", "size": "9.83816710", "price": "0.69790000", "time": "2025-07-12T16:08:41.225711Z", "fetched_at": "2025-07-12T16:10:50.019199+00:00", "symbol": "ADA-USD"}, {"trade_id": 143237568, "side": "buy", "size": "1.60000000", "price": "0.69790000", "time": "2025-07-12T16:08:41.225711Z", "fetched_at": "2025-07-12T16:10:50.019199+00:00", "symbol": "ADA-USD"}, {"trade_id": 143237567, "side": "buy", "size": "9.83675762", "price": "0.69800000", "time": "2025-07-12T16:08:41.130168Z", "fetched_at": "2025-07-12T16:10:50.019199+00:00", "symbol": "ADA-USD"}, {"trade_id": 143237566, "side": "buy", "size": "9.78272651", "price": "0.69810000", "time": "2025-07-12T16:08:41.043722Z", "fetched_at": "2025-07-12T16:10:50.019199+00:00", "symbol": "ADA-USD"}, {"trade_id": 143237565, "side": "buy", "size": "5.87566526", "price": "0.69810000", "time": "2025-07-12T16:08:38.214722Z", "fetched_at": "2025-07-12T16:10:50.019199+00:00", "symbol": "ADA-USD"}, {"trade_id": 143237564, "side": "buy", "size": "50.00000000", "price": "0.69810000", "time": "2025-07-12T16:08:38.214722Z", "fetched_at": "2025-07-12T16:10:50.019199+00:00", "symbol": "ADA-USD"}, {"trade_id": 143237563, "side": "buy", "size": "14.05439474", "price": "0.69810000", "time": "2025-07-12T16:08:38.214722Z", "fetched_at": "2025-07-12T16:10:50.019199+00:00", "symbol": "ADA-USD"}, {"trade_id": 143237562, "side": "sell", "size": "122.68588059", "price": "0.69810000", "time": "2025-07-12T16:08:38.196390Z", "fetched_at": "2025-07-12T16:10:50.019199+00:00", "symbol": "ADA-USD"}, {"trade_id": 143237561, "side": "sell", "size": "129.70134260", "price": "0.69810000", "time": "2025-07-12T16:08:38.196390Z", "fetched_at": "2025-07-12T16:10:50.019199+00:00", "symbol": "ADA-USD"}, {"trade_id": 143237560, "side": "sell", "size": "726.57208419", "price": "0.69810000", "time": "2025-07-12T16:08:38.196390Z", "fetched_at": "2025-07-12T16:10:50.019199+00:00", "symbol": "ADA-USD"}, {"trade_id": 143237559, "side": "buy", "size": "69.93006000", "price": "0.69790000", "time": "2025-07-12T16:08:36.657512Z", "fetched_at": "2025-07-12T16:10:50.019199+00:00", "symbol": "ADA-USD"}, {"trade_id": 143237558, "side": "buy", "size": "4.68924766", "price": "0.69790000", "time": "2025-07-12T16:08:36.423762Z", "fetched_at": "2025-07-12T16:10:50.019199+00:00", "symbol": "ADA-USD"}, {"trade_id": 143237557, "side": "buy", "size": "1.60000000", "price": "0.69790000", "time": "2025-07-12T16:08:36.423762Z", "fetched_at": "2025-07-12T16:10:50.019199+00:00", "symbol": "ADA-USD"}, {"trade_id": 143237556, "side": "buy", "size": "9.00181890", "price": "0.69800000", "time": "2025-07-12T16:08:34.229737Z", "fetched_at": "2025-07-12T16:10:50.019199+00:00", "symbol": "ADA-USD"}, {"trade_id": 143237555, "side": "buy", "size": "11.39832951", "price": "0.69800000", "time": "2025-07-12T16:08:33.293916Z", "fetched_at": "2025-07-12T16:10:50.019199+00:00", "symbol": "ADA-USD"}, {"trade_id": 143237554, "side": "buy", "size": "931.66994000", "price": "0.69800000", "time": "2025-07-12T16:08:33.293916Z", "fetched_at": "2025-07-12T16:10:50.019199+00:00", "symbol": "ADA-USD"}, {"trade_id": 143237553, "side": "buy", "size": "68.33006000", "price": "0.69800000", "time": "2025-07-12T16:08:33.266015Z", "fetched_at": "2025-07-12T16:10:50.019199+00:00", "symbol": "ADA-USD"}, {"trade_id": 143237552, "side": "buy", "size": "1.60000000", "price": "0.69800000", "time": "2025-07-12T16:08:33.266015Z", "fetched_at": "2025-07-12T16:10:50.019199+00:00", "symbol": "ADA-USD"}, {"trade_id": 143237551, "side": "buy", "size": "12.18625930", "price": "0.69810000", "time": "2025-07-12T16:08:32.669780Z", "fetched_at": "2025-07-12T16:10:50.019199+00:00", "symbol": "ADA-USD"}, {"trade_id": 143237550, "side": "buy", "size": "1.60000000", "price": "0.69810000", "time": "2025-07-12T16:08:32.669780Z", "fetched_at": "2025-07-12T16:10:50.019199+00:00", "symbol": "ADA-USD"}, {"trade_id": 143237549, "side": "buy", "size": "12.81110381", "price": "0.69820000", "time": "2025-07-12T16:08:32.264026Z", "fetched_at": "2025-07-12T16:10:50.019199+00:00", "symbol": "ADA-USD"}, {"trade_id": 143237548, "side": "buy", "size": "1.60000000", "price": "0.69820000", "time": "2025-07-12T16:08:32.264026Z", "fetched_at": "2025-07-12T16:10:50.019199+00:00", "symbol": "ADA-USD"}, {"trade_id": 143237547, "side": "buy", "size": "14.13690327", "price": "0.69830000", "time": "2025-07-12T16:08:32.049013Z", "fetched_at": "2025-07-12T16:10:50.019199+00:00", "symbol": "ADA-USD"}, {"trade_id": 143237546, "side": "buy", "size": "14.13690327", "price": "0.69830000", "time": "2025-07-12T16:08:31.878484Z", "fetched_at": "2025-07-12T16:10:50.019199+00:00", "symbol": "ADA-USD"}, {"trade_id": 143237545, "side": "sell", "size": "0.00099059", "price": "0.69840000", "time": "2025-07-12T16:08:31.803608Z", "fetched_at": "2025-07-12T16:10:50.019199+00:00", "symbol": "ADA-USD"}, {"trade_id": 143237544, "side": "sell", "size": "0.33068240", "price": "0.69830000", "time": "2025-07-12T16:08:31.803608Z", "fetched_at": "2025-07-12T16:10:50.019199+00:00", "symbol": "ADA-USD"}, {"trade_id": 143237543, "side": "sell", "size": "578.60044977", "price": "0.69830000", "time": "2025-07-12T16:08:31.782842Z", "fetched_at": "2025-07-12T16:10:50.019199+00:00", "symbol": "ADA-USD"}, {"trade_id": 143237542, "side": "sell", "size": "50.00000000", "price": "0.69830000", "time": "2025-07-12T16:08:31.782842Z", "fetched_at": "2025-07-12T16:10:50.019199+00:00", "symbol": "ADA-USD"}, {"trade_id": 143237541, "side": "sell", "size": "197.92688000", "price": "0.69830000", "time": "2025-07-12T16:08:31.782842Z", "fetched_at": "2025-07-12T16:10:50.019199+00:00", "symbol": "ADA-USD"}, {"trade_id": 143237540, "side": "buy", "size": "17.26748623", "price": "0.69840000", "time": "2025-07-12T16:08:31.464864Z", "fetched_at": "2025-07-12T16:10:50.019199+00:00", "symbol": "ADA-USD"}, {"trade_id": 143237539, "side": "buy", "size": "1.60000000", "price": "0.69840000", "time": "2025-07-12T16:08:31.464864Z", "fetched_at": "2025-07-12T16:10:50.019199+00:00", "symbol": "ADA-USD"}, {"trade_id": 143237538, "side": "buy", "size": "17.26501415", "price": "0.69850000", "time": "2025-07-12T16:08:31.309846Z", "fetched_at": "2025-07-12T16:10:50.019199+00:00", "symbol": "ADA-USD"}, {"trade_id": 143237537, "side": "buy", "size": "20.00972109", "price": "0.69860000", "time": "2025-07-12T16:08:31.042995Z", "fetched_at": "2025-07-12T16:10:50.019199+00:00", "symbol": "ADA-USD"}, {"trade_id": 143237536, "side": "sell", "size": "197.54490069", "price": "0.69860000", "time": "2025-07-12T16:08:30.253587Z", "fetched_at": "2025-07-12T16:10:50.019199+00:00", "symbol": "ADA-USD"}, {"trade_id": 143237535, "side": "buy", "size": "1.60000000", "price": "0.69830000", "time": "2025-07-12T16:08:29.674580Z", "fetched_at": "2025-07-12T16:10:50.019199+00:00", "symbol": "ADA-USD"}, {"trade_id": 143237534, "side": "buy", "size": "27.96712259", "price": "0.69840000", "time": "2025-07-12T16:08:29.673976Z", "fetched_at": "2025-07-12T16:10:50.019199+00:00", "symbol": "ADA-USD"}, {"trade_id": 143237533, "side": "buy", "size": "1.60000000", "price": "0.69840000", "time": "2025-07-12T16:08:29.673976Z", "fetched_at": "2025-07-12T16:10:50.019199+00:00", "symbol": "ADA-USD"}, {"trade_id": 143237532, "side": "buy", "size": "34.89289076", "price": "0.69850000", "time": "2025-07-12T16:08:29.565334Z", "fetched_at": "2025-07-12T16:10:50.019199+00:00", "symbol": "ADA-USD"}, {"trade_id": 143237531, "side": "buy", "size": "36.00468000", "price": "0.69850000", "time": "2025-07-12T16:08:29.481190Z", "fetched_at": "2025-07-12T16:10:50.019199+00:00", "symbol": "ADA-USD"}, {"trade_id": 143237530, "side": "buy", "size": "46.24571000", "price": "0.69850000", "time": "2025-07-12T16:08:29.168703Z", "fetched_at": "2025-07-12T16:10:50.019199+00:00", "symbol": "ADA-USD"}, {"trade_id": 143237529, "side": "buy", "size": "59.77884020", "price": "0.69860000", "time": "2025-07-12T16:08:28.824434Z", "fetched_at": "2025-07-12T16:10:50.019199+00:00", "symbol": "ADA-USD"}, {"trade_id": 143237528, "side": "buy", "size": "70.34160000", "price": "0.69860000", "time": "2025-07-12T16:08:26.086713Z", "fetched_at": "2025-07-12T16:10:50.019199+00:00", "symbol": "ADA-USD"}, {"trade_id": 143237527, "side": "buy", "size": "39.05725547", "price": "0.69870000", "time": "2025-07-12T16:08:26.003672Z", "fetched_at": "2025-07-12T16:10:50.019199+00:00", "symbol": "ADA-USD"}, {"trade_id": 143237526, "side": "buy", "size": "72.13443672", "price": "0.69870000", "time": "2025-07-12T16:08:26.003672Z", "fetched_at": "2025-07-12T16:10:50.019199+00:00", "symbol": "ADA-USD"}, {"trade_id": 143237525, "side": "buy", "size": "0.00001153", "price": "0.69880000", "time": "2025-07-12T16:08:23.723557Z", "fetched_at": "2025-07-12T16:10:50.019199+00:00", "symbol": "ADA-USD"}, {"trade_id": 143237524, "side": "buy", "size": "122.55322710", "price": "0.69880000", "time": "2025-07-12T16:08:23.719678Z", "fetched_at": "2025-07-12T16:10:50.019199+00:00", "symbol": "ADA-USD"}, {"trade_id": 143237523, "side": "buy", "size": "133.55028290", "price": "0.69880000", "time": "2025-07-12T16:08:23.719678Z", "fetched_at": "2025-07-12T16:10:50.019199+00:00", "symbol": "ADA-USD"}, {"trade_id": 143237522, "side": "buy", "size": "48.70937347", "price": "0.69890000", "time": "2025-07-12T16:08:22.155996Z", "fetched_at": "2025-07-12T16:10:50.019199+00:00", "symbol": "ADA-USD"}