[{"trade_id": 143229783, "side": "buy", "size": "14.43867736", "price": "0.69230000", "time": "2025-07-12T15:39:28.751494Z", "fetched_at": "2025-07-12T15:39:33.405660+00:00", "symbol": "ADA-USD"}, {"trade_id": 143229782, "side": "sell", "size": "5.59185939", "price": "0.69230000", "time": "2025-07-12T15:39:25.963895Z", "fetched_at": "2025-07-12T15:39:33.405660+00:00", "symbol": "ADA-USD"}, {"trade_id": 143229781, "side": "buy", "size": "14.43867736", "price": "0.69230000", "time": "2025-07-12T15:39:25.913407Z", "fetched_at": "2025-07-12T15:39:33.405660+00:00", "symbol": "ADA-USD"}, {"trade_id": 143229780, "side": "buy", "size": "1.60000000", "price": "0.69230000", "time": "2025-07-12T15:39:25.913407Z", "fetched_at": "2025-07-12T15:39:33.405660+00:00", "symbol": "ADA-USD"}, {"trade_id": 143229779, "side": "buy", "size": "1095.01684659", "price": "0.69240000", "time": "2025-07-12T15:39:25.860968Z", "fetched_at": "2025-07-12T15:39:33.405660+00:00", "symbol": "ADA-USD"}, {"trade_id": 143229778, "side": "buy", "size": "5671.90000000", "price": "0.69240000", "time": "2025-07-12T15:39:25.860968Z", "fetched_at": "2025-07-12T15:39:33.405660+00:00", "symbol": "ADA-USD"}, {"trade_id": 143229777, "side": "buy", "size": "854.00797514", "price": "0.69240000", "time": "2025-07-12T15:39:25.860968Z", "fetched_at": "2025-07-12T15:39:33.405660+00:00", "symbol": "ADA-USD"}, {"trade_id": 143229776, "side": "buy", "size": "636.96784956", "price": "0.69240000", "time": "2025-07-12T15:39:25.860968Z", "fetched_at": "2025-07-12T15:39:33.405660+00:00", "symbol": "ADA-USD"}, {"trade_id": 143229775, "side": "buy", "size": "351.00000000", "price": "0.69240000", "time": "2025-07-12T15:39:25.860968Z", "fetched_at": "2025-07-12T15:39:33.405660+00:00", "symbol": "ADA-USD"}, {"trade_id": 143229774, "side": "buy", "size": "1.60000000", "price": "0.69240000", "time": "2025-07-12T15:39:25.860968Z", "fetched_at": "2025-07-12T15:39:33.405660+00:00", "symbol": "ADA-USD"}, {"trade_id": 143229773, "side": "buy", "size": "14.43450735", "price": "0.69250000", "time": "2025-07-12T15:39:25.860968Z", "fetched_at": "2025-07-12T15:39:33.405660+00:00", "symbol": "ADA-USD"}, {"trade_id": 143229772, "side": "buy", "size": "1.60000000", "price": "0.69250000", "time": "2025-07-12T15:39:25.860968Z", "fetched_at": "2025-07-12T15:39:33.405660+00:00", "symbol": "ADA-USD"}, {"trade_id": 143229771, "side": "sell", "size": "46.39933841", "price": "0.69270000", "time": "2025-07-12T15:39:22.987891Z", "fetched_at": "2025-07-12T15:39:33.405660+00:00", "symbol": "ADA-USD"}, {"trade_id": 143229770, "side": "sell", "size": "1.99304547", "price": "0.69270000", "time": "2025-07-12T15:39:22.640020Z", "fetched_at": "2025-07-12T15:39:33.405660+00:00", "symbol": "ADA-USD"}, {"trade_id": 143229769, "side": "sell", "size": "43.15728133", "price": "0.69270000", "time": "2025-07-12T15:39:22.640020Z", "fetched_at": "2025-07-12T15:39:33.405660+00:00", "symbol": "ADA-USD"}, {"trade_id": 143229768, "side": "sell", "size": "1.60000000", "price": "0.69290000", "time": "2025-07-12T15:39:17.288338Z", "fetched_at": "2025-07-12T15:39:33.405660+00:00", "symbol": "ADA-USD"}, {"trade_id": 143229767, "side": "sell", "size": "3.42067723", "price": "0.69280000", "time": "2025-07-12T15:39:17.207481Z", "fetched_at": "2025-07-12T15:39:33.405660+00:00", "symbol": "ADA-USD"}, {"trade_id": 143229766, "side": "sell", "size": "13.26816597", "price": "0.69250000", "time": "2025-07-12T15:39:16.521111Z", "fetched_at": "2025-07-12T15:39:33.405660+00:00", "symbol": "ADA-USD"}, {"trade_id": 143229765, "side": "buy", "size": "14.43450735", "price": "0.69250000", "time": "2025-07-12T15:39:16.015448Z", "fetched_at": "2025-07-12T15:39:33.405660+00:00", "symbol": "ADA-USD"}, {"trade_id": 143229764, "side": "buy", "size": "1.60000000", "price": "0.69250000", "time": "2025-07-12T15:39:16.015448Z", "fetched_at": "2025-07-12T15:39:33.405660+00:00", "symbol": "ADA-USD"}, {"trade_id": 143229763, "side": "buy", "size": "1.60000000", "price": "0.69260000", "time": "2025-07-12T15:39:16.002462Z", "fetched_at": "2025-07-12T15:39:33.405660+00:00", "symbol": "ADA-USD"}, {"trade_id": 143229762, "side": "sell", "size": "5.32681879", "price": "0.69270000", "time": "2025-07-12T15:39:14.757069Z", "fetched_at": "2025-07-12T15:39:33.405660+00:00", "symbol": "ADA-USD"}, {"trade_id": 143229761, "side": "sell", "size": "12.12832821", "price": "0.69270000", "time": "2025-07-12T15:39:14.757069Z", "fetched_at": "2025-07-12T15:39:33.405660+00:00", "symbol": "ADA-USD"}, {"trade_id": 143229760, "side": "sell", "size": "51.00306000", "price": "0.69270000", "time": "2025-07-12T15:39:14.757069Z", "fetched_at": "2025-07-12T15:39:33.405660+00:00", "symbol": "ADA-USD"}, {"trade_id": 143229759, "side": "sell", "size": "28.05500200", "price": "0.69280000", "time": "2025-07-12T15:39:13.051914Z", "fetched_at": "2025-07-12T15:39:33.405660+00:00", "symbol": "ADA-USD"}, {"trade_id": 143229758, "side": "buy", "size": "1508.62347116", "price": "0.69270000", "time": "2025-07-12T15:39:13.016211Z", "fetched_at": "2025-07-12T15:39:33.405660+00:00", "symbol": "ADA-USD"}, {"trade_id": 143229757, "side": "buy", "size": "1.60000000", "price": "0.69270000", "time": "2025-07-12T15:39:13.016211Z", "fetched_at": "2025-07-12T15:39:33.405660+00:00", "symbol": "ADA-USD"}, {"trade_id": 143229756, "side": "buy", "size": "14.42825684", "price": "0.69280000", "time": "2025-07-12T15:39:13.016211Z", "fetched_at": "2025-07-12T15:39:33.405660+00:00", "symbol": "ADA-USD"}, {"trade_id": 143229755, "side": "sell", "size": "2.48367835", "price": "0.69290000", "time": "2025-07-12T15:39:12.214131Z", "fetched_at": "2025-07-12T15:39:33.405660+00:00", "symbol": "ADA-USD"}, {"trade_id": 143229754, "side": "sell", "size": "12.30790245", "price": "0.69290000", "time": "2025-07-12T15:39:11.003345Z", "fetched_at": "2025-07-12T15:39:33.405660+00:00", "symbol": "ADA-USD"}, {"trade_id": 143229753, "side": "buy", "size": "14.42617454", "price": "0.69290000", "time": "2025-07-12T15:39:09.957497Z", "fetched_at": "2025-07-12T15:39:33.405660+00:00", "symbol": "ADA-USD"}, {"trade_id": 143229752, "side": "buy", "size": "4804.54445338", "price": "0.69290000", "time": "2025-07-12T15:39:09.952952Z", "fetched_at": "2025-07-12T15:39:33.405660+00:00", "symbol": "ADA-USD"}, {"trade_id": 143229751, "side": "sell", "size": "4.25226868", "price": "0.69300000", "time": "2025-07-12T15:39:09.410036Z", "fetched_at": "2025-07-12T15:39:33.405660+00:00", "symbol": "ADA-USD"}, {"trade_id": 143229750, "side": "sell", "size": "1.10474141", "price": "0.69300000", "time": "2025-07-12T15:39:09.405960Z", "fetched_at": "2025-07-12T15:39:33.405660+00:00", "symbol": "ADA-USD"}, {"trade_id": 143229749, "side": "sell", "size": "54.33382859", "price": "0.69300000", "time": "2025-07-12T15:39:09.405960Z", "fetched_at": "2025-07-12T15:39:33.405660+00:00", "symbol": "ADA-USD"}, {"trade_id": 143229748, "side": "sell", "size": "14.42284116", "price": "0.69280000", "time": "2025-07-12T15:39:08.523182Z", "fetched_at": "2025-07-12T15:39:33.405660+00:00", "symbol": "ADA-USD"}, {"trade_id": 143229747, "side": "buy", "size": "14.42825684", "price": "0.69280000", "time": "2025-07-12T15:39:07.984816Z", "fetched_at": "2025-07-12T15:39:33.405660+00:00", "symbol": "ADA-USD"}, {"trade_id": 143229746, "side": "buy", "size": "1.60000000", "price": "0.69280000", "time": "2025-07-12T15:39:07.984816Z", "fetched_at": "2025-07-12T15:39:33.405660+00:00", "symbol": "ADA-USD"}, {"trade_id": 143229745, "side": "buy", "size": "1.60000000", "price": "0.69300000", "time": "2025-07-12T15:39:07.895387Z", "fetched_at": "2025-07-12T15:39:33.405660+00:00", "symbol": "ADA-USD"}, {"trade_id": 143229744, "side": "buy", "size": "14.41993124", "price": "0.69320000", "time": "2025-07-12T15:39:06.670526Z", "fetched_at": "2025-07-12T15:39:33.405660+00:00", "symbol": "ADA-USD"}, {"trade_id": 143229743, "side": "buy", "size": "128.45332000", "price": "0.69320000", "time": "2025-07-12T15:39:06.666537Z", "fetched_at": "2025-07-12T15:39:33.405660+00:00", "symbol": "ADA-USD"}, {"trade_id": 143229742, "side": "buy", "size": "270.78428131", "price": "0.69320000", "time": "2025-07-12T15:39:06.663275Z", "fetched_at": "2025-07-12T15:39:33.405660+00:00", "symbol": "ADA-USD"}, {"trade_id": 143229741, "side": "buy", "size": "727.55089673", "price": "0.69320000", "time": "2025-07-12T15:39:06.651692Z", "fetched_at": "2025-07-12T15:39:33.405660+00:00", "symbol": "ADA-USD"}, {"trade_id": 143229740, "side": "buy", "size": "749.78294187", "price": "0.69320000", "time": "2025-07-12T15:39:06.641575Z", "fetched_at": "2025-07-12T15:39:33.405660+00:00", "symbol": "ADA-USD"}, {"trade_id": 143229739, "side": "buy", "size": "1.60000000", "price": "0.69320000", "time": "2025-07-12T15:39:06.641575Z", "fetched_at": "2025-07-12T15:39:33.405660+00:00", "symbol": "ADA-USD"}, {"trade_id": 143229738, "side": "buy", "size": "1997.84488397", "price": "0.69350000", "time": "2025-07-12T15:39:05.943336Z", "fetched_at": "2025-07-12T15:39:33.405660+00:00", "symbol": "ADA-USD"}, {"trade_id": 143229737, "side": "buy", "size": "335.57832000", "price": "0.69350000", "time": "2025-07-12T15:39:05.942013Z", "fetched_at": "2025-07-12T15:39:33.405660+00:00", "symbol": "ADA-USD"}, {"trade_id": 143229736, "side": "buy", "size": "147.40046449", "price": "0.69350000", "time": "2025-07-12T15:39:05.939564Z", "fetched_at": "2025-07-12T15:39:33.405660+00:00", "symbol": "ADA-USD"}, {"trade_id": 143229735, "side": "buy", "size": "1000.00000000", "price": "0.69350000", "time": "2025-07-12T15:39:05.937926Z", "fetched_at": "2025-07-12T15:39:33.405660+00:00", "symbol": "ADA-USD"}, {"trade_id": 143229734, "side": "buy", "size": "291.83653136", "price": "0.69350000", "time": "2025-07-12T15:39:05.928352Z", "fetched_at": "2025-07-12T15:39:33.405660+00:00", "symbol": "ADA-USD"}, {"trade_id": 143229733, "side": "buy", "size": "801.31960479", "price": "0.69350000", "time": "2025-07-12T15:39:05.915853Z", "fetched_at": "2025-07-12T15:39:33.405660+00:00", "symbol": "ADA-USD"}, {"trade_id": 143229732, "side": "buy", "size": "1111.42019539", "price": "0.69350000", "time": "2025-07-12T15:39:05.904788Z", "fetched_at": "2025-07-12T15:39:33.405660+00:00", "symbol": "ADA-USD"}, {"trade_id": 143229731, "side": "sell", "size": "1.60000000", "price": "0.69360000", "time": "2025-07-12T15:39:03.106858Z", "fetched_at": "2025-07-12T15:39:33.405660+00:00", "symbol": "ADA-USD"}, {"trade_id": 143229730, "side": "sell", "size": "80.85071000", "price": "0.69350000", "time": "2025-07-12T15:39:01.880947Z", "fetched_at": "2025-07-12T15:39:33.405660+00:00", "symbol": "ADA-USD"}, {"trade_id": 143229729, "side": "sell", "size": "1.60000000", "price": "0.69350000", "time": "2025-07-12T15:39:01.880947Z", "fetched_at": "2025-07-12T15:39:33.405660+00:00", "symbol": "ADA-USD"}, {"trade_id": 143229728, "side": "buy", "size": "176.15908000", "price": "0.69330000", "time": "2025-07-12T15:39:01.836389Z", "fetched_at": "2025-07-12T15:39:33.405660+00:00", "symbol": "ADA-USD"}, {"trade_id": 143229727, "side": "sell", "size": "69.93006000", "price": "0.69320000", "time": "2025-07-12T15:39:01.230117Z", "fetched_at": "2025-07-12T15:39:33.405660+00:00", "symbol": "ADA-USD"}, {"trade_id": 143229726, "side": "sell", "size": "69.93006000", "price": "0.69320000", "time": "2025-07-12T15:39:01.181597Z", "fetched_at": "2025-07-12T15:39:33.405660+00:00", "symbol": "ADA-USD"}, {"trade_id": 143229725, "side": "buy", "size": "28.76104956", "price": "0.69320000", "time": "2025-07-12T15:39:01.173817Z", "fetched_at": "2025-07-12T15:39:33.405660+00:00", "symbol": "ADA-USD"}, {"trade_id": 143229724, "side": "buy", "size": "608.20680000", "price": "0.69320000", "time": "2025-07-12T15:39:01.172549Z", "fetched_at": "2025-07-12T15:39:33.405660+00:00", "symbol": "ADA-USD"}, {"trade_id": 143229723, "side": "buy", "size": "51.00306000", "price": "0.69330000", "time": "2025-07-12T15:39:01.166203Z", "fetched_at": "2025-07-12T15:39:33.405660+00:00", "symbol": "ADA-USD"}, {"trade_id": 143229722, "side": "buy", "size": "379.66540000", "price": "0.69340000", "time": "2025-07-12T15:39:01.064554Z", "fetched_at": "2025-07-12T15:39:33.405660+00:00", "symbol": "ADA-USD"}, {"trade_id": 143229721, "side": "buy", "size": "51.00306000", "price": "0.69340000", "time": "2025-07-12T15:39:01.064554Z", "fetched_at": "2025-07-12T15:39:33.405660+00:00", "symbol": "ADA-USD"}, {"trade_id": 143229720, "side": "buy", "size": "117.43938000", "price": "0.69340000", "time": "2025-07-12T15:39:01.064554Z", "fetched_at": "2025-07-12T15:39:33.405660+00:00", "symbol": "ADA-USD"}, {"trade_id": 143229719, "side": "buy", "size": "117.43938000", "price": "0.69340000", "time": "2025-07-12T15:39:00.584871Z", "fetched_at": "2025-07-12T15:39:33.405660+00:00", "symbol": "ADA-USD"}, {"trade_id": 143229718, "side": "buy", "size": "51.00306000", "price": "0.69340000", "time": "2025-07-12T15:39:00.573934Z", "fetched_at": "2025-07-12T15:39:33.405660+00:00", "symbol": "ADA-USD"}, {"trade_id": 143229717, "side": "buy", "size": "117.43938000", "price": "0.69340000", "time": "2025-07-12T15:39:00.563843Z", "fetched_at": "2025-07-12T15:39:33.405660+00:00", "symbol": "ADA-USD"}, {"trade_id": 143229716, "side": "buy", "size": "51.00306000", "price": "0.69340000", "time": "2025-07-12T15:39:00.542321Z", "fetched_at": "2025-07-12T15:39:33.405660+00:00", "symbol": "ADA-USD"}, {"trade_id": 143229715, "side": "buy", "size": "117.43938000", "price": "0.69330000", "time": "2025-07-12T15:39:00.523919Z", "fetched_at": "2025-07-12T15:39:33.405660+00:00", "symbol": "ADA-USD"}, {"trade_id": 143229714, "side": "buy", "size": "51.00306000", "price": "0.69330000", "time": "2025-07-12T15:39:00.523919Z", "fetched_at": "2025-07-12T15:39:33.405660+00:00", "symbol": "ADA-USD"}, {"trade_id": 143229713, "side": "sell", "size": "1273.79063161", "price": "0.69340000", "time": "2025-07-12T15:39:00.521889Z", "fetched_at": "2025-07-12T15:39:33.405660+00:00", "symbol": "ADA-USD"}, {"trade_id": 143229712, "side": "sell", "size": "1.60000000", "price": "0.69340000", "time": "2025-07-12T15:39:00.521889Z", "fetched_at": "2025-07-12T15:39:33.405660+00:00", "symbol": "ADA-USD"}, {"trade_id": 143229711, "side": "buy", "size": "176.15908000", "price": "0.69330000", "time": "2025-07-12T15:39:00.510715Z", "fetched_at": "2025-07-12T15:39:33.405660+00:00", "symbol": "ADA-USD"}, {"trade_id": 143229710, "side": "sell", "size": "221.78879827", "price": "0.69330000", "time": "2025-07-12T15:39:00.492033Z", "fetched_at": "2025-07-12T15:39:33.405660+00:00", "symbol": "ADA-USD"}, {"trade_id": 143229709, "side": "sell", "size": "543.25399211", "price": "0.69330000", "time": "2025-07-12T15:39:00.489219Z", "fetched_at": "2025-07-12T15:39:33.405660+00:00", "symbol": "ADA-USD"}, {"trade_id": 143229708, "side": "sell", "size": "509.74600789", "price": "0.69330000", "time": "2025-07-12T15:39:00.489219Z", "fetched_at": "2025-07-12T15:39:33.405660+00:00", "symbol": "ADA-USD"}, {"trade_id": 143229707, "side": "sell", "size": "123.24405044", "price": "0.69330000", "time": "2025-07-12T15:39:00.487550Z", "fetched_at": "2025-07-12T15:39:33.405660+00:00", "symbol": "ADA-USD"}, {"trade_id": 143229706, "side": "sell", "size": "636.96784956", "price": "0.69330000", "time": "2025-07-12T15:39:00.487550Z", "fetched_at": "2025-07-12T15:39:33.405660+00:00", "symbol": "ADA-USD"}, {"trade_id": 143229705, "side": "sell", "size": "1.60000000", "price": "0.69330000", "time": "2025-07-12T15:39:00.487550Z", "fetched_at": "2025-07-12T15:39:33.405660+00:00", "symbol": "ADA-USD"}, {"trade_id": 143229704, "side": "sell", "size": "1.60000000", "price": "0.69320000", "time": "2025-07-12T15:39:00.484114Z", "fetched_at": "2025-07-12T15:39:33.405660+00:00", "symbol": "ADA-USD"}, {"trade_id": 143229703, "side": "sell", "size": "1.60000000", "price": "0.69310000", "time": "2025-07-12T15:39:00.483873Z", "fetched_at": "2025-07-12T15:39:33.405660+00:00", "symbol": "ADA-USD"}, {"trade_id": 143229702, "side": "sell", "size": "703.99133865", "price": "0.69300000", "time": "2025-07-12T15:39:00.366980Z", "fetched_at": "2025-07-12T15:39:33.405660+00:00", "symbol": "ADA-USD"}, {"trade_id": 143229701, "side": "sell", "size": "1.60000000", "price": "0.69300000", "time": "2025-07-12T15:39:00.366980Z", "fetched_at": "2025-07-12T15:39:33.405660+00:00", "symbol": "ADA-USD"}, {"trade_id": 143229700, "side": "sell", "size": "179.80216135", "price": "0.69300000", "time": "2025-07-12T15:39:00.366980Z", "fetched_at": "2025-07-12T15:39:33.405660+00:00", "symbol": "ADA-USD"}, {"trade_id": 143229699, "side": "sell", "size": "0.00009940", "price": "0.69290000", "time": "2025-07-12T15:39:00.361Z", "fetched_at": "2025-07-12T15:39:33.405660+00:00", "symbol": "ADA-USD"}, {"trade_id": 143229698, "side": "sell", "size": "721.62850000", "price": "0.69290000", "time": "2025-07-12T15:39:00.294084Z", "fetched_at": "2025-07-12T15:39:33.405660+00:00", "symbol": "ADA-USD"}, {"trade_id": 143229697, "side": "sell", "size": "1.60000000", "price": "0.69290000", "time": "2025-07-12T15:39:00.294084Z", "fetched_at": "2025-07-12T15:39:33.405660+00:00", "symbol": "ADA-USD"}, {"trade_id": 143229696, "side": "buy", "size": "193.26286567", "price": "0.69260000", "time": "2025-07-12T15:38:56.656880Z", "fetched_at": "2025-07-12T15:39:33.405660+00:00", "symbol": "ADA-USD"}, {"trade_id": 143229695, "side": "buy", "size": "536.03768952", "price": "0.69260000", "time": "2025-07-12T15:38:56.630284Z", "fetched_at": "2025-07-12T15:39:33.405660+00:00", "symbol": "ADA-USD"}, {"trade_id": 143229694, "side": "buy", "size": "57.74793164", "price": "0.69260000", "time": "2025-07-12T15:38:56.556547Z", "fetched_at": "2025-07-12T15:39:33.405660+00:00", "symbol": "ADA-USD"}, {"trade_id": 143229693, "side": "buy", "size": "87.36042761", "price": "0.69260000", "time": "2025-07-12T15:38:56.513661Z", "fetched_at": "2025-07-12T15:39:33.405660+00:00", "symbol": "ADA-USD"}, {"trade_id": 143229692, "side": "buy", "size": "76.02412230", "price": "0.69260000", "time": "2025-07-12T15:38:56.501765Z", "fetched_at": "2025-07-12T15:39:33.405660+00:00", "symbol": "ADA-USD"}, {"trade_id": 143229691, "side": "buy", "size": "199.93416299", "price": "0.69260000", "time": "2025-07-12T15:38:56.491054Z", "fetched_at": "2025-07-12T15:39:33.405660+00:00", "symbol": "ADA-USD"}, {"trade_id": 143229690, "side": "buy", "size": "320.22426067", "price": "0.69260000", "time": "2025-07-12T15:38:56.464882Z", "fetched_at": "2025-07-12T15:39:33.405660+00:00", "symbol": "ADA-USD"}, {"trade_id": 143229689, "side": "buy", "size": "740.76745168", "price": "0.69260000", "time": "2025-07-12T15:38:56.454710Z", "fetched_at": "2025-07-12T15:39:33.405660+00:00", "symbol": "ADA-USD"}, {"trade_id": 143229688, "side": "sell", "size": "140.77604653", "price": "0.69290000", "time": "2025-07-12T15:38:55.024019Z", "fetched_at": "2025-07-12T15:39:33.405660+00:00", "symbol": "ADA-USD"}, {"trade_id": 143229687, "side": "sell", "size": "636.96784956", "price": "0.69290000", "time": "2025-07-12T15:38:55.024019Z", "fetched_at": "2025-07-12T15:39:33.405660+00:00", "symbol": "ADA-USD"}, {"trade_id": 143229686, "side": "sell", "size": "1764.36132000", "price": "0.69290000", "time": "2025-07-12T15:38:55.024019Z", "fetched_at": "2025-07-12T15:39:33.405660+00:00", "symbol": "ADA-USD"}, {"trade_id": 143229685, "side": "sell", "size": "1475.84742000", "price": "0.69290000", "time": "2025-07-12T15:38:55.024019Z", "fetched_at": "2025-07-12T15:39:33.405660+00:00", "symbol": "ADA-USD"}, {"trade_id": 143229684, "side": "sell", "size": "351.00000000", "price": "0.69290000", "time": "2025-07-12T15:38:55.024019Z", "fetched_at": "2025-07-12T15:39:33.405660+00:00", "symbol": "ADA-USD"}, {"trade_id": 143229683, "side": "sell", "size": "804.00608899", "price": "0.69280000", "time": "2025-07-12T15:38:55.024019Z", "fetched_at": "2025-07-12T15:39:33.405660+00:00", "symbol": "ADA-USD"}, {"trade_id": 143229682, "side": "sell", "size": "64.96952454", "price": "0.69300000", "time": "2025-07-12T15:38:54.037819Z", "fetched_at": "2025-07-12T15:39:33.405660+00:00", "symbol": "ADA-USD"}, {"trade_id": 143229681, "side": "sell", "size": "1.60000000", "price": "0.69300000", "time": "2025-07-12T15:38:54.037819Z", "fetched_at": "2025-07-12T15:39:33.405660+00:00", "symbol": "ADA-USD"}, {"trade_id": 143229680, "side": "sell", "size": "1.76053546", "price": "0.69290000", "time": "2025-07-12T15:38:54.037819Z", "fetched_at": "2025-07-12T15:39:33.405660+00:00", "symbol": "ADA-USD"}, {"trade_id": 143229679, "side": "sell", "size": "1.60000000", "price": "0.69290000", "time": "2025-07-12T15:38:54.037819Z", "fetched_at": "2025-07-12T15:39:33.405660+00:00", "symbol": "ADA-USD"}, {"trade_id": 143229678, "side": "sell", "size": "2.31740463", "price": "0.69280000", "time": "2025-07-12T15:38:53.566358Z", "fetched_at": "2025-07-12T15:39:33.405660+00:00", "symbol": "ADA-USD"}, {"trade_id": 143229677, "side": "sell", "size": "279.05963900", "price": "0.69280000", "time": "2025-07-12T15:38:51.614342Z", "fetched_at": "2025-07-12T15:39:33.405660+00:00", "symbol": "ADA-USD"}, {"trade_id": 143229676, "side": "sell", "size": "1.60000000", "price": "0.69280000", "time": "2025-07-12T15:38:51.614342Z", "fetched_at": "2025-07-12T15:39:33.405660+00:00", "symbol": "ADA-USD"}, {"trade_id": 143229675, "side": "buy", "size": "79.52520573", "price": "0.69240000", "time": "2025-07-12T15:38:51.355231Z", "fetched_at": "2025-07-12T15:39:33.405660+00:00", "symbol": "ADA-USD"}, {"trade_id": 143229674, "side": "buy", "size": "7.21217627", "price": "0.69240000", "time": "2025-07-12T15:38:51.355231Z", "fetched_at": "2025-07-12T15:39:33.405660+00:00", "symbol": "ADA-USD"}, {"trade_id": 143229673, "side": "sell", "size": "1.60000000", "price": "0.69270000", "time": "2025-07-12T15:38:50.698459Z", "fetched_at": "2025-07-12T15:39:33.405660+00:00", "symbol": "ADA-USD"}, {"trade_id": 143229672, "side": "sell", "size": "1.60000000", "price": "0.69260000", "time": "2025-07-12T15:38:50.693228Z", "fetched_at": "2025-07-12T15:39:33.405660+00:00", "symbol": "ADA-USD"}, {"trade_id": 143229671, "side": "sell", "size": "1.60000000", "price": "0.69250000", "time": "2025-07-12T15:38:50.359139Z", "fetched_at": "2025-07-12T15:39:33.405660+00:00", "symbol": "ADA-USD"}, {"trade_id": 143229670, "side": "sell", "size": "1.60000000", "price": "0.69240000", "time": "2025-07-12T15:38:50.349039Z", "fetched_at": "2025-07-12T15:39:33.405660+00:00", "symbol": "ADA-USD"}, {"trade_id": 143229669, "side": "sell", "size": "958.24899930", "price": "0.69230000", "time": "2025-07-12T15:38:47.405548Z", "fetched_at": "2025-07-12T15:39:33.405660+00:00", "symbol": "ADA-USD"}, {"trade_id": 143229668, "side": "sell", "size": "4674.01118209", "price": "0.69230000", "time": "2025-07-12T15:38:47.405538Z", "fetched_at": "2025-07-12T15:39:33.405660+00:00", "symbol": "ADA-USD"}, {"trade_id": 143229667, "side": "sell", "size": "75.03981861", "price": "0.69230000", "time": "2025-07-12T15:38:47.404827Z", "fetched_at": "2025-07-12T15:39:33.405660+00:00", "symbol": "ADA-USD"}, {"trade_id": 143229666, "side": "sell", "size": "568.22918555", "price": "0.69230000", "time": "2025-07-12T15:38:47.404827Z", "fetched_at": "2025-07-12T15:39:33.405660+00:00", "symbol": "ADA-USD"}, {"trade_id": 143229665, "side": "sell", "size": "154.03505518", "price": "0.69230000", "time": "2025-07-12T15:38:47.403361Z", "fetched_at": "2025-07-12T15:39:33.405660+00:00", "symbol": "ADA-USD"}, {"trade_id": 143229664, "side": "sell", "size": "1.60000000", "price": "0.69230000", "time": "2025-07-12T15:38:47.403361Z", "fetched_at": "2025-07-12T15:39:33.405660+00:00", "symbol": "ADA-USD"}, {"trade_id": 143229663, "side": "sell", "size": "342.76776914", "price": "0.69230000", "time": "2025-07-12T15:38:47.403361Z", "fetched_at": "2025-07-12T15:39:33.405660+00:00", "symbol": "ADA-USD"}, {"trade_id": 143229662, "side": "sell", "size": "636.96784956", "price": "0.69230000", "time": "2025-07-12T15:38:47.403361Z", "fetched_at": "2025-07-12T15:39:33.405660+00:00", "symbol": "ADA-USD"}, {"trade_id": 143229661, "side": "sell", "size": "3474.62224388", "price": "0.69220000", "time": "2025-07-12T15:38:47.394881Z", "fetched_at": "2025-07-12T15:39:33.405660+00:00", "symbol": "ADA-USD"}, {"trade_id": 143229660, "side": "sell", "size": "136.81084000", "price": "0.69220000", "time": "2025-07-12T15:38:47.326584Z", "fetched_at": "2025-07-12T15:39:33.405660+00:00", "symbol": "ADA-USD"}, {"trade_id": 143229659, "side": "sell", "size": "104.68370000", "price": "0.69220000", "time": "2025-07-12T15:38:47.309912Z", "fetched_at": "2025-07-12T15:39:33.405660+00:00", "symbol": "ADA-USD"}, {"trade_id": 143229658, "side": "sell", "size": "196.47441000", "price": "0.69220000", "time": "2025-07-12T15:38:47.219401Z", "fetched_at": "2025-07-12T15:39:33.405660+00:00", "symbol": "ADA-USD"}, {"trade_id": 143229657, "side": "sell", "size": "177.43287000", "price": "0.69220000", "time": "2025-07-12T15:38:47.206641Z", "fetched_at": "2025-07-12T15:39:33.405660+00:00", "symbol": "ADA-USD"}, {"trade_id": 143229656, "side": "sell", "size": "165.16513000", "price": "0.69220000", "time": "2025-07-12T15:38:47.201947Z", "fetched_at": "2025-07-12T15:39:33.405660+00:00", "symbol": "ADA-USD"}, {"trade_id": 143229655, "side": "sell", "size": "1461.01080612", "price": "0.69220000", "time": "2025-07-12T15:38:46.347878Z", "fetched_at": "2025-07-12T15:39:33.405660+00:00", "symbol": "ADA-USD"}, {"trade_id": 143229654, "side": "sell", "size": "1.60000000", "price": "0.69220000", "time": "2025-07-12T15:38:46.347878Z", "fetched_at": "2025-07-12T15:39:33.405660+00:00", "symbol": "ADA-USD"}, {"trade_id": 143229653, "side": "sell", "size": "5721.00000000", "price": "0.69200000", "time": "2025-07-12T15:38:44.941340Z", "fetched_at": "2025-07-12T15:39:33.405660+00:00", "symbol": "ADA-USD"}, {"trade_id": 143229652, "side": "sell", "size": "1.63872303", "price": "0.69190000", "time": "2025-07-12T15:38:44.846283Z", "fetched_at": "2025-07-12T15:39:33.405660+00:00", "symbol": "ADA-USD"}, {"trade_id": 143229651, "side": "sell", "size": "1.96656940", "price": "0.69170000", "time": "2025-07-12T15:38:43.588699Z", "fetched_at": "2025-07-12T15:39:33.405660+00:00", "symbol": "ADA-USD"}, {"trade_id": 143229650, "side": "sell", "size": "0.01741424", "price": "0.69190000", "time": "2025-07-12T15:38:43.186712Z", "fetched_at": "2025-07-12T15:39:33.405660+00:00", "symbol": "ADA-USD"}, {"trade_id": 143229649, "side": "sell", "size": "11.52944055", "price": "0.69170000", "time": "2025-07-12T15:38:43.050004Z", "fetched_at": "2025-07-12T15:39:33.405660+00:00", "symbol": "ADA-USD"}, {"trade_id": 143229648, "side": "sell", "size": "14.44390961", "price": "0.69160000", "time": "2025-07-12T15:38:42.736753Z", "fetched_at": "2025-07-12T15:39:33.405660+00:00", "symbol": "ADA-USD"}, {"trade_id": 143229647, "side": "sell", "size": "7.02731374", "price": "0.69160000", "time": "2025-07-12T15:38:42.335254Z", "fetched_at": "2025-07-12T15:39:33.405660+00:00", "symbol": "ADA-USD"}, {"trade_id": 143229646, "side": "buy", "size": "10.05583292", "price": "0.69160000", "time": "2025-07-12T15:38:42.248755Z", "fetched_at": "2025-07-12T15:39:33.405660+00:00", "symbol": "ADA-USD"}, {"trade_id": 143229645, "side": "buy", "size": "351.00000000", "price": "0.69150000", "time": "2025-07-12T15:38:42.244548Z", "fetched_at": "2025-07-12T15:39:33.405660+00:00", "symbol": "ADA-USD"}, {"trade_id": 143229644, "side": "buy", "size": "351.00000000", "price": "0.69160000", "time": "2025-07-12T15:38:42.237486Z", "fetched_at": "2025-07-12T15:39:33.405660+00:00", "symbol": "ADA-USD"}, {"trade_id": 143229643, "side": "buy", "size": "10.05292577", "price": "0.69180000", "time": "2025-07-12T15:38:42.220403Z", "fetched_at": "2025-07-12T15:39:33.405660+00:00", "symbol": "ADA-USD"}, {"trade_id": 143229642, "side": "buy", "size": "176.15908000", "price": "0.69180000", "time": "2025-07-12T15:38:42.197176Z", "fetched_at": "2025-07-12T15:39:33.405660+00:00", "symbol": "ADA-USD"}, {"trade_id": 143229641, "side": "buy", "size": "18.93714000", "price": "0.69150000", "time": "2025-07-12T15:38:42.164472Z", "fetched_at": "2025-07-12T15:39:33.405660+00:00", "symbol": "ADA-USD"}, {"trade_id": 143229640, "side": "buy", "size": "1254.85349161", "price": "0.69150000", "time": "2025-07-12T15:38:42.163123Z", "fetched_at": "2025-07-12T15:39:33.405660+00:00", "symbol": "ADA-USD"}, {"trade_id": 143229639, "side": "buy", "size": "1.60000000", "price": "0.69150000", "time": "2025-07-12T15:38:42.163123Z", "fetched_at": "2025-07-12T15:39:33.405660+00:00", "symbol": "ADA-USD"}, {"trade_id": 143229638, "side": "buy", "size": "351.00000000", "price": "0.69150000", "time": "2025-07-12T15:38:42.163123Z", "fetched_at": "2025-07-12T15:39:33.405660+00:00", "symbol": "ADA-USD"}, {"trade_id": 143229637, "side": "buy", "size": "0.00108460", "price": "0.69150000", "time": "2025-07-12T15:38:42.163123Z", "fetched_at": "2025-07-12T15:39:33.405660+00:00", "symbol": "ADA-USD"}, {"trade_id": 143229636, "side": "buy", "size": "170.85501400", "price": "0.69150000", "time": "2025-07-12T15:38:42.163123Z", "fetched_at": "2025-07-12T15:39:33.405660+00:00", "symbol": "ADA-USD"}, {"trade_id": 143229635, "side": "buy", "size": "808.41892572", "price": "0.69160000", "time": "2025-07-12T15:38:42.163123Z", "fetched_at": "2025-07-12T15:39:33.405660+00:00", "symbol": "ADA-USD"}, {"trade_id": 143229634, "side": "buy", "size": "274.31079413", "price": "0.69160000", "time": "2025-07-12T15:38:42.163123Z", "fetched_at": "2025-07-12T15:39:33.405660+00:00", "symbol": "ADA-USD"}, {"trade_id": 143229633, "side": "buy", "size": "1.60000000", "price": "0.69160000", "time": "2025-07-12T15:38:42.163123Z", "fetched_at": "2025-07-12T15:39:33.405660+00:00", "symbol": "ADA-USD"}, {"trade_id": 143229632, "side": "buy", "size": "0.00000056", "price": "0.69160000", "time": "2025-07-12T15:38:42.163123Z", "fetched_at": "2025-07-12T15:39:33.405660+00:00", "symbol": "ADA-USD"}, {"trade_id": 143229631, "side": "buy", "size": "745.35367400", "price": "0.69160000", "time": "2025-07-12T15:38:42.163123Z", "fetched_at": "2025-07-12T15:39:33.405660+00:00", "symbol": "ADA-USD"}, {"trade_id": 143229630, "side": "buy", "size": "745.35367400", "price": "0.69160000", "time": "2025-07-12T15:38:42.163123Z", "fetched_at": "2025-07-12T15:39:33.405660+00:00", "symbol": "ADA-USD"}, {"trade_id": 143229629, "side": "buy", "size": "571.52574000", "price": "0.69160000", "time": "2025-07-12T15:38:42.163123Z", "fetched_at": "2025-07-12T15:39:33.405660+00:00", "symbol": "ADA-USD"}, {"trade_id": 143229628, "side": "buy", "size": "85.02837968", "price": "0.69160000", "time": "2025-07-12T15:38:42.163123Z", "fetched_at": "2025-07-12T15:39:33.405660+00:00", "symbol": "ADA-USD"}, {"trade_id": 143229627, "side": "buy", "size": "16.71949971", "price": "0.69160000", "time": "2025-07-12T15:38:42.163123Z", "fetched_at": "2025-07-12T15:39:33.405660+00:00", "symbol": "ADA-USD"}, {"trade_id": 143229626, "side": "buy", "size": "34.34768570", "price": "0.69160000", "time": "2025-07-12T15:38:42.163123Z", "fetched_at": "2025-07-12T15:39:33.405660+00:00", "symbol": "ADA-USD"}, {"trade_id": 143229625, "side": "buy", "size": "33.54884405", "price": "0.69160000", "time": "2025-07-12T15:38:42.163123Z", "fetched_at": "2025-07-12T15:39:33.405660+00:00", "symbol": "ADA-USD"}, {"trade_id": 143229624, "side": "buy", "size": "5671.30000000", "price": "0.69170000", "time": "2025-07-12T15:38:42.160979Z", "fetched_at": "2025-07-12T15:39:33.405660+00:00", "symbol": "ADA-USD"}, {"trade_id": 143229623, "side": "buy", "size": "712.87477607", "price": "0.69170000", "time": "2025-07-12T15:38:42.160979Z", "fetched_at": "2025-07-12T15:39:33.405660+00:00", "symbol": "ADA-USD"}, {"trade_id": 143229622, "side": "buy", "size": "89.04544553", "price": "0.69170000", "time": "2025-07-12T15:38:42.160979Z", "fetched_at": "2025-07-12T15:39:33.405660+00:00", "symbol": "ADA-USD"}, {"trade_id": 143229621, "side": "buy", "size": "1.60000000", "price": "0.69170000", "time": "2025-07-12T15:38:42.160979Z", "fetched_at": "2025-07-12T15:39:33.405660+00:00", "symbol": "ADA-USD"}, {"trade_id": 143229620, "side": "buy", "size": "21.98049990", "price": "0.69170000", "time": "2025-07-12T15:38:42.160979Z", "fetched_at": "2025-07-12T15:39:33.405660+00:00", "symbol": "ADA-USD"}, {"trade_id": 143229619, "side": "buy", "size": "1204.57394439", "price": "0.69180000", "time": "2025-07-12T15:38:42.159878Z", "fetched_at": "2025-07-12T15:39:33.405660+00:00", "symbol": "ADA-USD"}, {"trade_id": 143229618, "side": "buy", "size": "1041.23899048", "price": "0.69180000", "time": "2025-07-12T15:38:42.159795Z", "fetched_at": "2025-07-12T15:39:33.405660+00:00", "symbol": "ADA-USD"}, {"trade_id": 143229617, "side": "buy", "size": "1.60000000", "price": "0.69180000", "time": "2025-07-12T15:38:42.159795Z", "fetched_at": "2025-07-12T15:39:33.405660+00:00", "symbol": "ADA-USD"}, {"trade_id": 143229616, "side": "buy", "size": "1171.06036238", "price": "0.69180000", "time": "2025-07-12T15:38:42.159795Z", "fetched_at": "2025-07-12T15:39:33.405660+00:00", "symbol": "ADA-USD"}, {"trade_id": 143229615, "side": "buy", "size": "636.96784956", "price": "0.69180000", "time": "2025-07-12T15:38:42.159795Z", "fetched_at": "2025-07-12T15:39:33.405660+00:00", "symbol": "ADA-USD"}, {"trade_id": 143229614, "side": "buy", "size": "846.30000000", "price": "0.69180000", "time": "2025-07-12T15:38:42.159795Z", "fetched_at": "2025-07-12T15:39:33.405660+00:00", "symbol": "ADA-USD"}, {"trade_id": 143229613, "side": "buy", "size": "1282.36772716", "price": "0.69190000", "time": "2025-07-12T15:38:42.159795Z", "fetched_at": "2025-07-12T15:39:33.405660+00:00", "symbol": "ADA-USD"}, {"trade_id": 143229612, "side": "buy", "size": "7.95231644", "price": "0.69190000", "time": "2025-07-12T15:38:42.159795Z", "fetched_at": "2025-07-12T15:39:33.405660+00:00", "symbol": "ADA-USD"}, {"trade_id": 143229611, "side": "buy", "size": "1.60000000", "price": "0.69190000", "time": "2025-07-12T15:38:42.159795Z", "fetched_at": "2025-07-12T15:39:33.405660+00:00", "symbol": "ADA-USD"}, {"trade_id": 143229610, "side": "buy", "size": "636.96784956", "price": "0.69190000", "time": "2025-07-12T15:38:42.159795Z", "fetched_at": "2025-07-12T15:39:33.405660+00:00", "symbol": "ADA-USD"}, {"trade_id": 143229609, "side": "buy", "size": "2570.90588660", "price": "0.69200000", "time": "2025-07-12T15:38:40.900123Z", "fetched_at": "2025-07-12T15:39:33.405660+00:00", "symbol": "ADA-USD"}, {"trade_id": 143229608, "side": "buy", "size": "636.63952044", "price": "0.69200000", "time": "2025-07-12T15:38:40.900123Z", "fetched_at": "2025-07-12T15:39:33.405660+00:00", "symbol": "ADA-USD"}, {"trade_id": 143229607, "side": "buy", "size": "636.96784956", "price": "0.69200000", "time": "2025-07-12T15:38:40.900123Z", "fetched_at": "2025-07-12T15:39:33.405660+00:00", "symbol": "ADA-USD"}, {"trade_id": 143229606, "side": "buy", "size": "10.17379580", "price": "0.69200000", "time": "2025-07-12T15:38:40.900123Z", "fetched_at": "2025-07-12T15:39:33.405660+00:00", "symbol": "ADA-USD"}, {"trade_id": 143229605, "side": "buy", "size": "722.54335260", "price": "0.69200000", "time": "2025-07-12T15:38:40.900123Z", "fetched_at": "2025-07-12T15:39:33.405660+00:00", "symbol": "ADA-USD"}, {"trade_id": 143229604, "side": "buy", "size": "351.00000000", "price": "0.69200000", "time": "2025-07-12T15:38:40.900123Z", "fetched_at": "2025-07-12T15:39:33.405660+00:00", "symbol": "ADA-USD"}, {"trade_id": 143229603, "side": "buy", "size": "117.43938000", "price": "0.69200000", "time": "2025-07-12T15:38:40.900123Z", "fetched_at": "2025-07-12T15:39:33.405660+00:00", "symbol": "ADA-USD"}, {"trade_id": 143229602, "side": "buy", "size": "51.00306000", "price": "0.69210000", "time": "2025-07-12T15:38:40.900123Z", "fetched_at": "2025-07-12T15:39:33.405660+00:00", "symbol": "ADA-USD"}, {"trade_id": 143229601, "side": "buy", "size": "351.00000000", "price": "0.69210000", "time": "2025-07-12T15:38:40.900123Z", "fetched_at": "2025-07-12T15:39:33.405660+00:00", "symbol": "ADA-USD"}, {"trade_id": 143229600, "side": "sell", "size": "28.41069570", "price": "0.69210000", "time": "2025-07-12T15:38:39.902515Z", "fetched_at": "2025-07-12T15:39:33.405660+00:00", "symbol": "ADA-USD"}, {"trade_id": 143229599, "side": "sell", "size": "1.59829501", "price": "0.69200000", "time": "2025-07-12T15:38:39.733403Z", "fetched_at": "2025-07-12T15:39:33.405660+00:00", "symbol": "ADA-USD"}, {"trade_id": 143229598, "side": "sell", "size": "1.79174331", "price": "0.69190000", "time": "2025-07-12T15:38:38.937624Z", "fetched_at": "2025-07-12T15:39:33.405660+00:00", "symbol": "ADA-USD"}, {"trade_id": 143229597, "side": "buy", "size": "377.76345562", "price": "0.69180000", "time": "2025-07-12T15:38:38.169687Z", "fetched_at": "2025-07-12T15:39:33.405660+00:00", "symbol": "ADA-USD"}, {"trade_id": 143229596, "side": "buy", "size": "636.96784956", "price": "0.69180000", "time": "2025-07-12T15:38:38.169687Z", "fetched_at": "2025-07-12T15:39:33.405660+00:00", "symbol": "ADA-USD"}, {"trade_id": 143229595, "side": "buy", "size": "1.60000000", "price": "0.69180000", "time": "2025-07-12T15:38:38.169687Z", "fetched_at": "2025-07-12T15:39:33.405660+00:00", "symbol": "ADA-USD"}, {"trade_id": 143229594, "side": "buy", "size": "0.00000005", "price": "0.69180000", "time": "2025-07-12T15:38:38.169687Z", "fetched_at": "2025-07-12T15:39:33.405660+00:00", "symbol": "ADA-USD"}, {"trade_id": 143229593, "side": "buy", "size": "90.92689477", "price": "0.69180000", "time": "2025-07-12T15:38:38.169687Z", "fetched_at": "2025-07-12T15:39:33.405660+00:00", "symbol": "ADA-USD"}, {"trade_id": 143229592, "side": "sell", "size": "5.75442648", "price": "0.69200000", "time": "2025-07-12T15:38:37.443304Z", "fetched_at": "2025-07-12T15:39:33.405660+00:00", "symbol": "ADA-USD"}, {"trade_id": 143229591, "side": "buy", "size": "387.59526903", "price": "0.69190000", "time": "2025-07-12T15:38:35.605033Z", "fetched_at": "2025-07-12T15:39:33.405660+00:00", "symbol": "ADA-USD"}, {"trade_id": 143229590, "side": "buy", "size": "14.44702463", "price": "0.69190000", "time": "2025-07-12T15:38:35.605033Z", "fetched_at": "2025-07-12T15:39:33.405660+00:00", "symbol": "ADA-USD"}, {"trade_id": 143229589, "side": "buy", "size": "706.47351678", "price": "0.69190000", "time": "2025-07-12T15:38:35.605033Z", "fetched_at": "2025-07-12T15:39:33.405660+00:00", "symbol": "ADA-USD"}, {"trade_id": 143229588, "side": "buy", "size": "1.85508956", "price": "0.69190000", "time": "2025-07-12T15:38:35.605033Z", "fetched_at": "2025-07-12T15:39:33.405660+00:00", "symbol": "ADA-USD"}, {"trade_id": 143229587, "side": "buy", "size": "635.11276000", "price": "0.69190000", "time": "2025-07-12T15:38:35.399615Z", "fetched_at": "2025-07-12T15:39:33.405660+00:00", "symbol": "ADA-USD"}, {"trade_id": 143229586, "side": "buy", "size": "1.60000000", "price": "0.69190000", "time": "2025-07-12T15:38:35.399615Z", "fetched_at": "2025-07-12T15:39:33.405660+00:00", "symbol": "ADA-USD"}, {"trade_id": 143229585, "side": "buy", "size": "51.00306000", "price": "0.69200000", "time": "2025-07-12T15:38:35.399615Z", "fetched_at": "2025-07-12T15:39:33.405660+00:00", "symbol": "ADA-USD"}, {"trade_id": 143229584, "side": "buy", "size": "117.43938000", "price": "0.69200000", "time": "2025-07-12T15:38:35.399615Z", "fetched_at": "2025-07-12T15:39:33.405660+00:00", "symbol": "ADA-USD"}, {"trade_id": 143229583, "side": "sell", "size": "0.10000000", "price": "0.69210000", "time": "2025-07-12T15:38:34.057706Z", "fetched_at": "2025-07-12T15:39:33.405660+00:00", "symbol": "ADA-USD"}, {"trade_id": 143229582, "side": "buy", "size": "250.00000000", "price": "0.69200000", "time": "2025-07-12T15:38:32.701569Z", "fetched_at": "2025-07-12T15:39:33.405660+00:00", "symbol": "ADA-USD"}, {"trade_id": 143229581, "side": "buy", "size": "1.60000000", "price": "0.69200000", "time": "2025-07-12T15:38:32.701569Z", "fetched_at": "2025-07-12T15:39:33.405660+00:00", "symbol": "ADA-USD"}, {"trade_id": 143229580, "side": "buy", "size": "35.98265895", "price": "0.69200000", "time": "2025-07-12T15:38:32.701569Z", "fetched_at": "2025-07-12T15:39:33.405660+00:00", "symbol": "ADA-USD"}, {"trade_id": 143229579, "side": "buy", "size": "35.98265895", "price": "0.69200000", "time": "2025-07-12T15:38:32.701569Z", "fetched_at": "2025-07-12T15:39:33.405660+00:00", "symbol": "ADA-USD"}, {"trade_id": 143229578, "side": "buy", "size": "10.00000000", "price": "0.69200000", "time": "2025-07-12T15:38:32.701569Z", "fetched_at": "2025-07-12T15:39:33.405660+00:00", "symbol": "ADA-USD"}, {"trade_id": 143229577, "side": "buy", "size": "1.60000000", "price": "0.69210000", "time": "2025-07-12T15:38:32.384529Z", "fetched_at": "2025-07-12T15:39:33.405660+00:00", "symbol": "ADA-USD"}, {"trade_id": 143229576, "side": "buy", "size": "1.60000000", "price": "0.69220000", "time": "2025-07-12T15:38:32.044682Z", "fetched_at": "2025-07-12T15:39:33.405660+00:00", "symbol": "ADA-USD"}, {"trade_id": 143229575, "side": "buy", "size": "0.36116729", "price": "0.69220000", "time": "2025-07-12T15:38:32.044682Z", "fetched_at": "2025-07-12T15:39:33.405660+00:00", "symbol": "ADA-USD"}, {"trade_id": 143229574, "side": "sell", "size": "363.28571400", "price": "0.69240000", "time": "2025-07-12T15:38:30.934568Z", "fetched_at": "2025-07-12T15:39:33.405660+00:00", "symbol": "ADA-USD"}, {"trade_id": 143229573, "side": "sell", "size": "351.00000000", "price": "0.69240000", "time": "2025-07-12T15:38:30.934568Z", "fetched_at": "2025-07-12T15:39:33.405660+00:00", "symbol": "ADA-USD"}, {"trade_id": 143229572, "side": "sell", "size": "146.97813800", "price": "0.69240000", "time": "2025-07-12T15:38:28.438380Z", "fetched_at": "2025-07-12T15:39:33.405660+00:00", "symbol": "ADA-USD"}, {"trade_id": 143229571, "side": "buy", "size": "1.60000000", "price": "0.69240000", "time": "2025-07-12T15:38:27.749395Z", "fetched_at": "2025-07-12T15:39:33.405660+00:00", "symbol": "ADA-USD"}, {"trade_id": 143229570, "side": "buy", "size": "1.60000000", "price": "0.69260000", "time": "2025-07-12T15:38:25.841488Z", "fetched_at": "2025-07-12T15:39:33.405660+00:00", "symbol": "ADA-USD"}, {"trade_id": 143229569, "side": "sell", "size": "37.57229620", "price": "0.69280000", "time": "2025-07-12T15:38:25.554076Z", "fetched_at": "2025-07-12T15:39:33.405660+00:00", "symbol": "ADA-USD"}, {"trade_id": 143229568, "side": "buy", "size": "71.20351900", "price": "0.69290000", "time": "2025-07-12T15:38:23.048766Z", "fetched_at": "2025-07-12T15:39:33.405660+00:00", "symbol": "ADA-USD"}, {"trade_id": 143229567, "side": "buy", "size": "117.43938000", "price": "0.69300000", "time": "2025-07-12T15:38:23.048766Z", "fetched_at": "2025-07-12T15:39:33.405660+00:00", "symbol": "ADA-USD"}, {"trade_id": 143229566, "side": "sell", "size": "566.86218685", "price": "0.69300000", "time": "2025-07-12T15:38:21.090498Z", "fetched_at": "2025-07-12T15:39:33.405660+00:00", "symbol": "ADA-USD"}, {"trade_id": 143229565, "side": "sell", "size": "1.60000000", "price": "0.69300000", "time": "2025-07-12T15:38:21.090498Z", "fetched_at": "2025-07-12T15:39:33.405660+00:00", "symbol": "ADA-USD"}, {"trade_id": 143229564, "side": "sell", "size": "288.78781315", "price": "0.69300000", "time": "2025-07-12T15:38:21.090498Z", "fetched_at": "2025-07-12T15:39:33.405660+00:00", "symbol": "ADA-USD"}, {"trade_id": 143229563, "side": "sell", "size": "1.60000000", "price": "0.69290000", "time": "2025-07-12T15:38:21.090498Z", "fetched_at": "2025-07-12T15:39:33.405660+00:00", "symbol": "ADA-USD"}, {"trade_id": 143229562, "side": "sell", "size": "1299.07621247", "price": "0.69280000", "time": "2025-07-12T15:38:20.795705Z", "fetched_at": "2025-07-12T15:39:33.405660+00:00", "symbol": "ADA-USD"}, {"trade_id": 143229561, "side": "sell", "size": "1.60000000", "price": "0.69280000", "time": "2025-07-12T15:38:20.795705Z", "fetched_at": "2025-07-12T15:39:33.405660+00:00", "symbol": "ADA-USD"}, {"trade_id": 143229560, "side": "sell", "size": "2728.39160655", "price": "0.69280000", "time": "2025-07-12T15:38:20.795705Z", "fetched_at": "2025-07-12T15:39:33.405660+00:00", "symbol": "ADA-USD"}, {"trade_id": 143229559, "side": "sell", "size": "1.60000000", "price": "0.69270000", "time": "2025-07-12T15:38:20.793760Z", "fetched_at": "2025-07-12T15:39:33.405660+00:00", "symbol": "ADA-USD"}, {"trade_id": 143229558, "side": "sell", "size": "1.60000000", "price": "0.69260000", "time": "2025-07-12T15:38:20.495938Z", "fetched_at": "2025-07-12T15:39:33.405660+00:00", "symbol": "ADA-USD"}, {"trade_id": 143229557, "side": "sell", "size": "5707.50000000", "price": "0.69240000", "time": "2025-07-12T15:38:20.039381Z", "fetched_at": "2025-07-12T15:39:33.405660+00:00", "symbol": "ADA-USD"}, {"trade_id": 143229556, "side": "sell", "size": "220.63041594", "price": "0.69240000", "time": "2025-07-12T15:38:19.949233Z", "fetched_at": "2025-07-12T15:39:33.405660+00:00", "symbol": "ADA-USD"}, {"trade_id": 143229555, "side": "buy", "size": "74.45628400", "price": "0.69230000", "time": "2025-07-12T15:38:19.793278Z", "fetched_at": "2025-07-12T15:39:33.405660+00:00", "symbol": "ADA-USD"}, {"trade_id": 143229554, "side": "sell", "size": "1.72802172", "price": "0.69230000", "time": "2025-07-12T15:38:19.774304Z", "fetched_at": "2025-07-12T15:39:33.405660+00:00", "symbol": "ADA-USD"}, {"trade_id": 143229553, "side": "sell", "size": "0.01444252", "price": "0.69250000", "time": "2025-07-12T15:38:17.305884Z", "fetched_at": "2025-07-12T15:39:33.405660+00:00", "symbol": "ADA-USD"}, {"trade_id": 143229552, "side": "sell", "size": "11.10165248", "price": "0.69240000", "time": "2025-07-12T15:38:17.286542Z", "fetched_at": "2025-07-12T15:39:33.405660+00:00", "symbol": "ADA-USD"}, {"trade_id": 143229551, "side": "sell", "size": "14.43774203", "price": "0.69230000", "time": "2025-07-12T15:38:17.020197Z", "fetched_at": "2025-07-12T15:39:33.405660+00:00", "symbol": "ADA-USD"}, {"trade_id": 143229550, "side": "sell", "size": "821.84557922", "price": "0.69230000", "time": "2025-07-12T15:38:17.013455Z", "fetched_at": "2025-07-12T15:39:33.405660+00:00", "symbol": "ADA-USD"}, {"trade_id": 143229549, "side": "buy", "size": "6.67171202", "price": "0.69210000", "time": "2025-07-12T15:38:16.569577Z", "fetched_at": "2025-07-12T15:39:33.405660+00:00", "symbol": "ADA-USD"}, {"trade_id": 143229548, "side": "buy", "size": "846.10000000", "price": "0.69210000", "time": "2025-07-12T15:38:16.569577Z", "fetched_at": "2025-07-12T15:39:33.405660+00:00", "symbol": "ADA-USD"}, {"trade_id": 143229547, "side": "buy", "size": "1.60000000", "price": "0.69210000", "time": "2025-07-12T15:38:16.569577Z", "fetched_at": "2025-07-12T15:39:33.405660+00:00", "symbol": "ADA-USD"}, {"trade_id": 143229546, "side": "buy", "size": "1310.13426038", "price": "0.69210000", "time": "2025-07-12T15:38:16.569577Z", "fetched_at": "2025-07-12T15:39:33.405660+00:00", "symbol": "ADA-USD"}, {"trade_id": 143229545, "side": "buy", "size": "1410.52419326", "price": "0.69220000", "time": "2025-07-12T15:38:16.527443Z", "fetched_at": "2025-07-12T15:39:33.405660+00:00", "symbol": "ADA-USD"}, {"trade_id": 143229544, "side": "buy", "size": "6.67074818", "price": "0.69220000", "time": "2025-07-12T15:38:16.527443Z", "fetched_at": "2025-07-12T15:39:33.405660+00:00", "symbol": "ADA-USD"}, {"trade_id": 143229543, "side": "buy", "size": "1230.10893396", "price": "0.69220000", "time": "2025-07-12T15:38:16.527443Z", "fetched_at": "2025-07-12T15:39:33.405660+00:00", "symbol": "ADA-USD"}, {"trade_id": 143229542, "side": "buy", "size": "1.60000000", "price": "0.69220000", "time": "2025-07-12T15:38:16.527443Z", "fetched_at": "2025-07-12T15:39:33.405660+00:00", "symbol": "ADA-USD"}, {"trade_id": 143229541, "side": "buy", "size": "887.26767290", "price": "0.69220000", "time": "2025-07-12T15:38:16.527443Z", "fetched_at": "2025-07-12T15:39:33.405660+00:00", "symbol": "ADA-USD"}, {"trade_id": 143229540, "side": "buy", "size": "531.65961957", "price": "0.69220000", "time": "2025-07-12T15:38:16.527443Z", "fetched_at": "2025-07-12T15:39:33.405660+00:00", "symbol": "ADA-USD"}, {"trade_id": 143229539, "side": "buy", "size": "1602.17660063", "price": "0.69220000", "time": "2025-07-12T15:38:16.525086Z", "fetched_at": "2025-07-12T15:39:33.405660+00:00", "symbol": "ADA-USD"}, {"trade_id": 143229538, "side": "buy", "size": "1.60000000", "price": "0.69230000", "time": "2025-07-12T15:38:16.525086Z", "fetched_at": "2025-07-12T15:39:33.405660+00:00", "symbol": "ADA-USD"}, {"trade_id": 143229537, "side": "buy", "size": "177.94632000", "price": "0.69250000", "time": "2025-07-12T15:38:13.707030Z", "fetched_at": "2025-07-12T15:39:33.405660+00:00", "symbol": "ADA-USD"}, {"trade_id": 143229536, "side": "sell", "size": "1383.86823513", "price": "0.69270000", "time": "2025-07-12T15:38:11.765185Z", "fetched_at": "2025-07-12T15:39:33.405660+00:00", "symbol": "ADA-USD"}, {"trade_id": 143229535, "side": "sell", "size": "41.62180278", "price": "0.69260000", "time": "2025-07-12T15:38:10.580624Z", "fetched_at": "2025-07-12T15:39:33.405660+00:00", "symbol": "ADA-USD"}, {"trade_id": 143229534, "side": "sell", "size": "288.78781315", "price": "0.69260000", "time": "2025-07-12T15:38:10.580624Z", "fetched_at": "2025-07-12T15:39:33.405660+00:00", "symbol": "ADA-USD"}, {"trade_id": 143229533, "side": "buy", "size": "3591.06377980", "price": "0.69220000", "time": "2025-07-12T15:38:10.532003Z", "fetched_at": "2025-07-12T15:39:33.405660+00:00", "symbol": "ADA-USD"}, {"trade_id": 143229532, "side": "buy", "size": "636.96784956", "price": "0.69220000", "time": "2025-07-12T15:38:10.532003Z", "fetched_at": "2025-07-12T15:39:33.405660+00:00", "symbol": "ADA-USD"}, {"trade_id": 143229531, "side": "buy", "size": "0.36111512", "price": "0.69230000", "time": "2025-07-12T15:38:10.532003Z", "fetched_at": "2025-07-12T15:39:33.405660+00:00", "symbol": "ADA-USD"}, {"trade_id": 143229530, "side": "buy", "size": "1762.64226000", "price": "0.69230000", "time": "2025-07-12T15:38:10.532003Z", "fetched_at": "2025-07-12T15:39:33.405660+00:00", "symbol": "ADA-USD"}, {"trade_id": 143229529, "side": "buy", "size": "1757.08749000", "price": "0.69230000", "time": "2025-07-12T15:38:10.532003Z", "fetched_at": "2025-07-12T15:39:33.405660+00:00", "symbol": "ADA-USD"}, {"trade_id": 143229528, "side": "buy", "size": "1.60000000", "price": "0.69230000", "time": "2025-07-12T15:38:10.532003Z", "fetched_at": "2025-07-12T15:39:33.405660+00:00", "symbol": "ADA-USD"}, {"trade_id": 143229527, "side": "buy", "size": "697.86566697", "price": "0.69230000", "time": "2025-07-12T15:38:10.532003Z", "fetched_at": "2025-07-12T15:39:33.405660+00:00", "symbol": "ADA-USD"}, {"trade_id": 143229526, "side": "buy", "size": "2718.35116925", "price": "0.69230000", "time": "2025-07-12T15:38:10.532003Z", "fetched_at": "2025-07-12T15:39:33.405660+00:00", "symbol": "ADA-USD"}, {"trade_id": 143229525, "side": "buy", "size": "636.96784956", "price": "0.69230000", "time": "2025-07-12T15:38:10.532003Z", "fetched_at": "2025-07-12T15:39:33.405660+00:00", "symbol": "ADA-USD"}, {"trade_id": 143229524, "side": "buy", "size": "1894.76606969", "price": "0.69240000", "time": "2025-07-12T15:38:10.532003Z", "fetched_at": "2025-07-12T15:39:33.405660+00:00", "symbol": "ADA-USD"}, {"trade_id": 143229523, "side": "buy", "size": "636.96784956", "price": "0.69240000", "time": "2025-07-12T15:38:10.532003Z", "fetched_at": "2025-07-12T15:39:33.405660+00:00", "symbol": "ADA-USD"}, {"trade_id": 143229522, "side": "buy", "size": "118.63088000", "price": "0.69240000", "time": "2025-07-12T15:38:10.532003Z", "fetched_at": "2025-07-12T15:39:33.405660+00:00", "symbol": "ADA-USD"}, {"trade_id": 143229521, "side": "buy", "size": "118.63088000", "price": "0.69250000", "time": "2025-07-12T15:38:08.979289Z", "fetched_at": "2025-07-12T15:39:33.405660+00:00", "symbol": "ADA-USD"}, {"trade_id": 143229520, "side": "sell", "size": "5.41327400", "price": "0.69260000", "time": "2025-07-12T15:38:08.902062Z", "fetched_at": "2025-07-12T15:39:33.405660+00:00", "symbol": "ADA-USD"}, {"trade_id": 143229519, "side": "sell", "size": "1.60000000", "price": "0.69260000", "time": "2025-07-12T15:38:08.902062Z", "fetched_at": "2025-07-12T15:39:33.405660+00:00", "symbol": "ADA-USD"}, {"trade_id": 143229518, "side": "sell", "size": "0.00000047", "price": "0.69250000", "time": "2025-07-12T15:38:06.502664Z", "fetched_at": "2025-07-12T15:39:33.405660+00:00", "symbol": "ADA-USD"}, {"trade_id": 143229517, "side": "sell", "size": "815.66399000", "price": "0.69250000", "time": "2025-07-12T15:38:06.500548Z", "fetched_at": "2025-07-12T15:39:33.405660+00:00", "symbol": "ADA-USD"}, {"trade_id": 143229516, "side": "buy", "size": "118.63088000", "price": "0.69230000", "time": "2025-07-12T15:38:06.277374Z", "fetched_at": "2025-07-12T15:39:33.405660+00:00", "symbol": "ADA-USD"}, {"trade_id": 143229515, "side": "buy", "size": "845.80000000", "price": "0.69230000", "time": "2025-07-12T15:38:06.041687Z", "fetched_at": "2025-07-12T15:39:33.405660+00:00", "symbol": "ADA-USD"}, {"trade_id": 143229514, "side": "buy", "size": "117.43938000", "price": "0.69230000", "time": "2025-07-12T15:38:05.337726Z", "fetched_at": "2025-07-12T15:39:33.405660+00:00", "symbol": "ADA-USD"}, {"trade_id": 143229513, "side": "buy", "size": "118.63088000", "price": "0.69230000", "time": "2025-07-12T15:38:05.337726Z", "fetched_at": "2025-07-12T15:39:33.405660+00:00", "symbol": "ADA-USD"}, {"trade_id": 143229512, "side": "buy", "size": "118.63088000", "price": "0.69230000", "time": "2025-07-12T15:38:04.530322Z", "fetched_at": "2025-07-12T15:39:33.405660+00:00", "symbol": "ADA-USD"}, {"trade_id": 143229511, "side": "buy", "size": "177.94632000", "price": "0.69230000", "time": "2025-07-12T15:38:04.450154Z", "fetched_at": "2025-07-12T15:39:33.405660+00:00", "symbol": "ADA-USD"}, {"trade_id": 143229510, "side": "buy", "size": "117.43938000", "price": "0.69230000", "time": "2025-07-12T15:38:04.342497Z", "fetched_at": "2025-07-12T15:39:33.405660+00:00", "symbol": "ADA-USD"}, {"trade_id": 143229509, "side": "buy", "size": "117.43938000", "price": "0.69230000", "time": "2025-07-12T15:38:04.252410Z", "fetched_at": "2025-07-12T15:39:33.405660+00:00", "symbol": "ADA-USD"}, {"trade_id": 143229508, "side": "sell", "size": "1.52784038", "price": "0.69230000", "time": "2025-07-12T15:38:03.969588Z", "fetched_at": "2025-07-12T15:39:33.405660+00:00", "symbol": "ADA-USD"}, {"trade_id": 143229507, "side": "buy", "size": "76.01573962", "price": "0.69210000", "time": "2025-07-12T15:38:03.768739Z", "fetched_at": "2025-07-12T15:39:33.405660+00:00", "symbol": "ADA-USD"}, {"trade_id": 143229506, "side": "buy", "size": "98.15741138", "price": "0.69210000", "time": "2025-07-12T15:38:03.768739Z", "fetched_at": "2025-07-12T15:39:33.405660+00:00", "symbol": "ADA-USD"}, {"trade_id": 143229505, "side": "buy", "size": "117.43938000", "price": "0.69220000", "time": "2025-07-12T15:38:03.768739Z", "fetched_at": "2025-07-12T15:39:33.405660+00:00", "symbol": "ADA-USD"}, {"trade_id": 143229504, "side": "buy", "size": "66.45023214", "price": "0.69210000", "time": "2025-07-12T15:38:03.440066Z", "fetched_at": "2025-07-12T15:39:33.405660+00:00", "symbol": "ADA-USD"}, {"trade_id": 143229503, "side": "buy", "size": "0.95422943", "price": "0.69210000", "time": "2025-07-12T15:38:03.440066Z", "fetched_at": "2025-07-12T15:39:33.405660+00:00", "symbol": "ADA-USD"}, {"trade_id": 143229502, "side": "buy", "size": "2.03177843", "price": "0.69220000", "time": "2025-07-12T15:38:03.440066Z", "fetched_at": "2025-07-12T15:39:33.405660+00:00", "symbol": "ADA-USD"}, {"trade_id": 143229501, "side": "buy", "size": "51.00306000", "price": "0.69220000", "time": "2025-07-12T15:38:03.440066Z", "fetched_at": "2025-07-12T15:39:33.405660+00:00", "symbol": "ADA-USD"}, {"trade_id": 143229500, "side": "buy", "size": "50.00000000", "price": "0.69220000", "time": "2025-07-12T15:38:03.440066Z", "fetched_at": "2025-07-12T15:39:33.405660+00:00", "symbol": "ADA-USD"}, {"trade_id": 143229499, "side": "buy", "size": "351.00000000", "price": "0.69220000", "time": "2025-07-12T15:38:03.440066Z", "fetched_at": "2025-07-12T15:39:33.405660+00:00", "symbol": "ADA-USD"}, {"trade_id": 143229498, "side": "buy", "size": "1.60000000", "price": "0.69220000", "time": "2025-07-12T15:38:03.440066Z", "fetched_at": "2025-07-12T15:39:33.405660+00:00", "symbol": "ADA-USD"}, {"trade_id": 143229497, "side": "buy", "size": "5.00000000", "price": "0.69220000", "time": "2025-07-12T15:38:03.440066Z", "fetched_at": "2025-07-12T15:39:33.405660+00:00", "symbol": "ADA-USD"}, {"trade_id": 143229496, "side": "buy", "size": "0.36049027", "price": "0.69230000", "time": "2025-07-12T15:38:03.063060Z", "fetched_at": "2025-07-12T15:39:33.405660+00:00", "symbol": "ADA-USD"}, {"trade_id": 143229495, "side": "buy", "size": "4.22652387", "price": "0.69230000", "time": "2025-07-12T15:38:03.062914Z", "fetched_at": "2025-07-12T15:39:33.405660+00:00", "symbol": "ADA-USD"}, {"trade_id": 143229494, "side": "buy", "size": "845.80000000", "price": "0.69230000", "time": "2025-07-12T15:38:03.062914Z", "fetched_at": "2025-07-12T15:39:33.405660+00:00", "symbol": "ADA-USD"}, {"trade_id": 143229493, "side": "buy", "size": "0.36049027", "price": "0.69240000", "time": "2025-07-12T15:38:03.062914Z", "fetched_at": "2025-07-12T15:39:33.405660+00:00", "symbol": "ADA-USD"}, {"trade_id": 143229492, "side": "buy", "size": "5.44033250", "price": "0.69260000", "time": "2025-07-12T15:38:02.630430Z", "fetched_at": "2025-07-12T15:39:33.405660+00:00", "symbol": "ADA-USD"}, {"trade_id": 143229491, "side": "buy", "size": "177.94632000", "price": "0.69260000", "time": "2025-07-12T15:38:02.630430Z", "fetched_at": "2025-07-12T15:39:33.405660+00:00", "symbol": "ADA-USD"}, {"trade_id": 143229490, "side": "sell", "size": "50.00000000", "price": "0.69260000", "time": "2025-07-12T15:38:01.318617Z", "fetched_at": "2025-07-12T15:39:33.405660+00:00", "symbol": "ADA-USD"}, {"trade_id": 143229489, "side": "sell", "size": "288.78781315", "price": "0.69260000", "time": "2025-07-12T15:38:01.318617Z", "fetched_at": "2025-07-12T15:39:33.405660+00:00", "symbol": "ADA-USD"}, {"trade_id": 143229488, "side": "buy", "size": "2106.12287044", "price": "0.69250000", "time": "2025-07-12T15:38:01.071556Z", "fetched_at": "2025-07-12T15:39:33.405660+00:00", "symbol": "ADA-USD"}, {"trade_id": 143229487, "side": "buy", "size": "636.96784956", "price": "0.69250000", "time": "2025-07-12T15:38:01.071556Z", "fetched_at": "2025-07-12T15:39:33.405660+00:00", "symbol": "ADA-USD"}, {"trade_id": 143229486, "side": "buy", "size": "118.63088000", "price": "0.69250000", "time": "2025-07-12T15:38:01.071556Z", "fetched_at": "2025-07-12T15:39:33.405660+00:00", "symbol": "ADA-USD"}, {"trade_id": 143229485, "side": "sell", "size": "12.72945234", "price": "0.69260000", "time": "2025-07-12T15:38:01.005029Z", "fetched_at": "2025-07-12T15:39:33.405660+00:00", "symbol": "ADA-USD"}, {"trade_id": 143229484, "side": "sell", "size": "288.78781315", "price": "0.69260000", "time": "2025-07-12T15:38:01.005029Z", "fetched_at": "2025-07-12T15:39:33.405660+00:00", "symbol": "ADA-USD"}, {"trade_id": 143229483, "side": "buy", "size": "0.00003287", "price": "0.69280000", "time": "2025-07-12T15:37:54.662045Z", "fetched_at": "2025-07-12T15:39:33.405660+00:00", "symbol": "ADA-USD"}, {"trade_id": 143229482, "side": "buy", "size": "7.99750000", "price": "0.69280000", "time": "2025-07-12T15:37:54.661915Z", "fetched_at": "2025-07-12T15:39:33.405660+00:00", "symbol": "ADA-USD"}, {"trade_id": 143229481, "side": "buy", "size": "1475.84742000", "price": "0.69270000", "time": "2025-07-12T15:37:54.626743Z", "fetched_at": "2025-07-12T15:39:33.405660+00:00", "symbol": "ADA-USD"}, {"trade_id": 143229480, "side": "buy", "size": "288.78781315", "price": "0.69270000", "time": "2025-07-12T15:37:54.626743Z", "fetched_at": "2025-07-12T15:39:33.405660+00:00", "symbol": "ADA-USD"}, {"trade_id": 143229479, "side": "buy", "size": "50.00000000", "price": "0.69280000", "time": "2025-07-12T15:37:54.626045Z", "fetched_at": "2025-07-12T15:39:33.405660+00:00", "symbol": "ADA-USD"}, {"trade_id": 143229478, "side": "buy", "size": "8.03739851", "price": "0.69280000", "time": "2025-07-12T15:37:54.626045Z", "fetched_at": "2025-07-12T15:39:33.405660+00:00", "symbol": "ADA-USD"}, {"trade_id": 143229477, "side": "buy", "size": "118.63088000", "price": "0.69290000", "time": "2025-07-12T15:37:54.626045Z", "fetched_at": "2025-07-12T15:39:33.405660+00:00", "symbol": "ADA-USD"}, {"trade_id": 143229476, "side": "buy", "size": "365.00000000", "price": "0.69300000", "time": "2025-07-12T15:37:54.614064Z", "fetched_at": "2025-07-12T15:39:33.405660+00:00", "symbol": "ADA-USD"}, {"trade_id": 143229475, "side": "sell", "size": "6.05364218", "price": "0.69290000", "time": "2025-07-12T15:37:54.196558Z", "fetched_at": "2025-07-12T15:39:33.405660+00:00", "symbol": "ADA-USD"}, {"trade_id": 143229474, "side": "buy", "size": "464.52492236", "price": "0.69270000", "time": "2025-07-12T15:37:52.494764Z", "fetched_at": "2025-07-12T15:39:33.405660+00:00", "symbol": "ADA-USD"}, {"trade_id": 143229473, "side": "buy", "size": "1475.31507000", "price": "0.69270000", "time": "2025-07-12T15:37:52.494764Z", "fetched_at": "2025-07-12T15:39:33.405660+00:00", "symbol": "ADA-USD"}, {"trade_id": 143229472, "side": "buy", "size": "3346.61570086", "price": "0.69270000", "time": "2025-07-12T15:37:52.494764Z", "fetched_at": "2025-07-12T15:39:33.405660+00:00", "symbol": "ADA-USD"}, {"trade_id": 143229471, "side": "buy", "size": "473.76715839", "price": "0.69270000", "time": "2025-07-12T15:37:52.494764Z", "fetched_at": "2025-07-12T15:39:33.405660+00:00", "symbol": "ADA-USD"}, {"trade_id": 143229470, "side": "buy", "size": "437.70669444", "price": "0.69270000", "time": "2025-07-12T15:37:52.494764Z", "fetched_at": "2025-07-12T15:39:33.405660+00:00", "symbol": "ADA-USD"}, {"trade_id": 143229469, "side": "buy", "size": "636.96784956", "price": "0.69270000", "time": "2025-07-12T15:37:52.494764Z", "fetched_at": "2025-07-12T15:39:33.405660+00:00", "symbol": "ADA-USD"}, {"trade_id": 143229468, "side": "buy", "size": "9.07727519", "price": "0.69280000", "time": "2025-07-12T15:37:52.494764Z", "fetched_at": "2025-07-12T15:39:33.405660+00:00", "symbol": "ADA-USD"}, {"trade_id": 143229467, "side": "buy", "size": "538.54075494", "price": "0.69280000", "time": "2025-07-12T15:37:52.494764Z", "fetched_at": "2025-07-12T15:39:33.405660+00:00", "symbol": "ADA-USD"}, {"trade_id": 143229466, "side": "buy", "size": "288.78781315", "price": "0.69280000", "time": "2025-07-12T15:37:52.494764Z", "fetched_at": "2025-07-12T15:39:33.405660+00:00", "symbol": "ADA-USD"}, {"trade_id": 143229465, "side": "buy", "size": "1475.52793000", "price": "0.69280000", "time": "2025-07-12T15:37:52.494764Z", "fetched_at": "2025-07-12T15:39:33.405660+00:00", "symbol": "ADA-USD"}, {"trade_id": 143229464, "side": "buy", "size": "688.56262006", "price": "0.69280000", "time": "2025-07-12T15:37:52.494764Z", "fetched_at": "2025-07-12T15:39:33.405660+00:00", "symbol": "ADA-USD"}, {"trade_id": 143229463, "side": "buy", "size": "341.87289914", "price": "0.69280000", "time": "2025-07-12T15:37:52.494764Z", "fetched_at": "2025-07-12T15:39:33.405660+00:00", "symbol": "ADA-USD"}, {"trade_id": 143229462, "side": "buy", "size": "636.96784956", "price": "0.69280000", "time": "2025-07-12T15:37:52.494764Z", "fetched_at": "2025-07-12T15:39:33.405660+00:00", "symbol": "ADA-USD"}, {"trade_id": 143229461, "side": "buy", "size": "0.02274765", "price": "0.69280000", "time": "2025-07-12T15:37:52.494764Z", "fetched_at": "2025-07-12T15:39:33.405660+00:00", "symbol": "ADA-USD"}, {"trade_id": 143229460, "side": "buy", "size": "1751.43468000", "price": "0.69290000", "time": "2025-07-12T15:37:52.494764Z", "fetched_at": "2025-07-12T15:39:33.405660+00:00", "symbol": "ADA-USD"}, {"trade_id": 143229459, "side": "buy", "size": "1745.67713000", "price": "0.69290000", "time": "2025-07-12T15:37:52.494764Z", "fetched_at": "2025-07-12T15:39:33.405660+00:00", "symbol": "ADA-USD"}, {"trade_id": 143229458, "side": "buy", "size": "502.21820745", "price": "0.69290000", "time": "2025-07-12T15:37:52.494764Z", "fetched_at": "2025-07-12T15:39:33.405660+00:00", "symbol": "ADA-USD"}, {"trade_id": 143229457, "side": "buy", "size": "1475.52793000", "price": "0.69290000", "time": "2025-07-12T15:37:52.494764Z", "fetched_at": "2025-07-12T15:39:33.405660+00:00", "symbol": "ADA-USD"}, {"trade_id": 143229456, "side": "buy", "size": "840.01841617", "price": "0.69290000", "time": "2025-07-12T15:37:52.494764Z", "fetched_at": "2025-07-12T15:39:33.405660+00:00", "symbol": "ADA-USD"}, {"trade_id": 143229455, "side": "buy", "size": "413.15122063", "price": "0.69290000", "time": "2025-07-12T15:37:52.494764Z", "fetched_at": "2025-07-12T15:39:33.405660+00:00", "symbol": "ADA-USD"}, {"trade_id": 143229454, "side": "buy", "size": "905.18182563", "price": "0.69300000", "time": "2025-07-12T15:37:52.494764Z", "fetched_at": "2025-07-12T15:39:33.405660+00:00", "symbol": "ADA-USD"}, {"trade_id": 143229453, "side": "buy", "size": "1216.13420525", "price": "0.69300000", "time": "2025-07-12T15:37:52.494764Z", "fetched_at": "2025-07-12T15:39:33.405660+00:00", "symbol": "ADA-USD"}, {"trade_id": 143229452, "side": "buy", "size": "636.96784956", "price": "0.69300000", "time": "2025-07-12T15:37:52.494764Z", "fetched_at": "2025-07-12T15:39:33.405660+00:00", "symbol": "ADA-USD"}, {"trade_id": 143229451, "side": "buy", "size": "118.63088000", "price": "0.69300000", "time": "2025-07-12T15:37:52.494764Z", "fetched_at": "2025-07-12T15:39:33.405660+00:00", "symbol": "ADA-USD"}, {"trade_id": 143229450, "side": "sell", "size": "161.19789200", "price": "0.69300000", "time": "2025-07-12T15:37:48.959952Z", "fetched_at": "2025-07-12T15:39:33.405660+00:00", "symbol": "ADA-USD"}, {"trade_id": 143229449, "side": "sell", "size": "50.00000000", "price": "0.69300000", "time": "2025-07-12T15:37:48.959952Z", "fetched_at": "2025-07-12T15:39:33.405660+00:00", "symbol": "ADA-USD"}, {"trade_id": 143229448, "side": "sell", "size": "279.60210800", "price": "0.69300000", "time": "2025-07-12T15:37:48.959952Z", "fetched_at": "2025-07-12T15:39:33.405660+00:00", "symbol": "ADA-USD"}, {"trade_id": 143229447, "side": "sell", "size": "71.39789200", "price": "0.69300000", "time": "2025-07-12T15:37:48.858300Z", "fetched_at": "2025-07-12T15:39:33.405660+00:00", "symbol": "ADA-USD"}, {"trade_id": 143229446, "side": "buy", "size": "118.63088000", "price": "0.69310000", "time": "2025-07-12T15:37:47.753948Z", "fetched_at": "2025-07-12T15:39:33.405660+00:00", "symbol": "ADA-USD"}, {"trade_id": 143229445, "side": "buy", "size": "299.65297423", "price": "0.69290000", "time": "2025-07-12T15:37:47.118139Z", "fetched_at": "2025-07-12T15:39:33.405660+00:00", "symbol": "ADA-USD"}, {"trade_id": 143229444, "side": "buy", "size": "50.00000000", "price": "0.69290000", "time": "2025-07-12T15:37:47.118139Z", "fetched_at": "2025-07-12T15:39:33.405660+00:00", "symbol": "ADA-USD"}, {"trade_id": 143229443, "side": "buy", "size": "118.63088000", "price": "0.69290000", "time": "2025-07-12T15:37:47.108371Z", "fetched_at": "2025-07-12T15:39:33.405660+00:00", "symbol": "ADA-USD"}, {"trade_id": 143229442, "side": "buy", "size": "351.00000000", "price": "0.69290000", "time": "2025-07-12T15:37:47.108371Z", "fetched_at": "2025-07-12T15:39:33.405660+00:00", "symbol": "ADA-USD"}, {"trade_id": 143229441, "side": "sell", "size": "721.60484918", "price": "0.69290000", "time": "2025-07-12T15:37:47.077481Z", "fetched_at": "2025-07-12T15:39:33.405660+00:00", "symbol": "ADA-USD"}, {"trade_id": 143229440, "side": "buy", "size": "351.00000000", "price": "0.69310000", "time": "2025-07-12T15:37:43.686298Z", "fetched_at": "2025-07-12T15:39:33.405660+00:00", "symbol": "ADA-USD"}, {"trade_id": 143229439, "side": "sell", "size": "726.85106889", "price": "0.69300000", "time": "2025-07-12T15:37:43.664034Z", "fetched_at": "2025-07-12T15:39:33.405660+00:00", "symbol": "ADA-USD"}, {"trade_id": 143229438, "side": "sell", "size": "0.10000000", "price": "0.69290000", "time": "2025-07-12T15:37:43.000222Z", "fetched_at": "2025-07-12T15:39:33.405660+00:00", "symbol": "ADA-USD"}, {"trade_id": 143229437, "side": "sell", "size": "71.45950600", "price": "0.69300000", "time": "2025-07-12T15:37:42.010125Z", "fetched_at": "2025-07-12T15:39:33.405660+00:00", "symbol": "ADA-USD"}, {"trade_id": 143229436, "side": "sell", "size": "0.74093600", "price": "0.69290000", "time": "2025-07-12T15:37:41.442393Z", "fetched_at": "2025-07-12T15:39:33.405660+00:00", "symbol": "ADA-USD"}, {"trade_id": 143229435, "side": "buy", "size": "21.65439600", "price": "0.69290000", "time": "2025-07-12T15:37:40.293569Z", "fetched_at": "2025-07-12T15:39:33.405660+00:00", "symbol": "ADA-USD"}, {"trade_id": 143229434, "side": "sell", "size": "12.32656200", "price": "0.69300000", "time": "2025-07-12T15:37:40.207672Z", "fetched_at": "2025-07-12T15:39:33.405660+00:00", "symbol": "ADA-USD"}, {"trade_id": 143229433, "side": "sell", "size": "1.60000000", "price": "0.69300000", "time": "2025-07-12T15:37:40.207672Z", "fetched_at": "2025-07-12T15:39:33.405660+00:00", "symbol": "ADA-USD"}, {"trade_id": 143229432, "side": "sell", "size": "1977.49753834", "price": "0.69290000", "time": "2025-07-12T15:37:39.608152Z", "fetched_at": "2025-07-12T15:39:33.405660+00:00", "symbol": "ADA-USD"}, {"trade_id": 143229431, "side": "sell", "size": "1.60000000", "price": "0.69290000", "time": "2025-07-12T15:37:39.608152Z", "fetched_at": "2025-07-12T15:39:33.405660+00:00", "symbol": "ADA-USD"}, {"trade_id": 143229430, "side": "sell", "size": "721.81319474", "price": "0.69270000", "time": "2025-07-12T15:37:39.071302Z", "fetched_at": "2025-07-12T15:39:33.405660+00:00", "symbol": "ADA-USD"}, {"trade_id": 143229429, "side": "buy", "size": "500.00000000", "price": "0.69250000", "time": "2025-07-12T15:37:38.284021Z", "fetched_at": "2025-07-12T15:39:33.405660+00:00", "symbol": "ADA-USD"}, {"trade_id": 143229428, "side": "sell", "size": "3.40545443", "price": "0.69280000", "time": "2025-07-12T15:37:38.003947Z", "fetched_at": "2025-07-12T15:39:33.405660+00:00", "symbol": "ADA-USD"}, {"trade_id": 143229427, "side": "sell", "size": "1.60000000", "price": "0.69280000", "time": "2025-07-12T15:37:38.003947Z", "fetched_at": "2025-07-12T15:39:33.405660+00:00", "symbol": "ADA-USD"}, {"trade_id": 143229426, "side": "buy", "size": "30.71555500", "price": "0.69270000", "time": "2025-07-12T15:37:36.215175Z", "fetched_at": "2025-07-12T15:39:33.405660+00:00", "symbol": "ADA-USD"}, {"trade_id": 143229425, "side": "buy", "size": "71.64375300", "price": "0.69270000", "time": "2025-07-12T15:37:35.639874Z", "fetched_at": "2025-07-12T15:39:33.405660+00:00", "symbol": "ADA-USD"}, {"trade_id": 143229424, "side": "sell", "size": "5754.79280599", "price": "0.69270000", "time": "2025-07-12T15:37:35.470500Z", "fetched_at": "2025-07-12T15:39:33.405660+00:00", "symbol": "ADA-USD"}, {"trade_id": 143229423, "side": "sell", "size": "4.10719401", "price": "0.69270000", "time": "2025-07-12T15:37:35.421495Z", "fetched_at": "2025-07-12T15:39:33.405660+00:00", "symbol": "ADA-USD"}, {"trade_id": 143229422, "side": "sell", "size": "2.45531741", "price": "0.69250000", "time": "2025-07-12T15:37:33.546117Z", "fetched_at": "2025-07-12T15:39:33.405660+00:00", "symbol": "ADA-USD"}, {"trade_id": 143229421, "side": "sell", "size": "0.10000000", "price": "0.69250000", "time": "2025-07-12T15:37:33.191275Z", "fetched_at": "2025-07-12T15:39:33.405660+00:00", "symbol": "ADA-USD"}, {"trade_id": 143229420, "side": "sell", "size": "8.45245553", "price": "0.69250000", "time": "2025-07-12T15:37:32.974127Z", "fetched_at": "2025-07-12T15:39:33.405660+00:00", "symbol": "ADA-USD"}, {"trade_id": 143229419, "side": "sell", "size": "2.75801841", "price": "0.69250000", "time": "2025-07-12T15:37:32.974127Z", "fetched_at": "2025-07-12T15:39:33.405660+00:00", "symbol": "ADA-USD"}, {"trade_id": 143229418, "side": "sell", "size": "722.02166064", "price": "0.69250000", "time": "2025-07-12T15:37:32.393790Z", "fetched_at": "2025-07-12T15:39:33.405660+00:00", "symbol": "ADA-USD"}, {"trade_id": 143229417, "side": "sell", "size": "11.53312455", "price": "0.69250000", "time": "2025-07-12T15:37:32.393790Z", "fetched_at": "2025-07-12T15:39:33.405660+00:00", "symbol": "ADA-USD"}, {"trade_id": 143229416, "side": "buy", "size": "845.30000000", "price": "0.69260000", "time": "2025-07-12T15:37:31.636132Z", "fetched_at": "2025-07-12T15:39:33.405660+00:00", "symbol": "ADA-USD"}, {"trade_id": 143229415, "side": "sell", "size": "6.26738552", "price": "0.69280000", "time": "2025-07-12T15:37:30.460120Z", "fetched_at": "2025-07-12T15:39:33.405660+00:00", "symbol": "ADA-USD"}, {"trade_id": 143229414, "side": "sell", "size": "2.24890278", "price": "0.69270000", "time": "2025-07-12T15:37:30.368047Z", "fetched_at": "2025-07-12T15:39:33.405660+00:00", "symbol": "ADA-USD"}, {"trade_id": 143229413, "side": "buy", "size": "1383.86823513", "price": "0.69230000", "time": "2025-07-12T15:37:29.874269Z", "fetched_at": "2025-07-12T15:39:33.405660+00:00", "symbol": "ADA-USD"}, {"trade_id": 143229412, "side": "buy", "size": "197.15058840", "price": "0.69230000", "time": "2025-07-12T15:37:29.874269Z", "fetched_at": "2025-07-12T15:39:33.405660+00:00", "symbol": "ADA-USD"}, {"trade_id": 143229411, "side": "buy", "size": "1.60000000", "price": "0.69230000", "time": "2025-07-12T15:37:29.874269Z", "fetched_at": "2025-07-12T15:39:33.405660+00:00", "symbol": "ADA-USD"}, {"trade_id": 143229410, "side": "buy", "size": "417.38117647", "price": "0.69230000", "time": "2025-07-12T15:37:29.874269Z", "fetched_at": "2025-07-12T15:39:33.405660+00:00", "symbol": "ADA-USD"}, {"trade_id": 143229409, "side": "buy", "size": "13.69942347", "price": "0.69230000", "time": "2025-07-12T15:37:29.874269Z", "fetched_at": "2025-07-12T15:39:33.405660+00:00", "symbol": "ADA-USD"}, {"trade_id": 143229408, "side": "buy", "size": "109.69709978", "price": "0.69230000", "time": "2025-07-12T15:37:29.874269Z", "fetched_at": "2025-07-12T15:39:33.405660+00:00", "symbol": "ADA-USD"}, {"trade_id": 143229407, "side": "buy", "size": "636.96784956", "price": "0.69230000", "time": "2025-07-12T15:37:29.874269Z", "fetched_at": "2025-07-12T15:39:33.405660+00:00", "symbol": "ADA-USD"}, {"trade_id": 143229406, "side": "buy", "size": "351.00000000", "price": "0.69230000", "time": "2025-07-12T15:37:29.874269Z", "fetched_at": "2025-07-12T15:39:33.405660+00:00", "symbol": "ADA-USD"}, {"trade_id": 143229405, "side": "buy", "size": "953.63216000", "price": "0.69230000", "time": "2025-07-12T15:37:29.874269Z", "fetched_at": "2025-07-12T15:39:33.405660+00:00", "symbol": "ADA-USD"}, {"trade_id": 143229404, "side": "buy", "size": "507.87120000", "price": "0.69230000", "time": "2025-07-12T15:37:29.874269Z", "fetched_at": "2025-07-12T15:39:33.405660+00:00", "symbol": "ADA-USD"}, {"trade_id": 143229403, "side": "buy", "size": "81.54212466", "price": "0.69230000", "time": "2025-07-12T15:37:29.874269Z", "fetched_at": "2025-07-12T15:39:33.405660+00:00", "symbol": "ADA-USD"}, {"trade_id": 143229402, "side": "buy", "size": "144.44604940", "price": "0.69230000", "time": "2025-07-12T15:37:29.874269Z", "fetched_at": "2025-07-12T15:39:33.405660+00:00", "symbol": "ADA-USD"}, {"trade_id": 143229401, "side": "buy", "size": "433.33814820", "price": "0.69230000", "time": "2025-07-12T15:37:29.874269Z", "fetched_at": "2025-07-12T15:39:33.405660+00:00", "symbol": "ADA-USD"}, {"trade_id": 143229400, "side": "buy", "size": "21.41827060", "price": "0.69230000", "time": "2025-07-12T15:37:29.874269Z", "fetched_at": "2025-07-12T15:39:33.405660+00:00", "symbol": "ADA-USD"}, {"trade_id": 143229399, "side": "buy", "size": "500.00000000", "price": "0.69230000", "time": "2025-07-12T15:37:29.874269Z", "fetched_at": "2025-07-12T15:39:33.405660+00:00", "symbol": "ADA-USD"}, {"trade_id": 143229398, "side": "buy", "size": "4.96477813", "price": "0.69230000", "time": "2025-07-12T15:37:29.874269Z", "fetched_at": "2025-07-12T15:39:33.405660+00:00", "symbol": "ADA-USD"}, {"trade_id": 143229397, "side": "buy", "size": "26.80687255", "price": "0.69230000", "time": "2025-07-12T15:37:29.874269Z", "fetched_at": "2025-07-12T15:39:33.405660+00:00", "symbol": "ADA-USD"}, {"trade_id": 143229396, "side": "buy", "size": "120.21857507", "price": "0.69230000", "time": "2025-07-12T15:37:29.874269Z", "fetched_at": "2025-07-12T15:39:33.405660+00:00", "symbol": "ADA-USD"}, {"trade_id": 143229395, "side": "buy", "size": "57.59517338", "price": "0.69230000", "time": "2025-07-12T15:37:29.874269Z", "fetched_at": "2025-07-12T15:39:33.405660+00:00", "symbol": "ADA-USD"}, {"trade_id": 143229394, "side": "buy", "size": "258.49588328", "price": "0.69230000", "time": "2025-07-12T15:37:29.874269Z", "fetched_at": "2025-07-12T15:39:33.405660+00:00", "symbol": "ADA-USD"}, {"trade_id": 143229393, "side": "buy", "size": "274.31079413", "price": "0.69240000", "time": "2025-07-12T15:37:29.874269Z", "fetched_at": "2025-07-12T15:39:33.405660+00:00", "symbol": "ADA-USD"}, {"trade_id": 143229392, "side": "buy", "size": "500.00000000", "price": "0.69240000", "time": "2025-07-12T15:37:29.874269Z", "fetched_at": "2025-07-12T15:39:33.405660+00:00", "symbol": "ADA-USD"}, {"trade_id": 143229391, "side": "buy", "size": "786.13967562", "price": "0.69240000", "time": "2025-07-12T15:37:29.874269Z", "fetched_at": "2025-07-12T15:39:33.405660+00:00", "symbol": "ADA-USD"}, {"trade_id": 143229390, "side": "buy", "size": "648.86275061", "price": "0.69240000", "time": "2025-07-12T15:37:29.874269Z", "fetched_at": "2025-07-12T15:39:33.405660+00:00", "symbol": "ADA-USD"}, {"trade_id": 143229389, "side": "buy", "size": "2580.42731843", "price": "0.69240000", "time": "2025-07-12T15:37:29.874269Z", "fetched_at": "2025-07-12T15:39:33.405660+00:00", "symbol": "ADA-USD"}, {"trade_id": 143229388, "side": "buy", "size": "636.96784956", "price": "0.69240000", "time": "2025-07-12T15:37:29.874269Z", "fetched_at": "2025-07-12T15:39:33.405660+00:00", "symbol": "ADA-USD"}, {"trade_id": 143229387, "side": "buy", "size": "1.60000000", "price": "0.69240000", "time": "2025-07-12T15:37:29.874269Z", "fetched_at": "2025-07-12T15:39:33.405660+00:00", "symbol": "ADA-USD"}, {"trade_id": 143229386, "side": "buy", "size": "351.00000000", "price": "0.69240000", "time": "2025-07-12T15:37:29.874269Z", "fetched_at": "2025-07-12T15:39:33.405660+00:00", "symbol": "ADA-USD"}, {"trade_id": 143229385, "side": "buy", "size": "955.09596000", "price": "0.69240000", "time": "2025-07-12T15:37:29.874269Z", "fetched_at": "2025-07-12T15:39:33.405660+00:00", "symbol": "ADA-USD"}, {"trade_id": 143229384, "side": "buy", "size": "507.87120000", "price": "0.69240000", "time": "2025-07-12T15:37:29.874269Z", "fetched_at": "2025-07-12T15:39:33.405660+00:00", "symbol": "ADA-USD"}, {"trade_id": 143229383, "side": "buy", "size": "0.00007808", "price": "0.69240000", "time": "2025-07-12T15:37:29.874269Z", "fetched_at": "2025-07-12T15:39:33.405660+00:00", "symbol": "ADA-USD"}, {"trade_id": 143229382, "side": "buy", "size": "72.21259387", "price": "0.69240000", "time": "2025-07-12T15:37:29.874269Z", "fetched_at": "2025-07-12T15:39:33.405660+00:00", "symbol": "ADA-USD"}, {"trade_id": 143229381, "side": "buy", "size": "5.09619888", "price": "0.69240000", "time": "2025-07-12T15:37:29.874269Z", "fetched_at": "2025-07-12T15:39:33.405660+00:00", "symbol": "ADA-USD"}, {"trade_id": 143229380, "side": "buy", "size": "34.66204506", "price": "0.69240000", "time": "2025-07-12T15:37:29.874269Z", "fetched_at": "2025-07-12T15:39:33.405660+00:00", "symbol": "ADA-USD"}, {"trade_id": 143229379, "side": "buy", "size": "165.73440000", "price": "0.69240000", "time": "2025-07-12T15:37:29.874269Z", "fetched_at": "2025-07-12T15:39:33.405660+00:00", "symbol": "ADA-USD"}, {"trade_id": 143229378, "side": "buy", "size": "63.68132482", "price": "0.69240000", "time": "2025-07-12T15:37:29.874269Z", "fetched_at": "2025-07-12T15:39:33.405660+00:00", "symbol": "ADA-USD"}, {"trade_id": 143229377, "side": "buy", "size": "14.43450735", "price": "0.69250000", "time": "2025-07-12T15:37:29.874269Z", "fetched_at": "2025-07-12T15:39:33.405660+00:00", "symbol": "ADA-USD"}, {"trade_id": 143229376, "side": "buy", "size": "772.54867635", "price": "0.69250000", "time": "2025-07-12T15:37:29.874269Z", "fetched_at": "2025-07-12T15:39:33.405660+00:00", "symbol": "ADA-USD"}, {"trade_id": 143229375, "side": "buy", "size": "707.62223506", "price": "0.69250000", "time": "2025-07-12T15:37:29.874269Z", "fetched_at": "2025-07-12T15:39:33.405660+00:00", "symbol": "ADA-USD"}, {"trade_id": 143229374, "side": "buy", "size": "1.60000000", "price": "0.69250000", "time": "2025-07-12T15:37:29.874269Z", "fetched_at": "2025-07-12T15:39:33.405660+00:00", "symbol": "ADA-USD"}, {"trade_id": 143229373, "side": "buy", "size": "667.67690831", "price": "0.69250000", "time": "2025-07-12T15:37:29.874269Z", "fetched_at": "2025-07-12T15:39:33.405660+00:00", "symbol": "ADA-USD"}, {"trade_id": 143229372, "side": "buy", "size": "955.09596000", "price": "0.69250000", "time": "2025-07-12T15:37:29.874269Z", "fetched_at": "2025-07-12T15:39:33.405660+00:00", "symbol": "ADA-USD"}, {"trade_id": 143229371, "side": "buy", "size": "507.87120000", "price": "0.69250000", "time": "2025-07-12T15:37:29.874269Z", "fetched_at": "2025-07-12T15:39:33.405660+00:00", "symbol": "ADA-USD"}, {"trade_id": 143229370, "side": "buy", "size": "0.00000773", "price": "0.69250000", "time": "2025-07-12T15:37:29.874269Z", "fetched_at": "2025-07-12T15:39:33.405660+00:00", "symbol": "ADA-USD"}, {"trade_id": 143229369, "side": "buy", "size": "144.40433212", "price": "0.69250000", "time": "2025-07-12T15:37:29.874269Z", "fetched_at": "2025-07-12T15:39:33.405660+00:00", "symbol": "ADA-USD"}, {"trade_id": 143229368, "side": "buy", "size": "3.19133575", "price": "0.69250000", "time": "2025-07-12T15:37:29.874269Z", "fetched_at": "2025-07-12T15:39:33.405660+00:00", "symbol": "ADA-USD"}, {"trade_id": 143229367, "side": "buy", "size": "8.20982191", "price": "0.69250000", "time": "2025-07-12T15:37:29.874269Z", "fetched_at": "2025-07-12T15:39:33.405660+00:00", "symbol": "ADA-USD"}, {"trade_id": 143229366, "side": "buy", "size": "0.63526283", "price": "0.69250000", "time": "2025-07-12T15:37:29.874269Z", "fetched_at": "2025-07-12T15:39:33.405660+00:00", "symbol": "ADA-USD"}, {"trade_id": 143229365, "side": "buy", "size": "1739.89229000", "price": "0.69260000", "time": "2025-07-12T15:37:29.874269Z", "fetched_at": "2025-07-12T15:39:33.405660+00:00", "symbol": "ADA-USD"}, {"trade_id": 143229364, "side": "buy", "size": "1735.27466000", "price": "0.69260000", "time": "2025-07-12T15:37:29.874269Z", "fetched_at": "2025-07-12T15:39:33.405660+00:00", "symbol": "ADA-USD"}, {"trade_id": 143229363, "side": "buy", "size": "1476.06041000", "price": "0.69260000", "time": "2025-07-12T15:37:29.874269Z", "fetched_at": "2025-07-12T15:39:33.405660+00:00", "symbol": "ADA-USD"}, {"trade_id": 143229362, "side": "buy", "size": "432.06823036", "price": "0.69260000", "time": "2025-07-12T15:37:29.874269Z", "fetched_at": "2025-07-12T15:39:33.405660+00:00", "symbol": "ADA-USD"}, {"trade_id": 143229361, "side": "buy", "size": "667.67690831", "price": "0.69260000", "time": "2025-07-12T15:37:29.874269Z", "fetched_at": "2025-07-12T15:39:33.405660+00:00", "symbol": "ADA-USD"}, {"trade_id": 143229360, "side": "buy", "size": "1.60000000", "price": "0.69260000", "time": "2025-07-12T15:37:29.874269Z", "fetched_at": "2025-07-12T15:39:33.405660+00:00", "symbol": "ADA-USD"}, {"trade_id": 143229359, "side": "buy", "size": "25.00000000", "price": "0.69260000", "time": "2025-07-12T15:37:29.874269Z", "fetched_at": "2025-07-12T15:39:33.405660+00:00", "symbol": "ADA-USD"}, {"trade_id": 143229358, "side": "buy", "size": "681.21767425", "price": "0.69270000", "time": "2025-07-12T15:37:29.874269Z", "fetched_at": "2025-07-12T15:39:33.405660+00:00", "symbol": "ADA-USD"}, {"trade_id": 143229357, "side": "buy", "size": "351.00000000", "price": "0.69270000", "time": "2025-07-12T15:37:29.874269Z", "fetched_at": "2025-07-12T15:39:33.405660+00:00", "symbol": "ADA-USD"}, {"trade_id": 143229356, "side": "buy", "size": "1.60000000", "price": "0.69270000", "time": "2025-07-12T15:37:29.874269Z", "fetched_at": "2025-07-12T15:39:33.405660+00:00", "symbol": "ADA-USD"}, {"trade_id": 143229355, "side": "sell", "size": "2.37553939", "price": "0.69290000", "time": "2025-07-12T15:37:28.187108Z", "fetched_at": "2025-07-12T15:39:33.405660+00:00", "symbol": "ADA-USD"}, {"trade_id": 143229354, "side": "buy", "size": "337.51352499", "price": "0.69280000", "time": "2025-07-12T15:37:27.796618Z", "fetched_at": "2025-07-12T15:39:33.405660+00:00", "symbol": "ADA-USD"}, {"trade_id": 143229353, "side": "buy", "size": "1.60000000", "price": "0.69280000", "time": "2025-07-12T15:37:27.796618Z", "fetched_at": "2025-07-12T15:39:33.405660+00:00", "symbol": "ADA-USD"}, {"trade_id": 143229352, "side": "buy", "size": "0.00000020", "price": "0.69280000", "time": "2025-07-12T15:37:27.796618Z", "fetched_at": "2025-07-12T15:39:33.405660+00:00", "symbol": "ADA-USD"}, {"trade_id": 143229351, "side": "buy", "size": "1.60000000", "price": "0.69290000", "time": "2025-07-12T15:37:27.796618Z", "fetched_at": "2025-07-12T15:39:33.405660+00:00", "symbol": "ADA-USD"}, {"trade_id": 143229350, "side": "buy", "size": "86.05937481", "price": "0.69290000", "time": "2025-07-12T15:37:27.796618Z", "fetched_at": "2025-07-12T15:39:33.405660+00:00", "symbol": "ADA-USD"}, {"trade_id": 143229349, "side": "sell", "size": "3.50879172", "price": "0.69300000", "time": "2025-07-12T15:37:27.458052Z", "fetched_at": "2025-07-12T15:39:33.405660+00:00", "symbol": "ADA-USD"}, {"trade_id": 143229348, "side": "sell", "size": "9.70823790", "price": "0.69300000", "time": "2025-07-12T15:37:27.433422Z", "fetched_at": "2025-07-12T15:39:33.405660+00:00", "symbol": "ADA-USD"}, {"trade_id": 143229347, "side": "buy", "size": "47.21759392", "price": "0.69300000", "time": "2025-07-12T15:37:27.273260Z", "fetched_at": "2025-07-12T15:39:33.405660+00:00", "symbol": "ADA-USD"}, {"trade_id": 143229346, "side": "buy", "size": "51.00306000", "price": "0.69310000", "time": "2025-07-12T15:37:27.261473Z", "fetched_at": "2025-07-12T15:39:33.405660+00:00", "symbol": "ADA-USD"}, {"trade_id": 143229345, "side": "sell", "size": "14.41871654", "price": "0.69300000", "time": "2025-07-12T15:37:27.238217Z", "fetched_at": "2025-07-12T15:39:33.405660+00:00", "symbol": "ADA-USD"}, {"trade_id": 143229344, "side": "sell", "size": "721.46309026", "price": "0.69300000", "time": "2025-07-12T15:37:27.238217Z", "fetched_at": "2025-07-12T15:39:33.405660+00:00", "symbol": "ADA-USD"}, {"trade_id": 143229343, "side": "sell", "size": "0.03763124", "price": "0.69300000", "time": "2025-07-12T15:37:27.230271Z", "fetched_at": "2025-07-12T15:39:33.405660+00:00", "symbol": "ADA-USD"}, {"trade_id": 143229342, "side": "buy", "size": "844.80000000", "price": "0.69300000", "time": "2025-07-12T15:37:27.179200Z", "fetched_at": "2025-07-12T15:39:33.405660+00:00", "symbol": "ADA-USD"}, {"trade_id": 143229341, "side": "buy", "size": "1.60000000", "price": "0.69300000", "time": "2025-07-12T15:37:27.179200Z", "fetched_at": "2025-07-12T15:39:33.405660+00:00", "symbol": "ADA-USD"}, {"trade_id": 143229340, "side": "buy", "size": "1.00000000", "price": "0.69300000", "time": "2025-07-12T15:37:27.179200Z", "fetched_at": "2025-07-12T15:39:33.405660+00:00", "symbol": "ADA-USD"}, {"trade_id": 143229339, "side": "buy", "size": "1.15153352", "price": "0.69300000", "time": "2025-07-12T15:37:27.179200Z", "fetched_at": "2025-07-12T15:39:33.405660+00:00", "symbol": "ADA-USD"}, {"trade_id": 143229338, "side": "buy", "size": "1326.54285466", "price": "0.69300000", "time": "2025-07-12T15:37:27.179200Z", "fetched_at": "2025-07-12T15:39:33.405660+00:00", "symbol": "ADA-USD"}, {"trade_id": 143229337, "side": "buy", "size": "500.00000000", "price": "0.69300000", "time": "2025-07-12T15:37:27.177857Z", "fetched_at": "2025-07-12T15:39:33.405660+00:00", "symbol": "ADA-USD"}, {"trade_id": 143229336, "side": "buy", "size": "8825.06720179", "price": "0.69300000", "time": "2025-07-12T15:37:27.173923Z", "fetched_at": "2025-07-12T15:39:33.405660+00:00", "symbol": "ADA-USD"}, {"trade_id": 143229335, "side": "buy", "size": "2348.38994355", "price": "0.69300000", "time": "2025-07-12T15:37:27.173457Z", "fetched_at": "2025-07-12T15:39:33.405660+00:00", "symbol": "ADA-USD"}, {"trade_id": 143229334, "side": "buy", "size": "216.45021645", "price": "0.69300000", "time": "2025-07-12T15:37:27.173457Z", "fetched_at": "2025-07-12T15:39:33.405660+00:00", "symbol": "ADA-USD"}, {"trade_id": 143229333, "side": "buy", "size": "13.37274334", "price": "0.69310000", "time": "2025-07-12T15:37:26.684145Z", "fetched_at": "2025-07-12T15:39:33.405660+00:00", "symbol": "ADA-USD"}, {"trade_id": 143229332, "side": "buy", "size": "1.60000000", "price": "0.69310000", "time": "2025-07-12T15:37:26.684145Z", "fetched_at": "2025-07-12T15:39:33.405660+00:00", "symbol": "ADA-USD"}, {"trade_id": 143229331, "side": "buy", "size": "0.00000157", "price": "0.69310000", "time": "2025-07-12T15:37:26.684145Z", "fetched_at": "2025-07-12T15:39:33.405660+00:00", "symbol": "ADA-USD"}, {"trade_id": 143229330, "side": "buy", "size": "0.01504494", "price": "0.69310000", "time": "2025-07-12T15:37:26.684145Z", "fetched_at": "2025-07-12T15:39:33.405660+00:00", "symbol": "ADA-USD"}, {"trade_id": 143229329, "side": "buy", "size": "61.02884193", "price": "0.69310000", "time": "2025-07-12T15:37:26.684145Z", "fetched_at": "2025-07-12T15:39:33.405660+00:00", "symbol": "ADA-USD"}, {"trade_id": 143229328, "side": "buy", "size": "82.38480689", "price": "0.69310000", "time": "2025-07-12T15:37:26.674016Z", "fetched_at": "2025-07-12T15:39:33.405660+00:00", "symbol": "ADA-USD"}, {"trade_id": 143229327, "side": "buy", "size": "116.29715377", "price": "0.69310000", "time": "2025-07-12T15:37:26.674016Z", "fetched_at": "2025-07-12T15:39:33.405660+00:00", "symbol": "ADA-USD"}, {"trade_id": 143229326, "side": "buy", "size": "0.00000700", "price": "0.69320000", "time": "2025-07-12T15:37:26.674016Z", "fetched_at": "2025-07-12T15:39:33.405660+00:00", "symbol": "ADA-USD"}, {"trade_id": 143229325, "side": "buy", "size": "1.59999300", "price": "0.69320000", "time": "2025-07-12T15:37:26.674016Z", "fetched_at": "2025-07-12T15:39:33.405660+00:00", "symbol": "ADA-USD"}, {"trade_id": 143229324, "side": "buy", "size": "326.87694114", "price": "0.69320000", "time": "2025-07-12T15:37:26.674016Z", "fetched_at": "2025-07-12T15:39:33.405660+00:00", "symbol": "ADA-USD"}, {"trade_id": 143229323, "side": "buy", "size": "9.83266012", "price": "0.69320000", "time": "2025-07-12T15:37:26.674016Z", "fetched_at": "2025-07-12T15:39:33.405660+00:00", "symbol": "ADA-USD"}, {"trade_id": 143229322, "side": "buy", "size": "23.68164574", "price": "0.69320000", "time": "2025-07-12T15:37:26.674016Z", "fetched_at": "2025-07-12T15:39:33.405660+00:00", "symbol": "ADA-USD"}, {"trade_id": 143229321, "side": "sell", "size": "8.13304285", "price": "0.69330000", "time": "2025-07-12T15:37:26.051591Z", "fetched_at": "2025-07-12T15:39:33.405660+00:00", "symbol": "ADA-USD"}, {"trade_id": 143229320, "side": "buy", "size": "1.60000000", "price": "0.69330000", "time": "2025-07-12T15:37:25.175610Z", "fetched_at": "2025-07-12T15:39:33.405660+00:00", "symbol": "ADA-USD"}, {"trade_id": 143229319, "side": "buy", "size": "14.41577205", "price": "0.69340000", "time": "2025-07-12T15:37:23.246620Z", "fetched_at": "2025-07-12T15:39:33.405660+00:00", "symbol": "ADA-USD"}, {"trade_id": 143229318, "side": "sell", "size": "4144.69328261", "price": "0.69360000", "time": "2025-07-12T15:37:22.071843Z", "fetched_at": "2025-07-12T15:39:33.405660+00:00", "symbol": "ADA-USD"}, {"trade_id": 143229317, "side": "sell", "size": "21.53912192", "price": "0.69360000", "time": "2025-07-12T15:37:22.071843Z", "fetched_at": "2025-07-12T15:39:33.405660+00:00", "symbol": "ADA-USD"}, {"trade_id": 143229316, "side": "sell", "size": "721.04588585", "price": "0.69350000", "time": "2025-07-12T15:37:21.574059Z", "fetched_at": "2025-07-12T15:39:33.405660+00:00", "symbol": "ADA-USD"}, {"trade_id": 143229315, "side": "sell", "size": "14.41066143", "price": "0.69340000", "time": "2025-07-12T15:37:21.569892Z", "fetched_at": "2025-07-12T15:39:33.405660+00:00", "symbol": "ADA-USD"}, {"trade_id": 143229314, "side": "buy", "size": "1.60000000", "price": "0.69340000", "time": "2025-07-12T15:37:20.528830Z", "fetched_at": "2025-07-12T15:39:33.405660+00:00", "symbol": "ADA-USD"}, {"trade_id": 143229313, "side": "buy", "size": "14.41369335", "price": "0.69350000", "time": "2025-07-12T15:37:20.528830Z", "fetched_at": "2025-07-12T15:39:33.405660+00:00", "symbol": "ADA-USD"}, {"trade_id": 143229312, "side": "buy", "size": "351.00000000", "price": "0.69350000", "time": "2025-07-12T15:37:20.522390Z", "fetched_at": "2025-07-12T15:39:33.405660+00:00", "symbol": "ADA-USD"}, {"trade_id": 143229311, "side": "buy", "size": "1.60000000", "price": "0.69350000", "time": "2025-07-12T15:37:20.522390Z", "fetched_at": "2025-07-12T15:39:33.405660+00:00", "symbol": "ADA-USD"}, {"trade_id": 143229310, "side": "buy", "size": "1.60000000", "price": "0.69360000", "time": "2025-07-12T15:37:20.123913Z", "fetched_at": "2025-07-12T15:39:33.405660+00:00", "symbol": "ADA-USD"}, {"trade_id": 143229309, "side": "buy", "size": "0.01933314", "price": "0.69360000", "time": "2025-07-12T15:37:20.123913Z", "fetched_at": "2025-07-12T15:39:33.405660+00:00", "symbol": "ADA-USD"}, {"trade_id": 143229308, "side": "sell", "size": "4.05904500", "price": "0.69370000", "time": "2025-07-12T15:37:19.277736Z", "fetched_at": "2025-07-12T15:39:33.405660+00:00", "symbol": "ADA-USD"}, {"trade_id": 143229307, "side": "buy", "size": "14.40953775", "price": "0.69370000", "time": "2025-07-12T15:37:19.059115Z", "fetched_at": "2025-07-12T15:39:33.405660+00:00", "symbol": "ADA-USD"}, {"trade_id": 143229306, "side": "buy", "size": "3106.42418597", "price": "0.69370000", "time": "2025-07-12T15:37:19.059115Z", "fetched_at": "2025-07-12T15:39:33.405660+00:00", "symbol": "ADA-USD"}, {"trade_id": 143229305, "side": "buy", "size": "636.96784956", "price": "0.69370000", "time": "2025-07-12T15:37:19.059115Z", "fetched_at": "2025-07-12T15:39:33.405660+00:00", "symbol": "ADA-USD"}, {"trade_id": 143229304, "side": "buy", "size": "5.00000000", "price": "0.69370000", "time": "2025-07-12T15:37:19.059115Z", "fetched_at": "2025-07-12T15:39:33.405660+00:00", "symbol": "ADA-USD"}, {"trade_id": 143229303, "side": "buy", "size": "1.60000000", "price": "0.69370000", "time": "2025-07-12T15:37:19.059115Z", "fetched_at": "2025-07-12T15:39:33.405660+00:00", "symbol": "ADA-USD"}, {"trade_id": 143229302, "side": "buy", "size": "1.60000000", "price": "0.69380000", "time": "2025-07-12T15:37:17.226294Z", "fetched_at": "2025-07-12T15:39:33.405660+00:00", "symbol": "ADA-USD"}, {"trade_id": 143229301, "side": "buy", "size": "1.60000000", "price": "0.69390000", "time": "2025-07-12T15:37:16.918700Z", "fetched_at": "2025-07-12T15:39:33.405660+00:00", "symbol": "ADA-USD"}, {"trade_id": 143229300, "side": "buy", "size": "1.60000000", "price": "0.69400000", "time": "2025-07-12T15:37:14.926260Z", "fetched_at": "2025-07-12T15:39:33.405660+00:00", "symbol": "ADA-USD"}, {"trade_id": 143229299, "side": "sell", "size": "23.29721069", "price": "0.69410000", "time": "2025-07-12T15:37:14.796002Z", "fetched_at": "2025-07-12T15:39:33.405660+00:00", "symbol": "ADA-USD"}, {"trade_id": 143229298, "side": "sell", "size": "1.78278931", "price": "0.69410000", "time": "2025-07-12T15:37:14.796002Z", "fetched_at": "2025-07-12T15:39:33.405660+00:00", "symbol": "ADA-USD"}, {"trade_id": 143229297, "side": "sell", "size": "720.25351665", "price": "0.69420000", "time": "2025-07-12T15:37:10.644628Z", "fetched_at": "2025-07-12T15:39:33.405660+00:00", "symbol": "ADA-USD"}, {"trade_id": 143229296, "side": "sell", "size": "677.26553185", "price": "0.69420000", "time": "2025-07-12T15:37:10.644628Z", "fetched_at": "2025-07-12T15:39:33.405660+00:00", "symbol": "ADA-USD"}, {"trade_id": 143229295, "side": "sell", "size": "50.00000000", "price": "0.69420000", "time": "2025-07-12T15:37:10.644628Z", "fetched_at": "2025-07-12T15:39:33.405660+00:00", "symbol": "ADA-USD"}, {"trade_id": 143229294, "side": "sell", "size": "351.00000000", "price": "0.69420000", "time": "2025-07-12T15:37:10.644628Z", "fetched_at": "2025-07-12T15:39:33.405660+00:00", "symbol": "ADA-USD"}, {"trade_id": 143229293, "side": "sell", "size": "12.74589150", "price": "0.69420000", "time": "2025-07-12T15:37:10.644628Z", "fetched_at": "2025-07-12T15:39:33.405660+00:00", "symbol": "ADA-USD"}, {"trade_id": 143229292, "side": "sell", "size": "219.11110900", "price": "0.69440000", "time": "2025-07-12T15:37:09.691577Z", "fetched_at": "2025-07-12T15:39:33.405660+00:00", "symbol": "ADA-USD"}, {"trade_id": 143229291, "side": "sell", "size": "14.39509922", "price": "0.69410000", "time": "2025-07-12T15:37:09.669232Z", "fetched_at": "2025-07-12T15:39:33.405660+00:00", "symbol": "ADA-USD"}, {"trade_id": 143229290, "side": "buy", "size": "3.63990088", "price": "0.69410000", "time": "2025-07-12T15:37:09.331365Z", "fetched_at": "2025-07-12T15:39:33.405660+00:00", "symbol": "ADA-USD"}, {"trade_id": 143229289, "side": "buy", "size": "1725.74730000", "price": "0.69410000", "time": "2025-07-12T15:37:09.331365Z", "fetched_at": "2025-07-12T15:39:33.405660+00:00", "symbol": "ADA-USD"}, {"trade_id": 143229288, "side": "buy", "size": "1472.65920000", "price": "0.69410000", "time": "2025-07-12T15:37:09.331365Z", "fetched_at": "2025-07-12T15:39:33.405660+00:00", "symbol": "ADA-USD"}, {"trade_id": 143229287, "side": "buy", "size": "1722.16511000", "price": "0.69410000", "time": "2025-07-12T15:37:09.331365Z", "fetched_at": "2025-07-12T15:39:33.405660+00:00", "symbol": "ADA-USD"}, {"trade_id": 143229286, "side": "buy", "size": "118.63088000", "price": "0.69420000", "time": "2025-07-12T15:37:09.331365Z", "fetched_at": "2025-07-12T15:39:33.405660+00:00", "symbol": "ADA-USD"}, {"trade_id": 143229285, "side": "buy", "size": "117.43938000", "price": "0.69420000", "time": "2025-07-12T15:37:09.331365Z", "fetched_at": "2025-07-12T15:39:33.405660+00:00", "symbol": "ADA-USD"}, {"trade_id": 143229284, "side": "buy", "size": "50.00000000", "price": "0.69420000", "time": "2025-07-12T15:37:09.331365Z", "fetched_at": "2025-07-12T15:39:33.405660+00:00", "symbol": "ADA-USD"}, {"trade_id": 143229283, "side": "buy", "size": "12.70761866", "price": "0.69430000", "time": "2025-07-12T15:37:08.913362Z", "fetched_at": "2025-07-12T15:39:33.405660+00:00", "symbol": "ADA-USD"}, {"trade_id": 143229282, "side": "buy", "size": "12.70372341", "price": "0.69440000", "time": "2025-07-12T15:37:08.142044Z", "fetched_at": "2025-07-12T15:39:33.405660+00:00", "symbol": "ADA-USD"}, {"trade_id": 143229281, "side": "buy", "size": "4463.87853866", "price": "0.69440000", "time": "2025-07-12T15:37:08.137745Z", "fetched_at": "2025-07-12T15:39:33.405660+00:00", "symbol": "ADA-USD"}, {"trade_id": 143229280, "side": "buy", "size": "16.30888900", "price": "0.69450000", "time": "2025-07-12T15:37:07.971768Z", "fetched_at": "2025-07-12T15:39:33.405660+00:00", "symbol": "ADA-USD"}, {"trade_id": 143229279, "side": "sell", "size": "1.60000000", "price": "0.69450000", "time": "2025-07-12T15:37:07.691955Z", "fetched_at": "2025-07-12T15:39:33.405660+00:00", "symbol": "ADA-USD"}, {"trade_id": 143229278, "side": "sell", "size": "1.54106853", "price": "0.69440000", "time": "2025-07-12T15:37:07.574413Z", "fetched_at": "2025-07-12T15:39:33.405660+00:00", "symbol": "ADA-USD"}, {"trade_id": 143229277, "side": "sell", "size": "1.60000000", "price": "0.69440000", "time": "2025-07-12T15:37:07.574413Z", "fetched_at": "2025-07-12T15:39:33.405660+00:00", "symbol": "ADA-USD"}, {"trade_id": 143229276, "side": "sell", "size": "1.60000000", "price": "0.69430000", "time": "2025-07-12T15:37:07.485046Z", "fetched_at": "2025-07-12T15:39:33.405660+00:00", "symbol": "ADA-USD"}