[{"trade_id": 143206220, "side": "buy", "size": "2.45943985", "price": "0.71300000", "time": "2025-07-12T13:04:21.098659Z", "fetched_at": "2025-07-12T13:04:24.618370+00:00", "symbol": "ADA-USD"}, {"trade_id": 143206219, "side": "sell", "size": "66.51844600", "price": "0.71300000", "time": "2025-07-12T13:04:16.821932Z", "fetched_at": "2025-07-12T13:04:24.618370+00:00", "symbol": "ADA-USD"}, {"trade_id": 143206218, "side": "buy", "size": "2.54113387", "price": "0.71300000", "time": "2025-07-12T13:04:15.846353Z", "fetched_at": "2025-07-12T13:04:24.618370+00:00", "symbol": "ADA-USD"}, {"trade_id": 143206217, "side": "buy", "size": "325.11961218", "price": "0.71300000", "time": "2025-07-12T13:04:14.767260Z", "fetched_at": "2025-07-12T13:04:24.618370+00:00", "symbol": "ADA-USD"}, {"trade_id": 143206216, "side": "buy", "size": "4917.18038782", "price": "0.71300000", "time": "2025-07-12T13:04:14.765270Z", "fetched_at": "2025-07-12T13:04:24.618370+00:00", "symbol": "ADA-USD"}, {"trade_id": 143206215, "side": "buy", "size": "1.60000000", "price": "0.71300000", "time": "2025-07-12T13:04:14.765270Z", "fetched_at": "2025-07-12T13:04:24.618370+00:00", "symbol": "ADA-USD"}, {"trade_id": 143206214, "side": "buy", "size": "3.34044204", "price": "0.71310000", "time": "2025-07-12T13:04:14.765270Z", "fetched_at": "2025-07-12T13:04:24.618370+00:00", "symbol": "ADA-USD"}, {"trade_id": 143206213, "side": "buy", "size": "559.11639726", "price": "0.71310000", "time": "2025-07-12T13:04:14.340578Z", "fetched_at": "2025-07-12T13:04:24.618370+00:00", "symbol": "ADA-USD"}, {"trade_id": 143206212, "side": "buy", "size": "8.17865429", "price": "0.71320000", "time": "2025-07-12T13:04:14.330010Z", "fetched_at": "2025-07-12T13:04:24.618370+00:00", "symbol": "ADA-USD"}, {"trade_id": 143206211, "side": "sell", "size": "663.33299789", "price": "0.71320000", "time": "2025-07-12T13:04:13.751315Z", "fetched_at": "2025-07-12T13:04:24.618370+00:00", "symbol": "ADA-USD"}, {"trade_id": 143206210, "side": "sell", "size": "173.61111100", "price": "0.71330000", "time": "2025-07-12T13:04:13.048580Z", "fetched_at": "2025-07-12T13:04:24.618370+00:00", "symbol": "ADA-USD"}, {"trade_id": 143206209, "side": "buy", "size": "14.01738156", "price": "0.71340000", "time": "2025-07-12T13:04:12.871052Z", "fetched_at": "2025-07-12T13:04:24.618370+00:00", "symbol": "ADA-USD"}, {"trade_id": 143206208, "side": "buy", "size": "5243.70000000", "price": "0.71340000", "time": "2025-07-12T13:04:12.829519Z", "fetched_at": "2025-07-12T13:04:24.618370+00:00", "symbol": "ADA-USD"}, {"trade_id": 143206207, "side": "buy", "size": "14.01738156", "price": "0.71340000", "time": "2025-07-12T13:04:12.829519Z", "fetched_at": "2025-07-12T13:04:24.618370+00:00", "symbol": "ADA-USD"}, {"trade_id": 143206206, "side": "sell", "size": "27.27919700", "price": "0.71350000", "time": "2025-07-12T13:04:12.678112Z", "fetched_at": "2025-07-12T13:04:24.618370+00:00", "symbol": "ADA-USD"}, {"trade_id": 143206205, "side": "sell", "size": "1.60000000", "price": "0.71340000", "time": "2025-07-12T13:04:11.591879Z", "fetched_at": "2025-07-12T13:04:24.618370+00:00", "symbol": "ADA-USD"}, {"trade_id": 143206204, "side": "sell", "size": "804.79018642", "price": "0.71330000", "time": "2025-07-12T13:04:10.327916Z", "fetched_at": "2025-07-12T13:04:24.618370+00:00", "symbol": "ADA-USD"}, {"trade_id": 143206203, "side": "sell", "size": "1.60000000", "price": "0.71330000", "time": "2025-07-12T13:04:09.889283Z", "fetched_at": "2025-07-12T13:04:24.618370+00:00", "symbol": "ADA-USD"}, {"trade_id": 143206202, "side": "sell", "size": "1.60000000", "price": "0.71320000", "time": "2025-07-12T13:04:09.721716Z", "fetched_at": "2025-07-12T13:04:24.618370+00:00", "symbol": "ADA-USD"}, {"trade_id": 143206201, "side": "sell", "size": "640.53351051", "price": "0.71310000", "time": "2025-07-12T13:04:09.636896Z", "fetched_at": "2025-07-12T13:04:24.618370+00:00", "symbol": "ADA-USD"}, {"trade_id": 143206200, "side": "sell", "size": "1.60000000", "price": "0.71310000", "time": "2025-07-12T13:04:09.398072Z", "fetched_at": "2025-07-12T13:04:24.618370+00:00", "symbol": "ADA-USD"}, {"trade_id": 143206199, "side": "sell", "size": "515.82650201", "price": "0.71300000", "time": "2025-07-12T13:04:09.367506Z", "fetched_at": "2025-07-12T13:04:24.618370+00:00", "symbol": "ADA-USD"}, {"trade_id": 143206198, "side": "sell", "size": "203.01482300", "price": "0.71300000", "time": "2025-07-12T13:04:08.854587Z", "fetched_at": "2025-07-12T13:04:24.618370+00:00", "symbol": "ADA-USD"}, {"trade_id": 143206197, "side": "sell", "size": "1.60000000", "price": "0.71300000", "time": "2025-07-12T13:04:08.854587Z", "fetched_at": "2025-07-12T13:04:24.618370+00:00", "symbol": "ADA-USD"}, {"trade_id": 143206196, "side": "sell", "size": "338.24242741", "price": "0.71290000", "time": "2025-07-12T13:04:08.663612Z", "fetched_at": "2025-07-12T13:04:24.618370+00:00", "symbol": "ADA-USD"}, {"trade_id": 143206195, "side": "sell", "size": "77.11862960", "price": "0.71290000", "time": "2025-07-12T13:04:08.651143Z", "fetched_at": "2025-07-12T13:04:24.618370+00:00", "symbol": "ADA-USD"}, {"trade_id": 143206194, "side": "sell", "size": "404.24418535", "price": "0.71290000", "time": "2025-07-12T13:04:08.643535Z", "fetched_at": "2025-07-12T13:04:24.618370+00:00", "symbol": "ADA-USD"}, {"trade_id": 143206193, "side": "sell", "size": "317.39176690", "price": "0.71290000", "time": "2025-07-12T13:04:08.643535Z", "fetched_at": "2025-07-12T13:04:24.618370+00:00", "symbol": "ADA-USD"}, {"trade_id": 143206192, "side": "sell", "size": "100.50735900", "price": "0.71290000", "time": "2025-07-12T13:04:06.915648Z", "fetched_at": "2025-07-12T13:04:24.618370+00:00", "symbol": "ADA-USD"}, {"trade_id": 143206191, "side": "sell", "size": "125.52357956", "price": "0.71280000", "time": "2025-07-12T13:04:05.837081Z", "fetched_at": "2025-07-12T13:04:24.618370+00:00", "symbol": "ADA-USD"}, {"trade_id": 143206190, "side": "sell", "size": "2.21458044", "price": "0.71280000", "time": "2025-07-12T13:04:05.827173Z", "fetched_at": "2025-07-12T13:04:24.618370+00:00", "symbol": "ADA-USD"}, {"trade_id": 143206189, "side": "sell", "size": "2.21458044", "price": "0.71280000", "time": "2025-07-12T13:04:05.819863Z", "fetched_at": "2025-07-12T13:04:24.618370+00:00", "symbol": "ADA-USD"}, {"trade_id": 143206188, "side": "sell", "size": "7.77370184", "price": "0.71270000", "time": "2025-07-12T13:04:05.007763Z", "fetched_at": "2025-07-12T13:04:24.618370+00:00", "symbol": "ADA-USD"}, {"trade_id": 143206187, "side": "sell", "size": "62.00378000", "price": "0.71270000", "time": "2025-07-12T13:04:04.076686Z", "fetched_at": "2025-07-12T13:04:24.618370+00:00", "symbol": "ADA-USD"}, {"trade_id": 143206186, "side": "sell", "size": "126.50991000", "price": "0.71270000", "time": "2025-07-12T13:04:04.049997Z", "fetched_at": "2025-07-12T13:04:24.618370+00:00", "symbol": "ADA-USD"}, {"trade_id": 143206185, "side": "sell", "size": "127.39793400", "price": "0.71280000", "time": "2025-07-12T13:04:03.694195Z", "fetched_at": "2025-07-12T13:04:24.618370+00:00", "symbol": "ADA-USD"}, {"trade_id": 143206184, "side": "sell", "size": "126.50991000", "price": "0.71280000", "time": "2025-07-12T13:04:03.694195Z", "fetched_at": "2025-07-12T13:04:24.618370+00:00", "symbol": "ADA-USD"}, {"trade_id": 143206183, "side": "buy", "size": "1695.87105355", "price": "0.71270000", "time": "2025-07-12T13:04:03.218797Z", "fetched_at": "2025-07-12T13:04:24.618370+00:00", "symbol": "ADA-USD"}, {"trade_id": 143206182, "side": "buy", "size": "653.60667410", "price": "0.71270000", "time": "2025-07-12T13:04:03.218797Z", "fetched_at": "2025-07-12T13:04:24.618370+00:00", "symbol": "ADA-USD"}, {"trade_id": 143206181, "side": "buy", "size": "9.68022843", "price": "0.71280000", "time": "2025-07-12T13:04:03.218797Z", "fetched_at": "2025-07-12T13:04:24.618370+00:00", "symbol": "ADA-USD"}, {"trade_id": 143206180, "side": "buy", "size": "50.00000000", "price": "0.71300000", "time": "2025-07-12T13:04:02.905479Z", "fetched_at": "2025-07-12T13:04:24.618370+00:00", "symbol": "ADA-USD"}, {"trade_id": 143206179, "side": "buy", "size": "50.00000000", "price": "0.71300000", "time": "2025-07-12T13:04:02.901609Z", "fetched_at": "2025-07-12T13:04:24.618370+00:00", "symbol": "ADA-USD"}, {"trade_id": 143206178, "side": "buy", "size": "308.70681201", "price": "0.71300000", "time": "2025-07-12T13:04:02.901609Z", "fetched_at": "2025-07-12T13:04:24.618370+00:00", "symbol": "ADA-USD"}, {"trade_id": 143206177, "side": "buy", "size": "51.00306000", "price": "0.71310000", "time": "2025-07-12T13:04:02.901609Z", "fetched_at": "2025-07-12T13:04:24.618370+00:00", "symbol": "ADA-USD"}, {"trade_id": 143206176, "side": "buy", "size": "804.30000321", "price": "0.71310000", "time": "2025-07-12T13:04:02.901609Z", "fetched_at": "2025-07-12T13:04:24.618370+00:00", "symbol": "ADA-USD"}, {"trade_id": 143206175, "side": "buy", "size": "69.93006000", "price": "0.71310000", "time": "2025-07-12T13:04:02.821870Z", "fetched_at": "2025-07-12T13:04:24.618370+00:00", "symbol": "ADA-USD"}, {"trade_id": 143206174, "side": "sell", "size": "1534.14965000", "price": "0.71300000", "time": "2025-07-12T13:04:02.753145Z", "fetched_at": "2025-07-12T13:04:24.618370+00:00", "symbol": "ADA-USD"}, {"trade_id": 143206173, "side": "sell", "size": "828.07598945", "price": "0.71300000", "time": "2025-07-12T13:04:02.753145Z", "fetched_at": "2025-07-12T13:04:24.618370+00:00", "symbol": "ADA-USD"}, {"trade_id": 143206172, "side": "sell", "size": "557.27431318", "price": "0.71300000", "time": "2025-07-12T13:04:02.753145Z", "fetched_at": "2025-07-12T13:04:24.618370+00:00", "symbol": "ADA-USD"}, {"trade_id": 143206171, "side": "sell", "size": "2268.92608413", "price": "0.71300000", "time": "2025-07-12T13:04:02.752852Z", "fetched_at": "2025-07-12T13:04:24.618370+00:00", "symbol": "ADA-USD"}, {"trade_id": 143206170, "side": "sell", "size": "2962.10920925", "price": "0.71300000", "time": "2025-07-12T13:04:02.752301Z", "fetched_at": "2025-07-12T13:04:24.618370+00:00", "symbol": "ADA-USD"}, {"trade_id": 143206169, "side": "sell", "size": "335.59472164", "price": "0.71300000", "time": "2025-07-12T13:04:02.752301Z", "fetched_at": "2025-07-12T13:04:24.618370+00:00", "symbol": "ADA-USD"}, {"trade_id": 143206168, "side": "sell", "size": "538.49239774", "price": "0.71300000", "time": "2025-07-12T13:04:02.752301Z", "fetched_at": "2025-07-12T13:04:24.618370+00:00", "symbol": "ADA-USD"}, {"trade_id": 143206167, "side": "sell", "size": "958.79377108", "price": "0.71300000", "time": "2025-07-12T13:04:02.752292Z", "fetched_at": "2025-07-12T13:04:24.618370+00:00", "symbol": "ADA-USD"}, {"trade_id": 143206166, "side": "sell", "size": "653.60667410", "price": "0.71300000", "time": "2025-07-12T13:04:02.752292Z", "fetched_at": "2025-07-12T13:04:24.618370+00:00", "symbol": "ADA-USD"}, {"trade_id": 143206165, "side": "sell", "size": "1.60000000", "price": "0.71300000", "time": "2025-07-12T13:04:02.752292Z", "fetched_at": "2025-07-12T13:04:24.618370+00:00", "symbol": "ADA-USD"}, {"trade_id": 143206164, "side": "sell", "size": "274.31079413", "price": "0.71300000", "time": "2025-07-12T13:04:02.752292Z", "fetched_at": "2025-07-12T13:04:24.618370+00:00", "symbol": "ADA-USD"}, {"trade_id": 143206163, "side": "sell", "size": "351.00000000", "price": "0.71300000", "time": "2025-07-12T13:04:02.752292Z", "fetched_at": "2025-07-12T13:04:24.618370+00:00", "symbol": "ADA-USD"}, {"trade_id": 143206162, "side": "sell", "size": "50.00000000", "price": "0.71280000", "time": "2025-07-12T13:04:02.752292Z", "fetched_at": "2025-07-12T13:04:24.618370+00:00", "symbol": "ADA-USD"}, {"trade_id": 143206161, "side": "sell", "size": "351.00000000", "price": "0.71270000", "time": "2025-07-12T13:04:02.752292Z", "fetched_at": "2025-07-12T13:04:24.618370+00:00", "symbol": "ADA-USD"}, {"trade_id": 143206160, "side": "sell", "size": "53.06846020", "price": "0.71290000", "time": "2025-07-12T13:04:02.743316Z", "fetched_at": "2025-07-12T13:04:24.618370+00:00", "symbol": "ADA-USD"}, {"trade_id": 143206159, "side": "sell", "size": "648.32063444", "price": "0.71290000", "time": "2025-07-12T13:04:02.742745Z", "fetched_at": "2025-07-12T13:04:24.618370+00:00", "symbol": "ADA-USD"}, {"trade_id": 143206158, "side": "sell", "size": "743.81561298", "price": "0.71290000", "time": "2025-07-12T13:04:02.742745Z", "fetched_at": "2025-07-12T13:04:24.618370+00:00", "symbol": "ADA-USD"}, {"trade_id": 143206157, "side": "sell", "size": "1.60000000", "price": "0.71290000", "time": "2025-07-12T13:04:02.742745Z", "fetched_at": "2025-07-12T13:04:24.618370+00:00", "symbol": "ADA-USD"}, {"trade_id": 143206156, "side": "sell", "size": "582.84203238", "price": "0.71290000", "time": "2025-07-12T13:04:02.742745Z", "fetched_at": "2025-07-12T13:04:24.618370+00:00", "symbol": "ADA-USD"}, {"trade_id": 143206155, "side": "sell", "size": "653.60667410", "price": "0.71290000", "time": "2025-07-12T13:04:02.742745Z", "fetched_at": "2025-07-12T13:04:24.618370+00:00", "symbol": "ADA-USD"}, {"trade_id": 143206154, "side": "sell", "size": "351.00000000", "price": "0.71290000", "time": "2025-07-12T13:04:02.742745Z", "fetched_at": "2025-07-12T13:04:24.618370+00:00", "symbol": "ADA-USD"}, {"trade_id": 143206153, "side": "sell", "size": "274.31079413", "price": "0.71280000", "time": "2025-07-12T13:04:02.742745Z", "fetched_at": "2025-07-12T13:04:24.618370+00:00", "symbol": "ADA-USD"}, {"trade_id": 143206152, "side": "sell", "size": "580.69925537", "price": "0.71280000", "time": "2025-07-12T13:04:02.741324Z", "fetched_at": "2025-07-12T13:04:24.618370+00:00", "symbol": "ADA-USD"}, {"trade_id": 143206151, "side": "sell", "size": "653.60667410", "price": "0.71280000", "time": "2025-07-12T13:04:02.741324Z", "fetched_at": "2025-07-12T13:04:24.618370+00:00", "symbol": "ADA-USD"}, {"trade_id": 143206150, "side": "sell", "size": "1.60000000", "price": "0.71280000", "time": "2025-07-12T13:04:02.741324Z", "fetched_at": "2025-07-12T13:04:24.618370+00:00", "symbol": "ADA-USD"}, {"trade_id": 143206149, "side": "sell", "size": "1.60000000", "price": "0.71270000", "time": "2025-07-12T13:04:02.739044Z", "fetched_at": "2025-07-12T13:04:24.618370+00:00", "symbol": "ADA-USD"}, {"trade_id": 143206148, "side": "sell", "size": "688.79589855", "price": "0.71260000", "time": "2025-07-12T13:04:02.651745Z", "fetched_at": "2025-07-12T13:04:24.618370+00:00", "symbol": "ADA-USD"}, {"trade_id": 143206147, "side": "sell", "size": "1.60000000", "price": "0.71260000", "time": "2025-07-12T13:04:02.651745Z", "fetched_at": "2025-07-12T13:04:24.618370+00:00", "symbol": "ADA-USD"}, {"trade_id": 143206146, "side": "sell", "size": "3.27355422", "price": "0.71250000", "time": "2025-07-12T13:04:02.427965Z", "fetched_at": "2025-07-12T13:04:24.618370+00:00", "symbol": "ADA-USD"}, {"trade_id": 143206145, "side": "sell", "size": "1.60000000", "price": "0.71250000", "time": "2025-07-12T13:04:02.427965Z", "fetched_at": "2025-07-12T13:04:24.618370+00:00", "symbol": "ADA-USD"}, {"trade_id": 143206144, "side": "sell", "size": "33.27846166", "price": "0.71240000", "time": "2025-07-12T13:04:02.311815Z", "fetched_at": "2025-07-12T13:04:24.618370+00:00", "symbol": "ADA-USD"}, {"trade_id": 143206143, "side": "sell", "size": "756.02569012", "price": "0.71240000", "time": "2025-07-12T13:04:02.302667Z", "fetched_at": "2025-07-12T13:04:24.618370+00:00", "symbol": "ADA-USD"}, {"trade_id": 143206142, "side": "sell", "size": "699.37514578", "price": "0.71230000", "time": "2025-07-12T13:03:58.364002Z", "fetched_at": "2025-07-12T13:04:24.618370+00:00", "symbol": "ADA-USD"}, {"trade_id": 143206141, "side": "sell", "size": "755.01848281", "price": "0.71230000", "time": "2025-07-12T13:03:57.719175Z", "fetched_at": "2025-07-12T13:04:24.618370+00:00", "symbol": "ADA-USD"}, {"trade_id": 143206140, "side": "sell", "size": "12.69839438", "price": "0.71230000", "time": "2025-07-12T13:03:57.719175Z", "fetched_at": "2025-07-12T13:04:24.618370+00:00", "symbol": "ADA-USD"}, {"trade_id": 143206139, "side": "buy", "size": "14.03902850", "price": "0.71230000", "time": "2025-07-12T13:03:54.836067Z", "fetched_at": "2025-07-12T13:04:24.618370+00:00", "symbol": "ADA-USD"}, {"trade_id": 143206138, "side": "sell", "size": "1.60000000", "price": "0.71240000", "time": "2025-07-12T13:03:53.705035Z", "fetched_at": "2025-07-12T13:04:24.618370+00:00", "symbol": "ADA-USD"}, {"trade_id": 143206137, "side": "sell", "size": "1.60000000", "price": "0.71230000", "time": "2025-07-12T13:03:53.639783Z", "fetched_at": "2025-07-12T13:04:24.618370+00:00", "symbol": "ADA-USD"}, {"trade_id": 143206136, "side": "sell", "size": "9.15169938", "price": "0.71220000", "time": "2025-07-12T13:03:53.557180Z", "fetched_at": "2025-07-12T13:04:24.618370+00:00", "symbol": "ADA-USD"}, {"trade_id": 143206135, "side": "sell", "size": "1.60000000", "price": "0.71220000", "time": "2025-07-12T13:03:53.557180Z", "fetched_at": "2025-07-12T13:04:24.618370+00:00", "symbol": "ADA-USD"}, {"trade_id": 143206134, "side": "sell", "size": "1.60000000", "price": "0.71210000", "time": "2025-07-12T13:03:52.224904Z", "fetched_at": "2025-07-12T13:04:24.618370+00:00", "symbol": "ADA-USD"}, {"trade_id": 143206133, "side": "sell", "size": "5240.60000000", "price": "0.71200000", "time": "2025-07-12T13:03:52.224092Z", "fetched_at": "2025-07-12T13:04:24.618370+00:00", "symbol": "ADA-USD"}, {"trade_id": 143206132, "side": "sell", "size": "281.71857167", "price": "0.71210000", "time": "2025-07-12T13:03:52.214574Z", "fetched_at": "2025-07-12T13:04:24.618370+00:00", "symbol": "ADA-USD"}, {"trade_id": 143206131, "side": "sell", "size": "1435.85036000", "price": "0.71210000", "time": "2025-07-12T13:03:52.214574Z", "fetched_at": "2025-07-12T13:04:24.618370+00:00", "symbol": "ADA-USD"}, {"trade_id": 143206130, "side": "sell", "size": "1535.76922000", "price": "0.71200000", "time": "2025-07-12T13:03:52.213762Z", "fetched_at": "2025-07-12T13:04:24.618370+00:00", "symbol": "ADA-USD"}, {"trade_id": 143206129, "side": "sell", "size": "1534.99341000", "price": "0.71200000", "time": "2025-07-12T13:03:52.213762Z", "fetched_at": "2025-07-12T13:04:24.618370+00:00", "symbol": "ADA-USD"}, {"trade_id": 143206128, "side": "sell", "size": "1.60000000", "price": "0.71200000", "time": "2025-07-12T13:03:52.213762Z", "fetched_at": "2025-07-12T13:04:24.618370+00:00", "symbol": "ADA-USD"}, {"trade_id": 143206127, "side": "sell", "size": "1436.25382000", "price": "0.71200000", "time": "2025-07-12T13:03:52.213762Z", "fetched_at": "2025-07-12T13:04:24.618370+00:00", "symbol": "ADA-USD"}, {"trade_id": 143206126, "side": "sell", "size": "653.60667410", "price": "0.71200000", "time": "2025-07-12T13:03:52.213762Z", "fetched_at": "2025-07-12T13:04:24.618370+00:00", "symbol": "ADA-USD"}, {"trade_id": 143206125, "side": "sell", "size": "351.00000000", "price": "0.71200000", "time": "2025-07-12T13:03:52.213762Z", "fetched_at": "2025-07-12T13:04:24.618370+00:00", "symbol": "ADA-USD"}, {"trade_id": 143206124, "side": "sell", "size": "1.60000000", "price": "0.71190000", "time": "2025-07-12T13:03:52.213176Z", "fetched_at": "2025-07-12T13:04:24.618370+00:00", "symbol": "ADA-USD"}, {"trade_id": 143206123, "side": "sell", "size": "5243.00000000", "price": "0.71190000", "time": "2025-07-12T13:03:52.213176Z", "fetched_at": "2025-07-12T13:04:24.618370+00:00", "symbol": "ADA-USD"}, {"trade_id": 143206122, "side": "sell", "size": "922.98360654", "price": "0.71190000", "time": "2025-07-12T13:03:52.213176Z", "fetched_at": "2025-07-12T13:04:24.618370+00:00", "symbol": "ADA-USD"}, {"trade_id": 143206121, "side": "sell", "size": "653.60667410", "price": "0.71190000", "time": "2025-07-12T13:03:52.213176Z", "fetched_at": "2025-07-12T13:04:24.618370+00:00", "symbol": "ADA-USD"}, {"trade_id": 143206120, "side": "sell", "size": "14.05127547", "price": "0.71180000", "time": "2025-07-12T13:03:52.154697Z", "fetched_at": "2025-07-12T13:04:24.618370+00:00", "symbol": "ADA-USD"}, {"trade_id": 143206119, "side": "buy", "size": "1.60000000", "price": "0.71160000", "time": "2025-07-12T13:03:49.615940Z", "fetched_at": "2025-07-12T13:04:24.618370+00:00", "symbol": "ADA-USD"}, {"trade_id": 143206118, "side": "buy", "size": "1.67906021", "price": "0.71170000", "time": "2025-07-12T13:03:48.629525Z", "fetched_at": "2025-07-12T13:04:24.618370+00:00", "symbol": "ADA-USD"}, {"trade_id": 143206117, "side": "buy", "size": "7.80574313", "price": "0.71180000", "time": "2025-07-12T13:03:47.625227Z", "fetched_at": "2025-07-12T13:04:24.618370+00:00", "symbol": "ADA-USD"}, {"trade_id": 143206116, "side": "buy", "size": "1.60000000", "price": "0.71180000", "time": "2025-07-12T13:03:47.625227Z", "fetched_at": "2025-07-12T13:04:24.618370+00:00", "symbol": "ADA-USD"}, {"trade_id": 143206115, "side": "buy", "size": "14.04691671", "price": "0.71190000", "time": "2025-07-12T13:03:47.358855Z", "fetched_at": "2025-07-12T13:04:24.618370+00:00", "symbol": "ADA-USD"}, {"trade_id": 143206114, "side": "sell", "size": "279.77963483", "price": "0.71200000", "time": "2025-07-12T13:03:46.803357Z", "fetched_at": "2025-07-12T13:04:24.618370+00:00", "symbol": "ADA-USD"}, {"trade_id": 143206113, "side": "buy", "size": "8.19937322", "price": "0.71210000", "time": "2025-07-12T13:03:45.607900Z", "fetched_at": "2025-07-12T13:04:24.618370+00:00", "symbol": "ADA-USD"}, {"trade_id": 143206112, "side": "buy", "size": "8.15629372", "price": "0.71230000", "time": "2025-07-12T13:03:44.520427Z", "fetched_at": "2025-07-12T13:04:24.618370+00:00", "symbol": "ADA-USD"}, {"trade_id": 143206111, "side": "sell", "size": "3.47753100", "price": "0.71240000", "time": "2025-07-12T13:03:44.512180Z", "fetched_at": "2025-07-12T13:04:24.618370+00:00", "symbol": "ADA-USD"}, {"trade_id": 143206110, "side": "sell", "size": "340.80186910", "price": "0.71240000", "time": "2025-07-12T13:03:44.225189Z", "fetched_at": "2025-07-12T13:04:24.618370+00:00", "symbol": "ADA-USD"}, {"trade_id": 143206109, "side": "sell", "size": "680.75466296", "price": "0.71240000", "time": "2025-07-12T13:03:44.176758Z", "fetched_at": "2025-07-12T13:04:24.618370+00:00", "symbol": "ADA-USD"}, {"trade_id": 143206108, "side": "sell", "size": "1.60000000", "price": "0.71240000", "time": "2025-07-12T13:03:41.922252Z", "fetched_at": "2025-07-12T13:04:24.618370+00:00", "symbol": "ADA-USD"}, {"trade_id": 143206107, "side": "sell", "size": "161.00628276", "price": "0.71230000", "time": "2025-07-12T13:03:41.828584Z", "fetched_at": "2025-07-12T13:04:24.618370+00:00", "symbol": "ADA-USD"}, {"trade_id": 143206106, "side": "sell", "size": "614.93785367", "price": "0.71230000", "time": "2025-07-12T13:03:41.710118Z", "fetched_at": "2025-07-12T13:04:24.618370+00:00", "symbol": "ADA-USD"}, {"trade_id": 143206105, "side": "sell", "size": "893.52810666", "price": "0.71230000", "time": "2025-07-12T13:03:41.600367Z", "fetched_at": "2025-07-12T13:04:24.618370+00:00", "symbol": "ADA-USD"}, {"trade_id": 143206104, "side": "sell", "size": "1.60000000", "price": "0.71230000", "time": "2025-07-12T13:03:41.600367Z", "fetched_at": "2025-07-12T13:04:24.618370+00:00", "symbol": "ADA-USD"}, {"trade_id": 143206103, "side": "sell", "size": "655.65631742", "price": "0.71220000", "time": "2025-07-12T13:03:41.421226Z", "fetched_at": "2025-07-12T13:04:24.618370+00:00", "symbol": "ADA-USD"}, {"trade_id": 143206102, "side": "sell", "size": "1.60000000", "price": "0.71220000", "time": "2025-07-12T13:03:41.421226Z", "fetched_at": "2025-07-12T13:04:24.618370+00:00", "symbol": "ADA-USD"}, {"trade_id": 143206101, "side": "sell", "size": "1.60000000", "price": "0.71210000", "time": "2025-07-12T13:03:41.208008Z", "fetched_at": "2025-07-12T13:04:24.618370+00:00", "symbol": "ADA-USD"}, {"trade_id": 143206100, "side": "sell", "size": "1.60000000", "price": "0.71200000", "time": "2025-07-12T13:03:40.169090Z", "fetched_at": "2025-07-12T13:04:24.618370+00:00", "symbol": "ADA-USD"}, {"trade_id": 143206099, "side": "sell", "size": "126.50991000", "price": "0.71190000", "time": "2025-07-12T13:03:39.840799Z", "fetched_at": "2025-07-12T13:04:24.618370+00:00", "symbol": "ADA-USD"}, {"trade_id": 143206098, "side": "sell", "size": "675.84199869", "price": "0.71190000", "time": "2025-07-12T13:03:39.758626Z", "fetched_at": "2025-07-12T13:04:24.618370+00:00", "symbol": "ADA-USD"}, {"trade_id": 143206097, "side": "sell", "size": "2.33144604", "price": "0.71180000", "time": "2025-07-12T13:03:39.277946Z", "fetched_at": "2025-07-12T13:04:24.618370+00:00", "symbol": "ADA-USD"}, {"trade_id": 143206096, "side": "sell", "size": "1.60000000", "price": "0.71180000", "time": "2025-07-12T13:03:39.277946Z", "fetched_at": "2025-07-12T13:04:24.618370+00:00", "symbol": "ADA-USD"}, {"trade_id": 143206095, "side": "sell", "size": "10.49385417", "price": "0.71170000", "time": "2025-07-12T13:03:37.431149Z", "fetched_at": "2025-07-12T13:04:24.618370+00:00", "symbol": "ADA-USD"}, {"trade_id": 143206094, "side": "sell", "size": "1.60000000", "price": "0.71170000", "time": "2025-07-12T13:03:37.431149Z", "fetched_at": "2025-07-12T13:04:24.618370+00:00", "symbol": "ADA-USD"}, {"trade_id": 143206093, "side": "sell", "size": "273.20326100", "price": "0.71170000", "time": "2025-07-12T13:03:37.334225Z", "fetched_at": "2025-07-12T13:04:24.618370+00:00", "symbol": "ADA-USD"}, {"trade_id": 143206092, "side": "sell", "size": "1.60000000", "price": "0.71160000", "time": "2025-07-12T13:03:36.654887Z", "fetched_at": "2025-07-12T13:04:24.618370+00:00", "symbol": "ADA-USD"}, {"trade_id": 143206091, "side": "sell", "size": "14.06143289", "price": "0.71150000", "time": "2025-07-12T13:03:36.598022Z", "fetched_at": "2025-07-12T13:04:24.618370+00:00", "symbol": "ADA-USD"}, {"trade_id": 143206090, "side": "sell", "size": "14.05944487", "price": "0.71120000", "time": "2025-07-12T13:03:35.360914Z", "fetched_at": "2025-07-12T13:04:24.618370+00:00", "symbol": "ADA-USD"}, {"trade_id": 143206089, "side": "buy", "size": "1.60000000", "price": "0.71120000", "time": "2025-07-12T13:03:33.551850Z", "fetched_at": "2025-07-12T13:04:24.618370+00:00", "symbol": "ADA-USD"}, {"trade_id": 143206088, "side": "buy", "size": "1.60000000", "price": "0.71130000", "time": "2025-07-12T13:03:31.911100Z", "fetched_at": "2025-07-12T13:04:24.618370+00:00", "symbol": "ADA-USD"}, {"trade_id": 143206087, "side": "sell", "size": "28.04343547", "price": "0.71140000", "time": "2025-07-12T13:03:31.459263Z", "fetched_at": "2025-07-12T13:04:24.618370+00:00", "symbol": "ADA-USD"}, {"trade_id": 143206086, "side": "buy", "size": "2.61928933", "price": "0.71140000", "time": "2025-07-12T13:03:28.077947Z", "fetched_at": "2025-07-12T13:04:24.618370+00:00", "symbol": "ADA-USD"}, {"trade_id": 143206085, "side": "buy", "size": "3.49774370", "price": "0.71150000", "time": "2025-07-12T13:03:27.662909Z", "fetched_at": "2025-07-12T13:04:24.618370+00:00", "symbol": "ADA-USD"}, {"trade_id": 143206084, "side": "buy", "size": "1.74019235", "price": "0.71180000", "time": "2025-07-12T13:03:24.845384Z", "fetched_at": "2025-07-12T13:04:24.618370+00:00", "symbol": "ADA-USD"}, {"trade_id": 143206083, "side": "sell", "size": "735.68264390", "price": "0.71160000", "time": "2025-07-12T13:03:24.739390Z", "fetched_at": "2025-07-12T13:04:24.618370+00:00", "symbol": "ADA-USD"}, {"trade_id": 143206082, "side": "buy", "size": "1064.91241364", "price": "0.71140000", "time": "2025-07-12T13:03:23.767802Z", "fetched_at": "2025-07-12T13:04:24.618370+00:00", "symbol": "ADA-USD"}, {"trade_id": 143206081, "side": "buy", "size": "1.60000000", "price": "0.71140000", "time": "2025-07-12T13:03:23.767802Z", "fetched_at": "2025-07-12T13:04:24.618370+00:00", "symbol": "ADA-USD"}, {"trade_id": 143206080, "side": "buy", "size": "653.60667410", "price": "0.71140000", "time": "2025-07-12T13:03:23.767802Z", "fetched_at": "2025-07-12T13:04:24.618370+00:00", "symbol": "ADA-USD"}, {"trade_id": 143206079, "side": "buy", "size": "720.62483739", "price": "0.71150000", "time": "2025-07-12T13:03:23.767802Z", "fetched_at": "2025-07-12T13:04:24.618370+00:00", "symbol": "ADA-USD"}, {"trade_id": 143206078, "side": "buy", "size": "390.16560669", "price": "0.71150000", "time": "2025-07-12T13:03:23.767802Z", "fetched_at": "2025-07-12T13:04:24.618370+00:00", "symbol": "ADA-USD"}, {"trade_id": 143206077, "side": "buy", "size": "1.60000000", "price": "0.71150000", "time": "2025-07-12T13:03:23.767802Z", "fetched_at": "2025-07-12T13:04:24.618370+00:00", "symbol": "ADA-USD"}, {"trade_id": 143206076, "side": "buy", "size": "2.35325218", "price": "0.71160000", "time": "2025-07-12T13:03:23.767802Z", "fetched_at": "2025-07-12T13:04:24.618370+00:00", "symbol": "ADA-USD"}, {"trade_id": 143206075, "side": "buy", "size": "1.60000000", "price": "0.71160000", "time": "2025-07-12T13:03:23.767802Z", "fetched_at": "2025-07-12T13:04:24.618370+00:00", "symbol": "ADA-USD"}, {"trade_id": 143206074, "side": "buy", "size": "2.35542393", "price": "0.71180000", "time": "2025-07-12T13:03:23.437584Z", "fetched_at": "2025-07-12T13:04:24.618370+00:00", "symbol": "ADA-USD"}, {"trade_id": 143206073, "side": "buy", "size": "194.02508926", "price": "0.71170000", "time": "2025-07-12T13:03:22.928310Z", "fetched_at": "2025-07-12T13:04:24.618370+00:00", "symbol": "ADA-USD"}, {"trade_id": 143206072, "side": "buy", "size": "1.60000000", "price": "0.71170000", "time": "2025-07-12T13:03:22.928310Z", "fetched_at": "2025-07-12T13:04:24.618370+00:00", "symbol": "ADA-USD"}, {"trade_id": 143206071, "side": "buy", "size": "3.02574074", "price": "0.71190000", "time": "2025-07-12T13:03:22.928310Z", "fetched_at": "2025-07-12T13:04:24.618370+00:00", "symbol": "ADA-USD"}, {"trade_id": 143206070, "side": "buy", "size": "3.89576443", "price": "0.71190000", "time": "2025-07-12T13:03:22.050061Z", "fetched_at": "2025-07-12T13:04:24.618370+00:00", "symbol": "ADA-USD"}, {"trade_id": 143206069, "side": "buy", "size": "1.47561473", "price": "0.71190000", "time": "2025-07-12T13:03:21.184539Z", "fetched_at": "2025-07-12T13:04:24.618370+00:00", "symbol": "ADA-USD"}, {"trade_id": 143206068, "side": "buy", "size": "69.44139127", "price": "0.71180000", "time": "2025-07-12T13:03:21.004763Z", "fetched_at": "2025-07-12T13:04:24.618370+00:00", "symbol": "ADA-USD"}, {"trade_id": 143206067, "side": "buy", "size": "1.47561473", "price": "0.71190000", "time": "2025-07-12T13:03:21.004763Z", "fetched_at": "2025-07-12T13:04:24.618370+00:00", "symbol": "ADA-USD"}, {"trade_id": 143206066, "side": "sell", "size": "14.04565588", "price": "0.71180000", "time": "2025-07-12T13:03:20.875917Z", "fetched_at": "2025-07-12T13:04:24.618370+00:00", "symbol": "ADA-USD"}, {"trade_id": 143206065, "side": "buy", "size": "1.48496949", "price": "0.71170000", "time": "2025-07-12T13:03:20.095829Z", "fetched_at": "2025-07-12T13:04:24.618370+00:00", "symbol": "ADA-USD"}, {"trade_id": 143206064, "side": "buy", "size": "1.60000000", "price": "0.71170000", "time": "2025-07-12T13:03:20.095829Z", "fetched_at": "2025-07-12T13:04:24.618370+00:00", "symbol": "ADA-USD"}, {"trade_id": 143206063, "side": "buy", "size": "400.00000000", "price": "0.71170000", "time": "2025-07-12T13:03:20.095829Z", "fetched_at": "2025-07-12T13:04:24.618370+00:00", "symbol": "ADA-USD"}, {"trade_id": 143206062, "side": "buy", "size": "1.76778108", "price": "0.71180000", "time": "2025-07-12T13:03:19.839733Z", "fetched_at": "2025-07-12T13:04:24.618370+00:00", "symbol": "ADA-USD"}, {"trade_id": 143206061, "side": "buy", "size": "1.97606808", "price": "0.71190000", "time": "2025-07-12T13:03:19.063638Z", "fetched_at": "2025-07-12T13:04:24.618370+00:00", "symbol": "ADA-USD"}, {"trade_id": 143206060, "side": "buy", "size": "3.30572340", "price": "0.71180000", "time": "2025-07-12T13:03:17.767024Z", "fetched_at": "2025-07-12T13:04:24.618370+00:00", "symbol": "ADA-USD"}, {"trade_id": 143206059, "side": "buy", "size": "3.35729807", "price": "0.71190000", "time": "2025-07-12T13:03:17.634513Z", "fetched_at": "2025-07-12T13:04:24.618370+00:00", "symbol": "ADA-USD"}, {"trade_id": 143206058, "side": "buy", "size": "6.08907349", "price": "0.71200000", "time": "2025-07-12T13:03:17.038150Z", "fetched_at": "2025-07-12T13:04:24.618370+00:00", "symbol": "ADA-USD"}, {"trade_id": 143206057, "side": "sell", "size": "45.67720000", "price": "0.71210000", "time": "2025-07-12T13:03:15.699891Z", "fetched_at": "2025-07-12T13:04:24.618370+00:00", "symbol": "ADA-USD"}, {"trade_id": 143206056, "side": "sell", "size": "14.04567996", "price": "0.71210000", "time": "2025-07-12T13:03:15.243701Z", "fetched_at": "2025-07-12T13:04:24.618370+00:00", "symbol": "ADA-USD"}, {"trade_id": 143206055, "side": "buy", "size": "131.65178139", "price": "0.71180000", "time": "2025-07-12T13:03:14.575342Z", "fetched_at": "2025-07-12T13:04:24.618370+00:00", "symbol": "ADA-USD"}, {"trade_id": 143206054, "side": "buy", "size": "1.60000000", "price": "0.71180000", "time": "2025-07-12T13:03:14.575342Z", "fetched_at": "2025-07-12T13:04:24.618370+00:00", "symbol": "ADA-USD"}, {"trade_id": 143206053, "side": "buy", "size": "2.42865039", "price": "0.71190000", "time": "2025-07-12T13:03:14.575342Z", "fetched_at": "2025-07-12T13:04:24.618370+00:00", "symbol": "ADA-USD"}, {"trade_id": 143206052, "side": "buy", "size": "3.79545743", "price": "0.71190000", "time": "2025-07-12T13:03:13.652355Z", "fetched_at": "2025-07-12T13:04:24.618370+00:00", "symbol": "ADA-USD"}, {"trade_id": 143206051, "side": "buy", "size": "1.60000000", "price": "0.71190000", "time": "2025-07-12T13:03:13.652355Z", "fetched_at": "2025-07-12T13:04:24.618370+00:00", "symbol": "ADA-USD"}, {"trade_id": 143206050, "side": "buy", "size": "11.30828453", "price": "0.71200000", "time": "2025-07-12T13:03:12.709385Z", "fetched_at": "2025-07-12T13:04:24.618370+00:00", "symbol": "ADA-USD"}, {"trade_id": 143206049, "side": "sell", "size": "14.04164972", "price": "0.71200000", "time": "2025-07-12T13:03:12.110909Z", "fetched_at": "2025-07-12T13:04:24.618370+00:00", "symbol": "ADA-USD"}, {"trade_id": 143206048, "side": "buy", "size": "8.42277200", "price": "0.71200000", "time": "2025-07-12T13:03:11.195666Z", "fetched_at": "2025-07-12T13:04:24.618370+00:00", "symbol": "ADA-USD"}, {"trade_id": 143206047, "side": "buy", "size": "1.60000000", "price": "0.71200000", "time": "2025-07-12T13:03:11.195666Z", "fetched_at": "2025-07-12T13:04:24.618370+00:00", "symbol": "ADA-USD"}, {"trade_id": 143206046, "side": "buy", "size": "4.30025364", "price": "0.71210000", "time": "2025-07-12T13:03:11.186673Z", "fetched_at": "2025-07-12T13:04:24.618370+00:00", "symbol": "ADA-USD"}, {"trade_id": 143206045, "side": "buy", "size": "1.60000000", "price": "0.71210000", "time": "2025-07-12T13:03:11.186673Z", "fetched_at": "2025-07-12T13:04:24.618370+00:00", "symbol": "ADA-USD"}, {"trade_id": 143206044, "side": "sell", "size": "2.77972800", "price": "0.71250000", "time": "2025-07-12T13:03:08.742407Z", "fetched_at": "2025-07-12T13:04:24.618370+00:00", "symbol": "ADA-USD"}, {"trade_id": 143206043, "side": "sell", "size": "1.60000000", "price": "0.71240000", "time": "2025-07-12T13:03:08.535979Z", "fetched_at": "2025-07-12T13:04:24.618370+00:00", "symbol": "ADA-USD"}, {"trade_id": 143206042, "side": "buy", "size": "10.16179983", "price": "0.71220000", "time": "2025-07-12T13:03:07.934253Z", "fetched_at": "2025-07-12T13:04:24.618370+00:00", "symbol": "ADA-USD"}, {"trade_id": 143206041, "side": "sell", "size": "126.50991000", "price": "0.71220000", "time": "2025-07-12T13:03:05.757989Z", "fetched_at": "2025-07-12T13:04:24.618370+00:00", "symbol": "ADA-USD"}, {"trade_id": 143206040, "side": "sell", "size": "127.73816000", "price": "0.71220000", "time": "2025-07-12T13:03:05.757989Z", "fetched_at": "2025-07-12T13:04:24.618370+00:00", "symbol": "ADA-USD"}, {"trade_id": 143206039, "side": "sell", "size": "14.03957263", "price": "0.71220000", "time": "2025-07-12T13:03:05.757989Z", "fetched_at": "2025-07-12T13:04:24.618370+00:00", "symbol": "ADA-USD"}, {"trade_id": 143206038, "side": "sell", "size": "14.03957263", "price": "0.71220000", "time": "2025-07-12T13:03:05.726463Z", "fetched_at": "2025-07-12T13:04:24.618370+00:00", "symbol": "ADA-USD"}, {"trade_id": 143206037, "side": "buy", "size": "1.60000000", "price": "0.71200000", "time": "2025-07-12T13:03:04.600471Z", "fetched_at": "2025-07-12T13:04:24.618370+00:00", "symbol": "ADA-USD"}, {"trade_id": 143206036, "side": "sell", "size": "13.62321700", "price": "0.71210000", "time": "2025-07-12T13:03:04.340257Z", "fetched_at": "2025-07-12T13:04:24.618370+00:00", "symbol": "ADA-USD"}, {"trade_id": 143206035, "side": "sell", "size": "51.00306000", "price": "0.71210000", "time": "2025-07-12T13:03:03.966059Z", "fetched_at": "2025-07-12T13:04:24.618370+00:00", "symbol": "ADA-USD"}, {"trade_id": 143206034, "side": "sell", "size": "50.00000000", "price": "0.71210000", "time": "2025-07-12T13:03:03.966059Z", "fetched_at": "2025-07-12T13:04:24.618370+00:00", "symbol": "ADA-USD"}, {"trade_id": 143206033, "side": "sell", "size": "126.50991000", "price": "0.71210000", "time": "2025-07-12T13:03:03.966059Z", "fetched_at": "2025-07-12T13:04:24.618370+00:00", "symbol": "ADA-USD"}, {"trade_id": 143206032, "side": "sell", "size": "0.07260216", "price": "0.71210000", "time": "2025-07-12T13:03:03.838950Z", "fetched_at": "2025-07-12T13:04:24.618370+00:00", "symbol": "ADA-USD"}, {"trade_id": 143206031, "side": "buy", "size": "1.56165270", "price": "0.71210000", "time": "2025-07-12T13:03:03.732797Z", "fetched_at": "2025-07-12T13:04:24.618370+00:00", "symbol": "ADA-USD"}, {"trade_id": 143206030, "side": "buy", "size": "0.00000169", "price": "0.71210000", "time": "2025-07-12T13:03:03.732797Z", "fetched_at": "2025-07-12T13:04:24.618370+00:00", "symbol": "ADA-USD"}, {"trade_id": 143206029, "side": "buy", "size": "66.27833000", "price": "0.71210000", "time": "2025-07-12T13:03:03.711417Z", "fetched_at": "2025-07-12T13:04:24.618370+00:00", "symbol": "ADA-USD"}, {"trade_id": 143206028, "side": "buy", "size": "1.57473989", "price": "0.71220000", "time": "2025-07-12T13:03:03.700961Z", "fetched_at": "2025-07-12T13:04:24.618370+00:00", "symbol": "ADA-USD"}, {"trade_id": 143206027, "side": "sell", "size": "6.94055000", "price": "0.71230000", "time": "2025-07-12T13:03:03.300656Z", "fetched_at": "2025-07-12T13:04:24.618370+00:00", "symbol": "ADA-USD"}, {"trade_id": 143206026, "side": "sell", "size": "21.92119300", "price": "0.71230000", "time": "2025-07-12T13:03:02.717214Z", "fetched_at": "2025-07-12T13:04:24.618370+00:00", "symbol": "ADA-USD"}, {"trade_id": 143206025, "side": "buy", "size": "1.75275561", "price": "0.71240000", "time": "2025-07-12T13:03:02.441313Z", "fetched_at": "2025-07-12T13:04:24.618370+00:00", "symbol": "ADA-USD"}, {"trade_id": 143206024, "side": "buy", "size": "401.72893082", "price": "0.71200000", "time": "2025-07-12T13:03:00.908246Z", "fetched_at": "2025-07-12T13:04:24.618370+00:00", "symbol": "ADA-USD"}, {"trade_id": 143206023, "side": "buy", "size": "1436.05209000", "price": "0.71200000", "time": "2025-07-12T13:03:00.908246Z", "fetched_at": "2025-07-12T13:04:24.618370+00:00", "symbol": "ADA-USD"}, {"trade_id": 143206022, "side": "buy", "size": "351.00000000", "price": "0.71200000", "time": "2025-07-12T13:03:00.908246Z", "fetched_at": "2025-07-12T13:04:24.618370+00:00", "symbol": "ADA-USD"}, {"trade_id": 143206021, "side": "buy", "size": "1435.44729000", "price": "0.71210000", "time": "2025-07-12T13:03:00.908246Z", "fetched_at": "2025-07-12T13:04:24.618370+00:00", "symbol": "ADA-USD"}, {"trade_id": 143206020, "side": "buy", "size": "702.12363245", "price": "0.71210000", "time": "2025-07-12T13:03:00.908246Z", "fetched_at": "2025-07-12T13:04:24.618370+00:00", "symbol": "ADA-USD"}, {"trade_id": 143206019, "side": "buy", "size": "751.89051800", "price": "0.71210000", "time": "2025-07-12T13:03:00.908246Z", "fetched_at": "2025-07-12T13:04:24.618370+00:00", "symbol": "ADA-USD"}, {"trade_id": 143206018, "side": "buy", "size": "449.20885615", "price": "0.71210000", "time": "2025-07-12T13:03:00.908246Z", "fetched_at": "2025-07-12T13:04:24.618370+00:00", "symbol": "ADA-USD"}, {"trade_id": 143206017, "side": "buy", "size": "502.47022212", "price": "0.71210000", "time": "2025-07-12T13:03:00.908246Z", "fetched_at": "2025-07-12T13:04:24.618370+00:00", "symbol": "ADA-USD"}, {"trade_id": 143206016, "side": "buy", "size": "653.60667410", "price": "0.71210000", "time": "2025-07-12T13:03:00.908246Z", "fetched_at": "2025-07-12T13:04:24.618370+00:00", "symbol": "ADA-USD"}, {"trade_id": 143206015, "side": "buy", "size": "3.61983110", "price": "0.71220000", "time": "2025-07-12T13:03:00.908246Z", "fetched_at": "2025-07-12T13:04:24.618370+00:00", "symbol": "ADA-USD"}, {"trade_id": 143206014, "side": "buy", "size": "642.01753726", "price": "0.71220000", "time": "2025-07-12T13:03:00.908246Z", "fetched_at": "2025-07-12T13:04:24.618370+00:00", "symbol": "ADA-USD"}, {"trade_id": 143206013, "side": "buy", "size": "1.60000000", "price": "0.71220000", "time": "2025-07-12T13:03:00.908246Z", "fetched_at": "2025-07-12T13:04:24.618370+00:00", "symbol": "ADA-USD"}, {"trade_id": 143206012, "side": "buy", "size": "1.60000000", "price": "0.71230000", "time": "2025-07-12T13:03:00.908246Z", "fetched_at": "2025-07-12T13:04:24.618370+00:00", "symbol": "ADA-USD"}, {"trade_id": 143206011, "side": "buy", "size": "3.62304587", "price": "0.71240000", "time": "2025-07-12T13:03:00.630375Z", "fetched_at": "2025-07-12T13:04:24.618370+00:00", "symbol": "ADA-USD"}, {"trade_id": 143206010, "side": "buy", "size": "1.60000000", "price": "0.71240000", "time": "2025-07-12T13:03:00.630375Z", "fetched_at": "2025-07-12T13:04:24.618370+00:00", "symbol": "ADA-USD"}, {"trade_id": 143206009, "side": "buy", "size": "1.60000000", "price": "0.71250000", "time": "2025-07-12T13:03:00.628382Z", "fetched_at": "2025-07-12T13:04:24.618370+00:00", "symbol": "ADA-USD"}, {"trade_id": 143206008, "side": "buy", "size": "3.62611276", "price": "0.71260000", "time": "2025-07-12T13:03:00.320373Z", "fetched_at": "2025-07-12T13:04:24.618370+00:00", "symbol": "ADA-USD"}, {"trade_id": 143206007, "side": "buy", "size": "1.60000000", "price": "0.71260000", "time": "2025-07-12T13:03:00.320373Z", "fetched_at": "2025-07-12T13:04:24.618370+00:00", "symbol": "ADA-USD"}, {"trade_id": 143206006, "side": "buy", "size": "14.03114916", "price": "0.71270000", "time": "2025-07-12T13:03:00.291256Z", "fetched_at": "2025-07-12T13:04:24.618370+00:00", "symbol": "ADA-USD"}, {"trade_id": 143206005, "side": "buy", "size": "1.60000000", "price": "0.71290000", "time": "2025-07-12T13:02:59.619870Z", "fetched_at": "2025-07-12T13:04:24.618370+00:00", "symbol": "ADA-USD"}, {"trade_id": 143206004, "side": "buy", "size": "14.02327865", "price": "0.71310000", "time": "2025-07-12T13:02:59.419084Z", "fetched_at": "2025-07-12T13:04:24.618370+00:00", "symbol": "ADA-USD"}, {"trade_id": 143206003, "side": "sell", "size": "55.52439700", "price": "0.71320000", "time": "2025-07-12T13:02:59.252483Z", "fetched_at": "2025-07-12T13:04:24.618370+00:00", "symbol": "ADA-USD"}, {"trade_id": 143206002, "side": "sell", "size": "14.03003646", "price": "0.71310000", "time": "2025-07-12T13:02:57.497531Z", "fetched_at": "2025-07-12T13:04:24.618370+00:00", "symbol": "ADA-USD"}, {"trade_id": 143206001, "side": "sell", "size": "0.00000224", "price": "0.71280000", "time": "2025-07-12T13:02:57.244021Z", "fetched_at": "2025-07-12T13:04:24.618370+00:00", "symbol": "ADA-USD"}, {"trade_id": 143206000, "side": "sell", "size": "14.03380000", "price": "0.71280000", "time": "2025-07-12T13:02:57.243582Z", "fetched_at": "2025-07-12T13:04:24.618370+00:00", "symbol": "ADA-USD"}, {"trade_id": 143205999, "side": "buy", "size": "106.78851921", "price": "0.71250000", "time": "2025-07-12T13:02:56.958819Z", "fetched_at": "2025-07-12T13:04:24.618370+00:00", "symbol": "ADA-USD"}, {"trade_id": 143205998, "side": "buy", "size": "692.88711756", "price": "0.71260000", "time": "2025-07-12T13:02:56.958819Z", "fetched_at": "2025-07-12T13:04:24.618370+00:00", "symbol": "ADA-USD"}, {"trade_id": 143205997, "side": "buy", "size": "6.32517923", "price": "0.71270000", "time": "2025-07-12T13:02:56.958819Z", "fetched_at": "2025-07-12T13:04:24.618370+00:00", "symbol": "ADA-USD"}, {"trade_id": 143205996, "side": "sell", "size": "728.38463304", "price": "0.71270000", "time": "2025-07-12T13:02:53.326799Z", "fetched_at": "2025-07-12T13:04:24.618370+00:00", "symbol": "ADA-USD"}, {"trade_id": 143205995, "side": "buy", "size": "336.99187484", "price": "0.71250000", "time": "2025-07-12T13:02:52.696214Z", "fetched_at": "2025-07-12T13:04:24.618370+00:00", "symbol": "ADA-USD"}, {"trade_id": 143205994, "side": "buy", "size": "14.03311816", "price": "0.71260000", "time": "2025-07-12T13:02:52.696214Z", "fetched_at": "2025-07-12T13:04:24.618370+00:00", "symbol": "ADA-USD"}, {"trade_id": 143205993, "side": "buy", "size": "2.36778300", "price": "0.71260000", "time": "2025-07-12T13:02:52.669765Z", "fetched_at": "2025-07-12T13:04:24.618370+00:00", "symbol": "ADA-USD"}, {"trade_id": 143205992, "side": "buy", "size": "1842.24370653", "price": "0.71280000", "time": "2025-07-12T13:02:50.881388Z", "fetched_at": "2025-07-12T13:04:24.618370+00:00", "symbol": "ADA-USD"}, {"trade_id": 143205991, "side": "buy", "size": "742.45247886", "price": "0.71300000", "time": "2025-07-12T13:02:50.378856Z", "fetched_at": "2025-07-12T13:04:24.618370+00:00", "symbol": "ADA-USD"}, {"trade_id": 143205990, "side": "buy", "size": "5247.70000000", "price": "0.71300000", "time": "2025-07-12T13:02:50.378856Z", "fetched_at": "2025-07-12T13:04:24.618370+00:00", "symbol": "ADA-USD"}, {"trade_id": 143205989, "side": "buy", "size": "653.60667410", "price": "0.71300000", "time": "2025-07-12T13:02:50.378856Z", "fetched_at": "2025-07-12T13:04:24.618370+00:00", "symbol": "ADA-USD"}, {"trade_id": 143205988, "side": "buy", "size": "14.02327865", "price": "0.71310000", "time": "2025-07-12T13:02:50.378856Z", "fetched_at": "2025-07-12T13:04:24.618370+00:00", "symbol": "ADA-USD"}, {"trade_id": 143205987, "side": "sell", "size": "1.60000000", "price": "0.71320000", "time": "2025-07-12T13:02:49.561205Z", "fetched_at": "2025-07-12T13:04:24.618370+00:00", "symbol": "ADA-USD"}, {"trade_id": 143205986, "side": "sell", "size": "2.14806005", "price": "0.71310000", "time": "2025-07-12T13:02:49.428077Z", "fetched_at": "2025-07-12T13:04:24.618370+00:00", "symbol": "ADA-USD"}, {"trade_id": 143205985, "side": "sell", "size": "1.60000000", "price": "0.71300000", "time": "2025-07-12T13:02:49.365531Z", "fetched_at": "2025-07-12T13:04:24.618370+00:00", "symbol": "ADA-USD"}, {"trade_id": 143205984, "side": "sell", "size": "5242.00000000", "price": "0.71280000", "time": "2025-07-12T13:02:48.685973Z", "fetched_at": "2025-07-12T13:04:24.618370+00:00", "symbol": "ADA-USD"}, {"trade_id": 143205983, "side": "sell", "size": "1.60000000", "price": "0.71280000", "time": "2025-07-12T13:02:48.685973Z", "fetched_at": "2025-07-12T13:04:24.618370+00:00", "symbol": "ADA-USD"}, {"trade_id": 143205982, "side": "sell", "size": "781.85737148", "price": "0.71280000", "time": "2025-07-12T13:02:48.685973Z", "fetched_at": "2025-07-12T13:04:24.618370+00:00", "symbol": "ADA-USD"}, {"trade_id": 143205981, "side": "sell", "size": "631.42099612", "price": "0.71280000", "time": "2025-07-12T13:02:48.685973Z", "fetched_at": "2025-07-12T13:04:24.618370+00:00", "symbol": "ADA-USD"}, {"trade_id": 143205980, "side": "sell", "size": "1.60000000", "price": "0.71270000", "time": "2025-07-12T13:02:48.678319Z", "fetched_at": "2025-07-12T13:04:24.618370+00:00", "symbol": "ADA-USD"}, {"trade_id": 143205979, "side": "sell", "size": "10.25991777", "price": "0.71260000", "time": "2025-07-12T13:02:48.622073Z", "fetched_at": "2025-07-12T13:04:24.618370+00:00", "symbol": "ADA-USD"}, {"trade_id": 143205978, "side": "sell", "size": "1329.00683065", "price": "0.71260000", "time": "2025-07-12T13:02:48.622073Z", "fetched_at": "2025-07-12T13:04:24.618370+00:00", "symbol": "ADA-USD"}, {"trade_id": 143205977, "side": "sell", "size": "1.60000000", "price": "0.71260000", "time": "2025-07-12T13:02:48.622073Z", "fetched_at": "2025-07-12T13:04:24.618370+00:00", "symbol": "ADA-USD"}, {"trade_id": 143205976, "side": "sell", "size": "14.04355245", "price": "0.71250000", "time": "2025-07-12T13:02:48.417048Z", "fetched_at": "2025-07-12T13:04:24.618370+00:00", "symbol": "ADA-USD"}, {"trade_id": 143205975, "side": "sell", "size": "1.60000000", "price": "0.71250000", "time": "2025-07-12T13:02:48.417048Z", "fetched_at": "2025-07-12T13:04:24.618370+00:00", "symbol": "ADA-USD"}, {"trade_id": 143205974, "side": "sell", "size": "1.60000000", "price": "0.71240000", "time": "2025-07-12T13:02:48.300209Z", "fetched_at": "2025-07-12T13:04:24.618370+00:00", "symbol": "ADA-USD"}, {"trade_id": 143205973, "side": "sell", "size": "758.45626120", "price": "0.71240000", "time": "2025-07-12T13:02:48.300209Z", "fetched_at": "2025-07-12T13:04:24.618370+00:00", "symbol": "ADA-USD"}, {"trade_id": 143205972, "side": "sell", "size": "653.60667410", "price": "0.71240000", "time": "2025-07-12T13:02:48.300209Z", "fetched_at": "2025-07-12T13:04:24.618370+00:00", "symbol": "ADA-USD"}, {"trade_id": 143205971, "side": "sell", "size": "291.38646012", "price": "0.71230000", "time": "2025-07-12T13:02:48.289296Z", "fetched_at": "2025-07-12T13:04:24.618370+00:00", "symbol": "ADA-USD"}, {"trade_id": 143205970, "side": "sell", "size": "653.60667410", "price": "0.71230000", "time": "2025-07-12T13:02:48.289296Z", "fetched_at": "2025-07-12T13:04:24.618370+00:00", "symbol": "ADA-USD"}, {"trade_id": 143205969, "side": "sell", "size": "14.04355102", "price": "0.71220000", "time": "2025-07-12T13:02:48.227499Z", "fetched_at": "2025-07-12T13:04:24.618370+00:00", "symbol": "ADA-USD"}, {"trade_id": 143205968, "side": "buy", "size": "219.76672922", "price": "0.71180000", "time": "2025-07-12T13:02:47.158033Z", "fetched_at": "2025-07-12T13:04:24.618370+00:00", "symbol": "ADA-USD"}, {"trade_id": 143205967, "side": "buy", "size": "1.60000000", "price": "0.71180000", "time": "2025-07-12T13:02:47.158033Z", "fetched_at": "2025-07-12T13:04:24.618370+00:00", "symbol": "ADA-USD"}, {"trade_id": 143205966, "side": "buy", "size": "664.68517246", "price": "0.71190000", "time": "2025-07-12T13:02:47.158033Z", "fetched_at": "2025-07-12T13:04:24.618370+00:00", "symbol": "ADA-USD"}, {"trade_id": 143205965, "side": "buy", "size": "1.60000000", "price": "0.71190000", "time": "2025-07-12T13:02:47.158033Z", "fetched_at": "2025-07-12T13:04:24.618370+00:00", "symbol": "ADA-USD"}, {"trade_id": 143205964, "side": "buy", "size": "2.10539832", "price": "0.71200000", "time": "2025-07-12T13:02:47.158033Z", "fetched_at": "2025-07-12T13:04:24.618370+00:00", "symbol": "ADA-USD"}, {"trade_id": 143205963, "side": "buy", "size": "1.60000000", "price": "0.71200000", "time": "2025-07-12T13:02:47.158033Z", "fetched_at": "2025-07-12T13:04:24.618370+00:00", "symbol": "ADA-USD"}, {"trade_id": 143205962, "side": "buy", "size": "2.68161391", "price": "0.71210000", "time": "2025-07-12T13:02:46.827945Z", "fetched_at": "2025-07-12T13:04:24.618370+00:00", "symbol": "ADA-USD"}, {"trade_id": 143205961, "side": "buy", "size": "10.43801537", "price": "0.71200000", "time": "2025-07-12T13:02:46.175738Z", "fetched_at": "2025-07-12T13:04:24.618370+00:00", "symbol": "ADA-USD"}, {"trade_id": 143205960, "side": "buy", "size": "1.60000000", "price": "0.71210000", "time": "2025-07-12T13:02:46.175738Z", "fetched_at": "2025-07-12T13:04:24.618370+00:00", "symbol": "ADA-USD"}, {"trade_id": 143205959, "side": "buy", "size": "3.43987263", "price": "0.71220000", "time": "2025-07-12T13:02:46.175738Z", "fetched_at": "2025-07-12T13:04:24.618370+00:00", "symbol": "ADA-USD"}, {"trade_id": 143205958, "side": "buy", "size": "338.66241140", "price": "0.71220000", "time": "2025-07-12T13:02:44.137103Z", "fetched_at": "2025-07-12T13:04:24.618370+00:00", "symbol": "ADA-USD"}, {"trade_id": 143205957, "side": "buy", "size": "1.60000000", "price": "0.71220000", "time": "2025-07-12T13:02:44.137103Z", "fetched_at": "2025-07-12T13:04:24.618370+00:00", "symbol": "ADA-USD"}, {"trade_id": 143205956, "side": "buy", "size": "9.28408860", "price": "0.71230000", "time": "2025-07-12T13:02:44.137103Z", "fetched_at": "2025-07-12T13:04:24.618370+00:00", "symbol": "ADA-USD"}, {"trade_id": 143205955, "side": "sell", "size": "21.95872200", "price": "0.71230000", "time": "2025-07-12T13:02:40.187191Z", "fetched_at": "2025-07-12T13:04:24.618370+00:00", "symbol": "ADA-USD"}, {"trade_id": 143205954, "side": "buy", "size": "1.60000000", "price": "0.71230000", "time": "2025-07-12T13:02:38.558977Z", "fetched_at": "2025-07-12T13:04:24.618370+00:00", "symbol": "ADA-USD"}, {"trade_id": 143205953, "side": "sell", "size": "1.11177816", "price": "0.71240000", "time": "2025-07-12T13:02:38.136617Z", "fetched_at": "2025-07-12T13:04:24.618370+00:00", "symbol": "ADA-USD"}, {"trade_id": 143205952, "side": "sell", "size": "10.22890784", "price": "0.71240000", "time": "2025-07-12T13:02:38.136617Z", "fetched_at": "2025-07-12T13:04:24.618370+00:00", "symbol": "ADA-USD"}, {"trade_id": 143205951, "side": "sell", "size": "127.73816000", "price": "0.71240000", "time": "2025-07-12T13:02:38.136617Z", "fetched_at": "2025-07-12T13:04:24.618370+00:00", "symbol": "ADA-USD"}, {"trade_id": 143205950, "side": "sell", "size": "14.03378751", "price": "0.71240000", "time": "2025-07-12T13:02:38.136617Z", "fetched_at": "2025-07-12T13:04:24.618370+00:00", "symbol": "ADA-USD"}, {"trade_id": 143205949, "side": "sell", "size": "126.50991000", "price": "0.71240000", "time": "2025-07-12T13:02:38.136617Z", "fetched_at": "2025-07-12T13:04:24.618370+00:00", "symbol": "ADA-USD"}, {"trade_id": 143205948, "side": "buy", "size": "162.71454671", "price": "0.71240000", "time": "2025-07-12T13:02:35.471492Z", "fetched_at": "2025-07-12T13:04:24.618370+00:00", "symbol": "ADA-USD"}, {"trade_id": 143205947, "side": "buy", "size": "1.60000000", "price": "0.71240000", "time": "2025-07-12T13:02:35.471492Z", "fetched_at": "2025-07-12T13:04:24.618370+00:00", "symbol": "ADA-USD"}, {"trade_id": 143205946, "side": "buy", "size": "351.00000000", "price": "0.71240000", "time": "2025-07-12T13:02:35.471492Z", "fetched_at": "2025-07-12T13:04:24.618370+00:00", "symbol": "ADA-USD"}, {"trade_id": 143205945, "side": "buy", "size": "5.66075329", "price": "0.71250000", "time": "2025-07-12T13:02:35.471492Z", "fetched_at": "2025-07-12T13:04:24.618370+00:00", "symbol": "ADA-USD"}, {"trade_id": 143205944, "side": "buy", "size": "1.60000000", "price": "0.71250000", "time": "2025-07-12T13:02:35.471492Z", "fetched_at": "2025-07-12T13:04:24.618370+00:00", "symbol": "ADA-USD"}, {"trade_id": 143205943, "side": "buy", "size": "1.60000000", "price": "0.71260000", "time": "2025-07-12T13:02:35.462391Z", "fetched_at": "2025-07-12T13:04:24.618370+00:00", "symbol": "ADA-USD"}, {"trade_id": 143205942, "side": "buy", "size": "397.99388719", "price": "0.71270000", "time": "2025-07-12T13:02:34.150976Z", "fetched_at": "2025-07-12T13:04:24.618370+00:00", "symbol": "ADA-USD"}, {"trade_id": 143205941, "side": "buy", "size": "51.00306000", "price": "0.71270000", "time": "2025-07-12T13:02:33.648330Z", "fetched_at": "2025-07-12T13:04:24.618370+00:00", "symbol": "ADA-USD"}, {"trade_id": 143205940, "side": "buy", "size": "51.00306000", "price": "0.71270000", "time": "2025-07-12T13:02:33.643308Z", "fetched_at": "2025-07-12T13:04:24.618370+00:00", "symbol": "ADA-USD"}, {"trade_id": 143205939, "side": "buy", "size": "38.82125000", "price": "0.71270000", "time": "2025-07-12T13:02:33.640640Z", "fetched_at": "2025-07-12T13:04:24.618370+00:00", "symbol": "ADA-USD"}, {"trade_id": 143205938, "side": "buy", "size": "500.00000000", "price": "0.71270000", "time": "2025-07-12T13:02:33.635085Z", "fetched_at": "2025-07-12T13:04:24.618370+00:00", "symbol": "ADA-USD"}, {"trade_id": 143205937, "side": "buy", "size": "498.40000000", "price": "0.71270000", "time": "2025-07-12T13:02:33.574913Z", "fetched_at": "2025-07-12T13:04:24.618370+00:00", "symbol": "ADA-USD"}, {"trade_id": 143205936, "side": "buy", "size": "1.60000000", "price": "0.71270000", "time": "2025-07-12T13:02:33.574913Z", "fetched_at": "2025-07-12T13:04:24.618370+00:00", "symbol": "ADA-USD"}, {"trade_id": 143205935, "side": "buy", "size": "170.20250516", "price": "0.71280000", "time": "2025-07-12T13:02:33.436753Z", "fetched_at": "2025-07-12T13:04:24.618370+00:00", "symbol": "ADA-USD"}, {"trade_id": 143205934, "side": "buy", "size": "14.02721280", "price": "0.71290000", "time": "2025-07-12T13:02:33.436753Z", "fetched_at": "2025-07-12T13:04:24.618370+00:00", "symbol": "ADA-USD"}, {"trade_id": 143205933, "side": "buy", "size": "14.02721280", "price": "0.71290000", "time": "2025-07-12T13:02:33.430532Z", "fetched_at": "2025-07-12T13:04:24.618370+00:00", "symbol": "ADA-USD"}, {"trade_id": 143205932, "side": "sell", "size": "7.11764749", "price": "0.71290000", "time": "2025-07-12T13:02:32.095292Z", "fetched_at": "2025-07-12T13:04:24.618370+00:00", "symbol": "ADA-USD"}, {"trade_id": 143205931, "side": "sell", "size": "66.80778288", "price": "0.71290000", "time": "2025-07-12T13:02:32.095292Z", "fetched_at": "2025-07-12T13:04:24.618370+00:00", "symbol": "ADA-USD"}, {"trade_id": 143205930, "side": "buy", "size": "1329.45371930", "price": "0.71270000", "time": "2025-07-12T13:02:30.966512Z", "fetched_at": "2025-07-12T13:04:24.618370+00:00", "symbol": "ADA-USD"}, {"trade_id": 143205929, "side": "buy", "size": "351.00000000", "price": "0.71270000", "time": "2025-07-12T13:02:30.966512Z", "fetched_at": "2025-07-12T13:04:24.618370+00:00", "symbol": "ADA-USD"}, {"trade_id": 143205928, "side": "buy", "size": "351.00000000", "price": "0.71280000", "time": "2025-07-12T13:02:30.966512Z", "fetched_at": "2025-07-12T13:04:24.618370+00:00", "symbol": "ADA-USD"}, {"trade_id": 143205927, "side": "buy", "size": "14.02918070", "price": "0.71280000", "time": "2025-07-12T13:02:30.966512Z", "fetched_at": "2025-07-12T13:04:24.618370+00:00", "symbol": "ADA-USD"}, {"trade_id": 143205926, "side": "buy", "size": "1.60000000", "price": "0.71280000", "time": "2025-07-12T13:02:30.966512Z", "fetched_at": "2025-07-12T13:04:24.618370+00:00", "symbol": "ADA-USD"}, {"trade_id": 143205925, "side": "sell", "size": "272.19951700", "price": "0.71300000", "time": "2025-07-12T13:02:29.790842Z", "fetched_at": "2025-07-12T13:04:24.618370+00:00", "symbol": "ADA-USD"}, {"trade_id": 143205924, "side": "sell", "size": "6.75228050", "price": "0.71310000", "time": "2025-07-12T13:02:27.478549Z", "fetched_at": "2025-07-12T13:04:24.618370+00:00", "symbol": "ADA-USD"}, {"trade_id": 143205923, "side": "sell", "size": "13.05819473", "price": "0.71310000", "time": "2025-07-12T13:02:27.316516Z", "fetched_at": "2025-07-12T13:04:24.618370+00:00", "symbol": "ADA-USD"}, {"trade_id": 143205922, "side": "buy", "size": "350.04200000", "price": "0.71290000", "time": "2025-07-12T13:02:26.639980Z", "fetched_at": "2025-07-12T13:04:24.618370+00:00", "symbol": "ADA-USD"}, {"trade_id": 143205921, "side": "sell", "size": "1.60000000", "price": "0.71290000", "time": "2025-07-12T13:02:26.407885Z", "fetched_at": "2025-07-12T13:04:24.618370+00:00", "symbol": "ADA-USD"}, {"trade_id": 143205920, "side": "sell", "size": "21.08664907", "price": "0.71290000", "time": "2025-07-12T13:02:26.407885Z", "fetched_at": "2025-07-12T13:04:24.618370+00:00", "symbol": "ADA-USD"}, {"trade_id": 143205919, "side": "sell", "size": "14.03178015", "price": "0.71280000", "time": "2025-07-12T13:02:26.363890Z", "fetched_at": "2025-07-12T13:04:24.618370+00:00", "symbol": "ADA-USD"}, {"trade_id": 143205918, "side": "sell", "size": "14.02740735", "price": "0.71270000", "time": "2025-07-12T13:02:26.334285Z", "fetched_at": "2025-07-12T13:04:24.618370+00:00", "symbol": "ADA-USD"}, {"trade_id": 143205917, "side": "buy", "size": "1.60000000", "price": "0.71270000", "time": "2025-07-12T13:02:25.004811Z", "fetched_at": "2025-07-12T13:04:24.618370+00:00", "symbol": "ADA-USD"}, {"trade_id": 143205916, "side": "buy", "size": "5.93619428", "price": "0.71280000", "time": "2025-07-12T13:02:23.621228Z", "fetched_at": "2025-07-12T13:04:24.618370+00:00", "symbol": "ADA-USD"}, {"trade_id": 143205915, "side": "buy", "size": "49.40306000", "price": "0.71280000", "time": "2025-07-12T13:02:23.600692Z", "fetched_at": "2025-07-12T13:04:24.618370+00:00", "symbol": "ADA-USD"}, {"trade_id": 143205914, "side": "buy", "size": "1.60000000", "price": "0.71280000", "time": "2025-07-12T13:02:23.600692Z", "fetched_at": "2025-07-12T13:04:24.618370+00:00", "symbol": "ADA-USD"}, {"trade_id": 143205913, "side": "buy", "size": "306.15069000", "price": "0.71290000", "time": "2025-07-12T13:02:23.583029Z", "fetched_at": "2025-07-12T13:04:24.618370+00:00", "symbol": "ADA-USD"}, {"trade_id": 143205912, "side": "buy", "size": "346.31514597", "price": "0.71290000", "time": "2025-07-12T13:02:23.582104Z", "fetched_at": "2025-07-12T13:04:24.618370+00:00", "symbol": "ADA-USD"}, {"trade_id": 143205911, "side": "buy", "size": "1.60000000", "price": "0.71290000", "time": "2025-07-12T13:02:23.582104Z", "fetched_at": "2025-07-12T13:04:24.618370+00:00", "symbol": "ADA-USD"}, {"trade_id": 143205910, "side": "buy", "size": "5.92050391", "price": "0.71300000", "time": "2025-07-12T13:02:23.579045Z", "fetched_at": "2025-07-12T13:04:24.618370+00:00", "symbol": "ADA-USD"}, {"trade_id": 143205909, "side": "buy", "size": "0.01402524", "price": "0.71300000", "time": "2025-07-12T13:02:23.518798Z", "fetched_at": "2025-07-12T13:04:24.618370+00:00", "symbol": "ADA-USD"}, {"trade_id": 143205908, "side": "buy", "size": "134.48423907", "price": "0.71290000", "time": "2025-07-12T13:02:23.499477Z", "fetched_at": "2025-07-12T13:04:24.618370+00:00", "symbol": "ADA-USD"}, {"trade_id": 143205907, "side": "buy", "size": "5.58960163", "price": "0.71300000", "time": "2025-07-12T13:02:23.499477Z", "fetched_at": "2025-07-12T13:04:24.618370+00:00", "symbol": "ADA-USD"}, {"trade_id": 143205906, "side": "buy", "size": "1.60000000", "price": "0.71300000", "time": "2025-07-12T13:02:23.499477Z", "fetched_at": "2025-07-12T13:04:24.618370+00:00", "symbol": "ADA-USD"}, {"trade_id": 143205905, "side": "buy", "size": "1.60000000", "price": "0.71310000", "time": "2025-07-12T13:02:23.251918Z", "fetched_at": "2025-07-12T13:04:24.618370+00:00", "symbol": "ADA-USD"}, {"trade_id": 143205904, "side": "buy", "size": "14.02131240", "price": "0.71320000", "time": "2025-07-12T13:02:21.428797Z", "fetched_at": "2025-07-12T13:04:24.618370+00:00", "symbol": "ADA-USD"}, {"trade_id": 143205903, "side": "buy", "size": "1.60000000", "price": "0.71320000", "time": "2025-07-12T13:02:21.428797Z", "fetched_at": "2025-07-12T13:04:24.618370+00:00", "symbol": "ADA-USD"}, {"trade_id": 143205902, "side": "buy", "size": "1.60000000", "price": "0.71330000", "time": "2025-07-12T13:02:21.322837Z", "fetched_at": "2025-07-12T13:04:24.618370+00:00", "symbol": "ADA-USD"}, {"trade_id": 143205901, "side": "buy", "size": "700.84450935", "price": "0.71340000", "time": "2025-07-12T13:02:20.133171Z", "fetched_at": "2025-07-12T13:04:24.618370+00:00", "symbol": "ADA-USD"}, {"trade_id": 143205900, "side": "buy", "size": "1.60000000", "price": "0.71340000", "time": "2025-07-12T13:02:20.133171Z", "fetched_at": "2025-07-12T13:04:24.618370+00:00", "symbol": "ADA-USD"}, {"trade_id": 143205899, "side": "buy", "size": "274.31079413", "price": "0.71340000", "time": "2025-07-12T13:02:20.133171Z", "fetched_at": "2025-07-12T13:04:24.618370+00:00", "symbol": "ADA-USD"}, {"trade_id": 143205898, "side": "buy", "size": "14.01541696", "price": "0.71350000", "time": "2025-07-12T13:02:20.133171Z", "fetched_at": "2025-07-12T13:04:24.618370+00:00", "symbol": "ADA-USD"}, {"trade_id": 143205897, "side": "sell", "size": "126.50991000", "price": "0.71370000", "time": "2025-07-12T13:02:19.185294Z", "fetched_at": "2025-07-12T13:04:24.618370+00:00", "symbol": "ADA-USD"}, {"trade_id": 143205896, "side": "sell", "size": "126.50991000", "price": "0.71370000", "time": "2025-07-12T13:02:19.138996Z", "fetched_at": "2025-07-12T13:04:24.618370+00:00", "symbol": "ADA-USD"}, {"trade_id": 143205895, "side": "sell", "size": "13.38166883", "price": "0.71370000", "time": "2025-07-12T13:02:18.556243Z", "fetched_at": "2025-07-12T13:04:24.618370+00:00", "symbol": "ADA-USD"}, {"trade_id": 143205894, "side": "sell", "size": "44.44810426", "price": "0.71370000", "time": "2025-07-12T13:02:18.556243Z", "fetched_at": "2025-07-12T13:04:24.618370+00:00", "symbol": "ADA-USD"}, {"trade_id": 143205893, "side": "buy", "size": "343.80674708", "price": "0.71360000", "time": "2025-07-12T13:02:18.263360Z", "fetched_at": "2025-07-12T13:04:24.618370+00:00", "symbol": "ADA-USD"}, {"trade_id": 143205892, "side": "buy", "size": "14.01345292", "price": "0.71360000", "time": "2025-07-12T13:02:18.263360Z", "fetched_at": "2025-07-12T13:04:24.618370+00:00", "symbol": "ADA-USD"}, {"trade_id": 143205891, "side": "sell", "size": "12.06230081", "price": "0.71370000", "time": "2025-07-12T13:02:17.314384Z", "fetched_at": "2025-07-12T13:04:24.618370+00:00", "symbol": "ADA-USD"}, {"trade_id": 143205890, "side": "sell", "size": "1.60000000", "price": "0.71370000", "time": "2025-07-12T13:02:17.314384Z", "fetched_at": "2025-07-12T13:04:24.618370+00:00", "symbol": "ADA-USD"}, {"trade_id": 143205889, "side": "sell", "size": "14.01609929", "price": "0.71350000", "time": "2025-07-12T13:02:16.826640Z", "fetched_at": "2025-07-12T13:04:24.618370+00:00", "symbol": "ADA-USD"}, {"trade_id": 143205888, "side": "sell", "size": "14.01012516", "price": "0.71350000", "time": "2025-07-12T13:02:16.805922Z", "fetched_at": "2025-07-12T13:04:24.618370+00:00", "symbol": "ADA-USD"}, {"trade_id": 143205887, "side": "sell", "size": "161.55611014", "price": "0.71350000", "time": "2025-07-12T13:02:16.805922Z", "fetched_at": "2025-07-12T13:04:24.618370+00:00", "symbol": "ADA-USD"}, {"trade_id": 143205886, "side": "buy", "size": "953.96468636", "price": "0.71330000", "time": "2025-07-12T13:02:15.747384Z", "fetched_at": "2025-07-12T13:04:24.618370+00:00", "symbol": "ADA-USD"}, {"trade_id": 143205885, "side": "buy", "size": "1.60000000", "price": "0.71330000", "time": "2025-07-12T13:02:15.747384Z", "fetched_at": "2025-07-12T13:04:24.618370+00:00", "symbol": "ADA-USD"}, {"trade_id": 143205884, "side": "buy", "size": "693.64492757", "price": "0.71340000", "time": "2025-07-12T13:02:15.747384Z", "fetched_at": "2025-07-12T13:04:24.618370+00:00", "symbol": "ADA-USD"}, {"trade_id": 143205883, "side": "buy", "size": "2.62748607", "price": "0.71340000", "time": "2025-07-12T13:02:15.747384Z", "fetched_at": "2025-07-12T13:04:24.618370+00:00", "symbol": "ADA-USD"}, {"trade_id": 143205882, "side": "buy", "size": "1.60000000", "price": "0.71340000", "time": "2025-07-12T13:02:15.747384Z", "fetched_at": "2025-07-12T13:04:24.618370+00:00", "symbol": "ADA-USD"}, {"trade_id": 143205881, "side": "buy", "size": "3.76580122", "price": "0.71350000", "time": "2025-07-12T13:02:14.934017Z", "fetched_at": "2025-07-12T13:04:24.618370+00:00", "symbol": "ADA-USD"}, {"trade_id": 143205880, "side": "buy", "size": "1.60000000", "price": "0.71350000", "time": "2025-07-12T13:02:14.934017Z", "fetched_at": "2025-07-12T13:04:24.618370+00:00", "symbol": "ADA-USD"}, {"trade_id": 143205879, "side": "buy", "size": "13.89114561", "price": "0.71370000", "time": "2025-07-12T13:02:14.665978Z", "fetched_at": "2025-07-12T13:04:24.618370+00:00", "symbol": "ADA-USD"}, {"trade_id": 143205878, "side": "buy", "size": "14.01148943", "price": "0.71370000", "time": "2025-07-12T13:02:14.660013Z", "fetched_at": "2025-07-12T13:04:24.618370+00:00", "symbol": "ADA-USD"}, {"trade_id": 143205877, "side": "sell", "size": "8.31651221", "price": "0.71380000", "time": "2025-07-12T13:02:14.365452Z", "fetched_at": "2025-07-12T13:04:24.618370+00:00", "symbol": "ADA-USD"}, {"trade_id": 143205876, "side": "sell", "size": "14.01025979", "price": "0.71380000", "time": "2025-07-12T13:02:14.365452Z", "fetched_at": "2025-07-12T13:04:24.618370+00:00", "symbol": "ADA-USD"}, {"trade_id": 143205875, "side": "sell", "size": "1.60000000", "price": "0.71380000", "time": "2025-07-12T13:02:13.732585Z", "fetched_at": "2025-07-12T13:04:24.618370+00:00", "symbol": "ADA-USD"}, {"trade_id": 143205874, "side": "sell", "size": "14.00832179", "price": "0.71370000", "time": "2025-07-12T13:02:13.652264Z", "fetched_at": "2025-07-12T13:04:24.618370+00:00", "symbol": "ADA-USD"}, {"trade_id": 143205873, "side": "sell", "size": "708.71138304", "price": "0.71360000", "time": "2025-07-12T13:02:13.516263Z", "fetched_at": "2025-07-12T13:04:24.618370+00:00", "symbol": "ADA-USD"}, {"trade_id": 143205872, "side": "buy", "size": "6.51528394", "price": "0.71370000", "time": "2025-07-12T13:02:12.866873Z", "fetched_at": "2025-07-12T13:04:24.618370+00:00", "symbol": "ADA-USD"}, {"trade_id": 143205871, "side": "sell", "size": "6.94249600", "price": "0.71380000", "time": "2025-07-12T13:02:12.359003Z", "fetched_at": "2025-07-12T13:04:24.618370+00:00", "symbol": "ADA-USD"}, {"trade_id": 143205870, "side": "sell", "size": "126.50991000", "price": "0.71380000", "time": "2025-07-12T13:02:11.515939Z", "fetched_at": "2025-07-12T13:04:24.618370+00:00", "symbol": "ADA-USD"}, {"trade_id": 143205869, "side": "buy", "size": "14.00756409", "price": "0.71390000", "time": "2025-07-12T13:02:11.508185Z", "fetched_at": "2025-07-12T13:04:24.618370+00:00", "symbol": "ADA-USD"}, {"trade_id": 143205868, "side": "buy", "size": "14.00951393", "price": "0.71380000", "time": "2025-07-12T13:02:08.743831Z", "fetched_at": "2025-07-12T13:04:24.618370+00:00", "symbol": "ADA-USD"}, {"trade_id": 143205867, "side": "buy", "size": "37.77562607", "price": "0.71380000", "time": "2025-07-12T13:02:08.743831Z", "fetched_at": "2025-07-12T13:04:24.618370+00:00", "symbol": "ADA-USD"}, {"trade_id": 143205866, "side": "sell", "size": "10.44355336", "price": "0.71390000", "time": "2025-07-12T13:02:08.277097Z", "fetched_at": "2025-07-12T13:04:24.618370+00:00", "symbol": "ADA-USD"}, {"trade_id": 143205865, "side": "buy", "size": "236.53516806", "price": "0.71380000", "time": "2025-07-12T13:02:07.779544Z", "fetched_at": "2025-07-12T13:04:24.618370+00:00", "symbol": "ADA-USD"}, {"trade_id": 143205864, "side": "sell", "size": "14.01198021", "price": "0.71390000", "time": "2025-07-12T13:02:07.603665Z", "fetched_at": "2025-07-12T13:04:24.618370+00:00", "symbol": "ADA-USD"}, {"trade_id": 143205863, "side": "sell", "size": "14.01198021", "price": "0.71390000", "time": "2025-07-12T13:02:07.591199Z", "fetched_at": "2025-07-12T13:04:24.618370+00:00", "symbol": "ADA-USD"}, {"trade_id": 143205862, "side": "sell", "size": "14.01198021", "price": "0.71390000", "time": "2025-07-12T13:02:07.580846Z", "fetched_at": "2025-07-12T13:04:24.618370+00:00", "symbol": "ADA-USD"}, {"trade_id": 143205861, "side": "sell", "size": "7.86090091", "price": "0.71380000", "time": "2025-07-12T13:02:07.327960Z", "fetched_at": "2025-07-12T13:04:24.618370+00:00", "symbol": "ADA-USD"}, {"trade_id": 143205860, "side": "sell", "size": "0.78199446", "price": "0.71380000", "time": "2025-07-12T13:02:07.327960Z", "fetched_at": "2025-07-12T13:04:24.618370+00:00", "symbol": "ADA-USD"}, {"trade_id": 143205859, "side": "sell", "size": "13.22998802", "price": "0.71380000", "time": "2025-07-12T13:02:07.318333Z", "fetched_at": "2025-07-12T13:04:24.618370+00:00", "symbol": "ADA-USD"}, {"trade_id": 143205858, "side": "sell", "size": "116.13935740", "price": "0.71380000", "time": "2025-07-12T13:02:07.318333Z", "fetched_at": "2025-07-12T13:04:24.618370+00:00", "symbol": "ADA-USD"}, {"trade_id": 143205857, "side": "sell", "size": "528.94906702", "price": "0.71380000", "time": "2025-07-12T13:02:07.307459Z", "fetched_at": "2025-07-12T13:04:24.618370+00:00", "symbol": "ADA-USD"}, {"trade_id": 143205856, "side": "sell", "size": "126.50991000", "price": "0.71380000", "time": "2025-07-12T13:02:07.307459Z", "fetched_at": "2025-07-12T13:04:24.618370+00:00", "symbol": "ADA-USD"}, {"trade_id": 143205855, "side": "sell", "size": "191.60724000", "price": "0.71380000", "time": "2025-07-12T13:02:07.307459Z", "fetched_at": "2025-07-12T13:04:24.618370+00:00", "symbol": "ADA-USD"}, {"trade_id": 143205854, "side": "sell", "size": "83.90081726", "price": "0.71370000", "time": "2025-07-12T13:02:07.193692Z", "fetched_at": "2025-07-12T13:04:24.618370+00:00", "symbol": "ADA-USD"}, {"trade_id": 143205853, "side": "sell", "size": "462.52601929", "price": "0.71370000", "time": "2025-07-12T13:02:07.129453Z", "fetched_at": "2025-07-12T13:04:24.618370+00:00", "symbol": "ADA-USD"}, {"trade_id": 143205852, "side": "sell", "size": "126.50991000", "price": "0.71370000", "time": "2025-07-12T13:02:07.086763Z", "fetched_at": "2025-07-12T13:04:24.618370+00:00", "symbol": "ADA-USD"}, {"trade_id": 143205851, "side": "sell", "size": "124.27407264", "price": "0.71370000", "time": "2025-07-12T13:02:07.068256Z", "fetched_at": "2025-07-12T13:04:24.618370+00:00", "symbol": "ADA-USD"}, {"trade_id": 143205850, "side": "sell", "size": "612.20523831", "price": "0.71370000", "time": "2025-07-12T13:02:07.068256Z", "fetched_at": "2025-07-12T13:04:24.618370+00:00", "symbol": "ADA-USD"}, {"trade_id": 143205849, "side": "sell", "size": "126.50991000", "price": "0.71370000", "time": "2025-07-12T13:02:07.068256Z", "fetched_at": "2025-07-12T13:04:24.618370+00:00", "symbol": "ADA-USD"}, {"trade_id": 143205848, "side": "sell", "size": "127.73816000", "price": "0.71360000", "time": "2025-07-12T13:02:07.012935Z", "fetched_at": "2025-07-12T13:04:24.618370+00:00", "symbol": "ADA-USD"}, {"trade_id": 143205847, "side": "sell", "size": "126.50991000", "price": "0.71360000", "time": "2025-07-12T13:02:07.000775Z", "fetched_at": "2025-07-12T13:04:24.618370+00:00", "symbol": "ADA-USD"}, {"trade_id": 143205846, "side": "sell", "size": "189.76486000", "price": "0.71370000", "time": "2025-07-12T13:02:06.859976Z", "fetched_at": "2025-07-12T13:04:24.618370+00:00", "symbol": "ADA-USD"}, {"trade_id": 143205845, "side": "sell", "size": "191.60724000", "price": "0.71370000", "time": "2025-07-12T13:02:06.859976Z", "fetched_at": "2025-07-12T13:04:24.618370+00:00", "symbol": "ADA-USD"}, {"trade_id": 143205844, "side": "buy", "size": "14.01148943", "price": "0.71370000", "time": "2025-07-12T13:02:06.852921Z", "fetched_at": "2025-07-12T13:04:24.618370+00:00", "symbol": "ADA-USD"}, {"trade_id": 143205843, "side": "buy", "size": "981.50000000", "price": "0.71370000", "time": "2025-07-12T13:02:06.852921Z", "fetched_at": "2025-07-12T13:04:24.618370+00:00", "symbol": "ADA-USD"}, {"trade_id": 143205842, "side": "buy", "size": "5225.46130455", "price": "0.71370000", "time": "2025-07-12T13:02:06.852921Z", "fetched_at": "2025-07-12T13:04:24.618370+00:00", "symbol": "ADA-USD"}, {"trade_id": 143205841, "side": "buy", "size": "23.03869545", "price": "0.71370000", "time": "2025-07-12T13:02:06.852394Z", "fetched_at": "2025-07-12T13:04:24.618370+00:00", "symbol": "ADA-USD"}, {"trade_id": 143205840, "side": "buy", "size": "653.60667410", "price": "0.71370000", "time": "2025-07-12T13:02:06.852394Z", "fetched_at": "2025-07-12T13:04:24.618370+00:00", "symbol": "ADA-USD"}, {"trade_id": 143205839, "side": "buy", "size": "14.00952648", "price": "0.71380000", "time": "2025-07-12T13:02:06.827444Z", "fetched_at": "2025-07-12T13:04:24.618370+00:00", "symbol": "ADA-USD"}, {"trade_id": 143205838, "side": "buy", "size": "274.31079413", "price": "0.71380000", "time": "2025-07-12T13:02:06.827444Z", "fetched_at": "2025-07-12T13:04:24.618370+00:00", "symbol": "ADA-USD"}, {"trade_id": 143205837, "side": "sell", "size": "288.32031000", "price": "0.71380000", "time": "2025-07-12T13:02:06.797623Z", "fetched_at": "2025-07-12T13:04:24.618370+00:00", "symbol": "ADA-USD"}, {"trade_id": 143205836, "side": "buy", "size": "14.00952648", "price": "0.71380000", "time": "2025-07-12T13:02:06.791118Z", "fetched_at": "2025-07-12T13:04:24.618370+00:00", "symbol": "ADA-USD"}, {"trade_id": 143205835, "side": "buy", "size": "274.31079413", "price": "0.71380000", "time": "2025-07-12T13:02:06.791118Z", "fetched_at": "2025-07-12T13:04:24.618370+00:00", "symbol": "ADA-USD"}, {"trade_id": 143205834, "side": "buy", "size": "14.00952648", "price": "0.71380000", "time": "2025-07-12T13:02:06.783341Z", "fetched_at": "2025-07-12T13:04:24.618370+00:00", "symbol": "ADA-USD"}, {"trade_id": 143205833, "side": "buy", "size": "274.31079413", "price": "0.71380000", "time": "2025-07-12T13:02:06.783341Z", "fetched_at": "2025-07-12T13:04:24.618370+00:00", "symbol": "ADA-USD"}, {"trade_id": 143205832, "side": "sell", "size": "63.25495000", "price": "0.71390000", "time": "2025-07-12T13:02:06.724906Z", "fetched_at": "2025-07-12T13:04:24.618370+00:00", "symbol": "ADA-USD"}, {"trade_id": 143205831, "side": "sell", "size": "191.60724000", "price": "0.71390000", "time": "2025-07-12T13:02:06.724906Z", "fetched_at": "2025-07-12T13:04:24.618370+00:00", "symbol": "ADA-USD"}, {"trade_id": 143205830, "side": "sell", "size": "126.50991000", "price": "0.71380000", "time": "2025-07-12T13:02:06.724906Z", "fetched_at": "2025-07-12T13:04:24.618370+00:00", "symbol": "ADA-USD"}, {"trade_id": 143205829, "side": "buy", "size": "3944.65751689", "price": "0.71380000", "time": "2025-07-12T13:02:06.719732Z", "fetched_at": "2025-07-12T13:04:24.618370+00:00", "symbol": "ADA-USD"}, {"trade_id": 143205828, "side": "buy", "size": "653.60667410", "price": "0.71380000", "time": "2025-07-12T13:02:06.719732Z", "fetched_at": "2025-07-12T13:04:24.618370+00:00", "symbol": "ADA-USD"}, {"trade_id": 143205827, "side": "buy", "size": "500.00000000", "price": "0.71380000", "time": "2025-07-12T13:02:06.719732Z", "fetched_at": "2025-07-12T13:04:24.618370+00:00", "symbol": "ADA-USD"}, {"trade_id": 143205826, "side": "buy", "size": "274.31079413", "price": "0.71380000", "time": "2025-07-12T13:02:06.719732Z", "fetched_at": "2025-07-12T13:04:24.618370+00:00", "symbol": "ADA-USD"}, {"trade_id": 143205825, "side": "buy", "size": "14.00756409", "price": "0.71390000", "time": "2025-07-12T13:02:06.719732Z", "fetched_at": "2025-07-12T13:04:24.618370+00:00", "symbol": "ADA-USD"}, {"trade_id": 143205824, "side": "sell", "size": "787.30463171", "price": "0.71390000", "time": "2025-07-12T13:02:06.407181Z", "fetched_at": "2025-07-12T13:04:24.618370+00:00", "symbol": "ADA-USD"}, {"trade_id": 143205823, "side": "sell", "size": "696.46180614", "price": "0.71390000", "time": "2025-07-12T13:02:06.395901Z", "fetched_at": "2025-07-12T13:04:24.618370+00:00", "symbol": "ADA-USD"}, {"trade_id": 143205822, "side": "sell", "size": "3.17081122", "price": "0.71390000", "time": "2025-07-12T13:02:06.293545Z", "fetched_at": "2025-07-12T13:04:24.618370+00:00", "symbol": "ADA-USD"}, {"trade_id": 143205821, "side": "sell", "size": "68.79875329", "price": "0.71390000", "time": "2025-07-12T13:02:06.283715Z", "fetched_at": "2025-07-12T13:04:24.618370+00:00", "symbol": "ADA-USD"}, {"trade_id": 143205820, "side": "sell", "size": "42.60541213", "price": "0.71390000", "time": "2025-07-12T13:02:06.283715Z", "fetched_at": "2025-07-12T13:04:24.618370+00:00", "symbol": "ADA-USD"}, {"trade_id": 143205819, "side": "sell", "size": "1.60000000", "price": "0.71390000", "time": "2025-07-12T13:02:06.283715Z", "fetched_at": "2025-07-12T13:04:24.618370+00:00", "symbol": "ADA-USD"}, {"trade_id": 143205818, "side": "sell", "size": "25.81918256", "price": "0.71380000", "time": "2025-07-12T13:02:06.230218Z", "fetched_at": "2025-07-12T13:04:24.618370+00:00", "symbol": "ADA-USD"}, {"trade_id": 143205817, "side": "sell", "size": "1.60000000", "price": "0.71380000", "time": "2025-07-12T13:02:06.230218Z", "fetched_at": "2025-07-12T13:04:24.618370+00:00", "symbol": "ADA-USD"}, {"trade_id": 143205816, "side": "sell", "size": "756.63741043", "price": "0.71370000", "time": "2025-07-12T13:02:06.206214Z", "fetched_at": "2025-07-12T13:04:24.618370+00:00", "symbol": "ADA-USD"}, {"trade_id": 143205815, "side": "sell", "size": "10.76205071", "price": "0.71370000", "time": "2025-07-12T13:02:06.172084Z", "fetched_at": "2025-07-12T13:04:24.618370+00:00", "symbol": "ADA-USD"}, {"trade_id": 143205814, "side": "sell", "size": "89.89382811", "price": "0.71370000", "time": "2025-07-12T13:02:06.172084Z", "fetched_at": "2025-07-12T13:04:24.618370+00:00", "symbol": "ADA-USD"}, {"trade_id": 143205813, "side": "sell", "size": "599.85675291", "price": "0.71370000", "time": "2025-07-12T13:02:06.161038Z", "fetched_at": "2025-07-12T13:04:24.618370+00:00", "symbol": "ADA-USD"}, {"trade_id": 143205812, "side": "sell", "size": "172.99778320", "price": "0.71370000", "time": "2025-07-12T13:02:06.161038Z", "fetched_at": "2025-07-12T13:04:24.618370+00:00", "symbol": "ADA-USD"}, {"trade_id": 143205811, "side": "sell", "size": "13.47450083", "price": "0.71370000", "time": "2025-07-12T13:02:05.852500Z", "fetched_at": "2025-07-12T13:04:24.618370+00:00", "symbol": "ADA-USD"}, {"trade_id": 143205810, "side": "sell", "size": "131.57136661", "price": "0.71370000", "time": "2025-07-12T13:02:05.820153Z", "fetched_at": "2025-07-12T13:04:24.618370+00:00", "symbol": "ADA-USD"}, {"trade_id": 143205809, "side": "sell", "size": "50.42630605", "price": "0.71370000", "time": "2025-07-12T13:02:05.801561Z", "fetched_at": "2025-07-12T13:04:24.618370+00:00", "symbol": "ADA-USD"}, {"trade_id": 143205808, "side": "sell", "size": "31.83067107", "price": "0.71370000", "time": "2025-07-12T13:02:05.764547Z", "fetched_at": "2025-07-12T13:04:24.618370+00:00", "symbol": "ADA-USD"}, {"trade_id": 143205807, "side": "sell", "size": "278.95385121", "price": "0.71370000", "time": "2025-07-12T13:02:05.753935Z", "fetched_at": "2025-07-12T13:04:24.618370+00:00", "symbol": "ADA-USD"}, {"trade_id": 143205806, "side": "sell", "size": "3.03177593", "price": "0.71370000", "time": "2025-07-12T13:02:05.753935Z", "fetched_at": "2025-07-12T13:04:24.618370+00:00", "symbol": "ADA-USD"}, {"trade_id": 143205805, "side": "sell", "size": "121.15161121", "price": "0.71370000", "time": "2025-07-12T13:02:05.753935Z", "fetched_at": "2025-07-12T13:04:24.618370+00:00", "symbol": "ADA-USD"}, {"trade_id": 143205804, "side": "sell", "size": "132.15672716", "price": "0.71370000", "time": "2025-07-12T13:02:05.741539Z", "fetched_at": "2025-07-12T13:04:24.618370+00:00", "symbol": "ADA-USD"}, {"trade_id": 143205803, "side": "sell", "size": "570.19166163", "price": "0.71370000", "time": "2025-07-12T13:02:05.722667Z", "fetched_at": "2025-07-12T13:04:24.618370+00:00", "symbol": "ADA-USD"}, {"trade_id": 143205802, "side": "sell", "size": "351.00000000", "price": "0.71370000", "time": "2025-07-12T13:02:05.722667Z", "fetched_at": "2025-07-12T13:04:24.618370+00:00", "symbol": "ADA-USD"}, {"trade_id": 143205801, "side": "sell", "size": "1.60000000", "price": "0.71370000", "time": "2025-07-12T13:02:05.722667Z", "fetched_at": "2025-07-12T13:04:24.618370+00:00", "symbol": "ADA-USD"}, {"trade_id": 143205800, "side": "buy", "size": "302.14942304", "price": "0.71350000", "time": "2025-07-12T13:02:05.653686Z", "fetched_at": "2025-07-12T13:04:24.618370+00:00", "symbol": "ADA-USD"}, {"trade_id": 143205799, "side": "buy", "size": "51.00306000", "price": "0.71350000", "time": "2025-07-12T13:02:05.653686Z", "fetched_at": "2025-07-12T13:04:24.618370+00:00", "symbol": "ADA-USD"}, {"trade_id": 143205798, "side": "buy", "size": "14.01541696", "price": "0.71350000", "time": "2025-07-12T13:02:05.653686Z", "fetched_at": "2025-07-12T13:04:24.618370+00:00", "symbol": "ADA-USD"}, {"trade_id": 143205797, "side": "sell", "size": "749.57154860", "price": "0.71360000", "time": "2025-07-12T13:02:05.622066Z", "fetched_at": "2025-07-12T13:04:24.618370+00:00", "symbol": "ADA-USD"}, {"trade_id": 143205796, "side": "sell", "size": "527.29735260", "price": "0.71360000", "time": "2025-07-12T13:02:05.608966Z", "fetched_at": "2025-07-12T13:04:24.618370+00:00", "symbol": "ADA-USD"}, {"trade_id": 143205795, "side": "sell", "size": "174.40107915", "price": "0.71360000", "time": "2025-07-12T13:02:05.608894Z", "fetched_at": "2025-07-12T13:04:24.618370+00:00", "symbol": "ADA-USD"}, {"trade_id": 143205794, "side": "sell", "size": "460.45290271", "price": "0.71360000", "time": "2025-07-12T13:02:05.608894Z", "fetched_at": "2025-07-12T13:04:24.618370+00:00", "symbol": "ADA-USD"}, {"trade_id": 143205793, "side": "sell", "size": "266.93472845", "price": "0.71360000", "time": "2025-07-12T13:02:05.608832Z", "fetched_at": "2025-07-12T13:04:24.618370+00:00", "symbol": "ADA-USD"}, {"trade_id": 143205792, "side": "sell", "size": "1.60000000", "price": "0.71360000", "time": "2025-07-12T13:02:05.608832Z", "fetched_at": "2025-07-12T13:04:24.618370+00:00", "symbol": "ADA-USD"}, {"trade_id": 143205791, "side": "sell", "size": "126.50991000", "price": "0.71350000", "time": "2025-07-12T13:02:05.488896Z", "fetched_at": "2025-07-12T13:04:24.618370+00:00", "symbol": "ADA-USD"}, {"trade_id": 143205790, "side": "sell", "size": "5.74146115", "price": "0.71340000", "time": "2025-07-12T13:02:05.434754Z", "fetched_at": "2025-07-12T13:04:24.618370+00:00", "symbol": "ADA-USD"}, {"trade_id": 143205789, "side": "sell", "size": "39.70379338", "price": "0.71340000", "time": "2025-07-12T13:02:05.428101Z", "fetched_at": "2025-07-12T13:04:24.618370+00:00", "symbol": "ADA-USD"}, {"trade_id": 143205788, "side": "sell", "size": "1.60000000", "price": "0.71340000", "time": "2025-07-12T13:02:05.428101Z", "fetched_at": "2025-07-12T13:04:24.618370+00:00", "symbol": "ADA-USD"}, {"trade_id": 143205787, "side": "sell", "size": "138.24875000", "price": "0.71330000", "time": "2025-07-12T13:02:05.280286Z", "fetched_at": "2025-07-12T13:04:24.618370+00:00", "symbol": "ADA-USD"}, {"trade_id": 143205786, "side": "buy", "size": "189.76486000", "price": "0.71320000", "time": "2025-07-12T13:02:05.274979Z", "fetched_at": "2025-07-12T13:04:24.618370+00:00", "symbol": "ADA-USD"}, {"trade_id": 143205785, "side": "sell", "size": "800.00000000", "price": "0.71330000", "time": "2025-07-12T13:02:05.272613Z", "fetched_at": "2025-07-12T13:04:24.618370+00:00", "symbol": "ADA-USD"}, {"trade_id": 143205784, "side": "sell", "size": "806.41061413", "price": "0.71330000", "time": "2025-07-12T13:02:05.272613Z", "fetched_at": "2025-07-12T13:04:24.618370+00:00", "symbol": "ADA-USD"}, {"trade_id": 143205783, "side": "sell", "size": "4402.38938587", "price": "0.71330000", "time": "2025-07-12T13:02:05.271884Z", "fetched_at": "2025-07-12T13:04:24.618370+00:00", "symbol": "ADA-USD"}, {"trade_id": 143205782, "side": "sell", "size": "64.52061413", "price": "0.71330000", "time": "2025-07-12T13:02:05.271884Z", "fetched_at": "2025-07-12T13:04:24.618370+00:00", "symbol": "ADA-USD"}, {"trade_id": 143205781, "side": "sell", "size": "69.93006000", "price": "0.71330000", "time": "2025-07-12T13:02:05.270273Z", "fetched_at": "2025-07-12T13:04:24.618370+00:00", "symbol": "ADA-USD"}, {"trade_id": 143205780, "side": "sell", "size": "69.93006000", "price": "0.71330000", "time": "2025-07-12T13:02:05.270088Z", "fetched_at": "2025-07-12T13:04:24.618370+00:00", "symbol": "ADA-USD"}, {"trade_id": 143205779, "side": "sell", "size": "69.93006000", "price": "0.71330000", "time": "2025-07-12T13:02:05.269979Z", "fetched_at": "2025-07-12T13:04:24.618370+00:00", "symbol": "ADA-USD"}, {"trade_id": 143205778, "side": "sell", "size": "275.19818261", "price": "0.71320000", "time": "2025-07-12T13:02:05.269398Z", "fetched_at": "2025-07-12T13:04:24.618370+00:00", "symbol": "ADA-USD"}, {"trade_id": 143205777, "side": "sell", "size": "425.89545174", "price": "0.71320000", "time": "2025-07-12T13:02:05.269378Z", "fetched_at": "2025-07-12T13:04:24.618370+00:00", "symbol": "ADA-USD"}, {"trade_id": 143205776, "side": "sell", "size": "751.80634080", "price": "0.71320000", "time": "2025-07-12T13:02:05.269378Z", "fetched_at": "2025-07-12T13:04:24.618370+00:00", "symbol": "ADA-USD"}, {"trade_id": 143205775, "side": "sell", "size": "1.60000000", "price": "0.71320000", "time": "2025-07-12T13:02:05.269378Z", "fetched_at": "2025-07-12T13:04:24.618370+00:00", "symbol": "ADA-USD"}, {"trade_id": 143205774, "side": "sell", "size": "948.48496486", "price": "0.71310000", "time": "2025-07-12T13:02:05.268717Z", "fetched_at": "2025-07-12T13:04:24.618370+00:00", "symbol": "ADA-USD"}, {"trade_id": 143205773, "side": "sell", "size": "274.31079413", "price": "0.71310000", "time": "2025-07-12T13:02:05.268717Z", "fetched_at": "2025-07-12T13:04:24.618370+00:00", "symbol": "ADA-USD"}, {"trade_id": 143205772, "side": "sell", "size": "653.60667410", "price": "0.71310000", "time": "2025-07-12T13:02:05.268717Z", "fetched_at": "2025-07-12T13:04:24.618370+00:00", "symbol": "ADA-USD"}, {"trade_id": 143205771, "side": "sell", "size": "351.00000000", "price": "0.71310000", "time": "2025-07-12T13:02:05.268717Z", "fetched_at": "2025-07-12T13:04:24.618370+00:00", "symbol": "ADA-USD"}, {"trade_id": 143205770, "side": "sell", "size": "1.60000000", "price": "0.71310000", "time": "2025-07-12T13:02:05.268717Z", "fetched_at": "2025-07-12T13:04:24.618370+00:00", "symbol": "ADA-USD"}, {"trade_id": 143205769, "side": "sell", "size": "1511.23797000", "price": "0.71300000", "time": "2025-07-12T13:02:05.268549Z", "fetched_at": "2025-07-12T13:04:24.618370+00:00", "symbol": "ADA-USD"}, {"trade_id": 143205768, "side": "sell", "size": "1434.64166000", "price": "0.71300000", "time": "2025-07-12T13:02:05.268549Z", "fetched_at": "2025-07-12T13:04:24.618370+00:00", "symbol": "ADA-USD"}, {"trade_id": 143205767, "side": "sell", "size": "699.37344929", "price": "0.71300000", "time": "2025-07-12T13:02:05.268549Z", "fetched_at": "2025-07-12T13:04:24.618370+00:00", "symbol": "ADA-USD"}, {"trade_id": 143205766, "side": "sell", "size": "653.60667410", "price": "0.71300000", "time": "2025-07-12T13:02:05.268549Z", "fetched_at": "2025-07-12T13:04:24.618370+00:00", "symbol": "ADA-USD"}, {"trade_id": 143205765, "side": "sell", "size": "14.02579518", "price": "0.71290000", "time": "2025-07-12T13:02:05.268549Z", "fetched_at": "2025-07-12T13:04:24.618370+00:00", "symbol": "ADA-USD"}, {"trade_id": 143205764, "side": "buy", "size": "538.50988302", "price": "0.71260000", "time": "2025-07-12T13:02:04.463082Z", "fetched_at": "2025-07-12T13:04:24.618370+00:00", "symbol": "ADA-USD"}, {"trade_id": 143205763, "side": "buy", "size": "228.08801374", "price": "0.71260000", "time": "2025-07-12T13:02:04.463082Z", "fetched_at": "2025-07-12T13:04:24.618370+00:00", "symbol": "ADA-USD"}, {"trade_id": 143205762, "side": "buy", "size": "50.00000000", "price": "0.71270000", "time": "2025-07-12T13:02:04.463082Z", "fetched_at": "2025-07-12T13:04:24.618370+00:00", "symbol": "ADA-USD"}, {"trade_id": 143205761, "side": "buy", "size": "51.00306000", "price": "0.71270000", "time": "2025-07-12T13:02:04.463082Z", "fetched_at": "2025-07-12T13:04:24.618370+00:00", "symbol": "ADA-USD"}, {"trade_id": 143205760, "side": "buy", "size": "671.85269408", "price": "0.71270000", "time": "2025-07-12T13:02:04.463082Z", "fetched_at": "2025-07-12T13:04:24.618370+00:00", "symbol": "ADA-USD"}, {"trade_id": 143205759, "side": "buy", "size": "14.03114916", "price": "0.71270000", "time": "2025-07-12T13:02:04.463082Z", "fetched_at": "2025-07-12T13:04:24.618370+00:00", "symbol": "ADA-USD"}, {"trade_id": 143205758, "side": "sell", "size": "69.93006000", "price": "0.71280000", "time": "2025-07-12T13:02:04.171908Z", "fetched_at": "2025-07-12T13:04:24.618370+00:00", "symbol": "ADA-USD"}, {"trade_id": 143205757, "side": "buy", "size": "14.02721280", "price": "0.71290000", "time": "2025-07-12T13:02:04.149098Z", "fetched_at": "2025-07-12T13:04:24.618370+00:00", "symbol": "ADA-USD"}, {"trade_id": 143205756, "side": "sell", "size": "1.60000000", "price": "0.71300000", "time": "2025-07-12T13:02:02.311864Z", "fetched_at": "2025-07-12T13:04:24.618370+00:00", "symbol": "ADA-USD"}, {"trade_id": 143205755, "side": "sell", "size": "50.00000000", "price": "0.71290000", "time": "2025-07-12T13:02:02.285253Z", "fetched_at": "2025-07-12T13:04:24.618370+00:00", "symbol": "ADA-USD"}, {"trade_id": 143205754, "side": "sell", "size": "1.60000000", "price": "0.71290000", "time": "2025-07-12T13:02:02.285253Z", "fetched_at": "2025-07-12T13:04:24.618370+00:00", "symbol": "ADA-USD"}, {"trade_id": 143205753, "side": "sell", "size": "468.19376430", "price": "0.71290000", "time": "2025-07-12T13:02:02.285253Z", "fetched_at": "2025-07-12T13:04:24.618370+00:00", "symbol": "ADA-USD"}, {"trade_id": 143205752, "side": "sell", "size": "653.60667410", "price": "0.71290000", "time": "2025-07-12T13:02:02.285253Z", "fetched_at": "2025-07-12T13:04:24.618370+00:00", "symbol": "ADA-USD"}, {"trade_id": 143205751, "side": "sell", "size": "1.60000000", "price": "0.71280000", "time": "2025-07-12T13:02:02.285253Z", "fetched_at": "2025-07-12T13:04:24.618370+00:00", "symbol": "ADA-USD"}, {"trade_id": 143205750, "side": "sell", "size": "10.69923433", "price": "0.71260000", "time": "2025-07-12T13:02:02.238143Z", "fetched_at": "2025-07-12T13:04:24.618370+00:00", "symbol": "ADA-USD"}, {"trade_id": 143205749, "side": "sell", "size": "14.03488534", "price": "0.71260000", "time": "2025-07-12T13:02:01.306540Z", "fetched_at": "2025-07-12T13:04:24.618370+00:00", "symbol": "ADA-USD"}, {"trade_id": 143205748, "side": "sell", "size": "732.66370238", "price": "0.71260000", "time": "2025-07-12T13:02:01.306540Z", "fetched_at": "2025-07-12T13:04:24.618370+00:00", "symbol": "ADA-USD"}, {"trade_id": 143205747, "side": "buy", "size": "14.03311816", "price": "0.71260000", "time": "2025-07-12T13:02:01.042133Z", "fetched_at": "2025-07-12T13:04:24.618370+00:00", "symbol": "ADA-USD"}, {"trade_id": 143205746, "side": "buy", "size": "69.93006000", "price": "0.71250000", "time": "2025-07-12T13:02:01.031789Z", "fetched_at": "2025-07-12T13:04:24.618370+00:00", "symbol": "ADA-USD"}, {"trade_id": 143205745, "side": "buy", "size": "50.00000000", "price": "0.71260000", "time": "2025-07-12T13:02:01.030493Z", "fetched_at": "2025-07-12T13:04:24.618370+00:00", "symbol": "ADA-USD"}, {"trade_id": 143205744, "side": "buy", "size": "14.03311816", "price": "0.71260000", "time": "2025-07-12T13:02:01.030493Z", "fetched_at": "2025-07-12T13:04:24.618370+00:00", "symbol": "ADA-USD"}, {"trade_id": 143205743, "side": "buy", "size": "51.00306000", "price": "0.71260000", "time": "2025-07-12T13:02:01.030493Z", "fetched_at": "2025-07-12T13:04:24.618370+00:00", "symbol": "ADA-USD"}, {"trade_id": 143205742, "side": "buy", "size": "225.38953425", "price": "0.71250000", "time": "2025-07-12T13:02:01.019842Z", "fetched_at": "2025-07-12T13:04:24.618370+00:00", "symbol": "ADA-USD"}, {"trade_id": 143205741, "side": "buy", "size": "69.93006000", "price": "0.71260000", "time": "2025-07-12T13:02:00.355966Z", "fetched_at": "2025-07-12T13:04:24.618370+00:00", "symbol": "ADA-USD"}, {"trade_id": 143205740, "side": "sell", "size": "1.60000000", "price": "0.71260000", "time": "2025-07-12T13:02:00.311862Z", "fetched_at": "2025-07-12T13:04:24.618370+00:00", "symbol": "ADA-USD"}, {"trade_id": 143205739, "side": "sell", "size": "3.06760710", "price": "0.71230000", "time": "2025-07-12T13:01:59.573758Z", "fetched_at": "2025-07-12T13:04:24.618370+00:00", "symbol": "ADA-USD"}, {"trade_id": 143205738, "side": "sell", "size": "12.80228404", "price": "0.71220000", "time": "2025-07-12T13:01:58.793870Z", "fetched_at": "2025-07-12T13:04:24.618370+00:00", "symbol": "ADA-USD"}, {"trade_id": 143205737, "side": "sell", "size": "14.04166946", "price": "0.71210000", "time": "2025-07-12T13:01:58.127375Z", "fetched_at": "2025-07-12T13:04:24.618370+00:00", "symbol": "ADA-USD"}, {"trade_id": 143205736, "side": "sell", "size": "14.03965685", "price": "0.71200000", "time": "2025-07-12T13:01:58.096842Z", "fetched_at": "2025-07-12T13:04:24.618370+00:00", "symbol": "ADA-USD"}, {"trade_id": 143205735, "side": "buy", "size": "1.60000000", "price": "0.71200000", "time": "2025-07-12T13:01:57.574980Z", "fetched_at": "2025-07-12T13:04:24.618370+00:00", "symbol": "ADA-USD"}, {"trade_id": 143205734, "side": "buy", "size": "1.96935446", "price": "0.71210000", "time": "2025-07-12T13:01:57.049699Z", "fetched_at": "2025-07-12T13:04:24.618370+00:00", "symbol": "ADA-USD"}, {"trade_id": 143205733, "side": "buy", "size": "3.64076093", "price": "0.71210000", "time": "2025-07-12T13:01:56.667635Z", "fetched_at": "2025-07-12T13:04:24.618370+00:00", "symbol": "ADA-USD"}, {"trade_id": 143205732, "side": "buy", "size": "1.60000000", "price": "0.71210000", "time": "2025-07-12T13:01:56.667635Z", "fetched_at": "2025-07-12T13:04:24.618370+00:00", "symbol": "ADA-USD"}, {"trade_id": 143205731, "side": "buy", "size": "3.64024973", "price": "0.71220000", "time": "2025-07-12T13:01:56.584924Z", "fetched_at": "2025-07-12T13:04:24.618370+00:00", "symbol": "ADA-USD"}, {"trade_id": 143205730, "side": "buy", "size": "1.60000000", "price": "0.71220000", "time": "2025-07-12T13:01:56.584924Z", "fetched_at": "2025-07-12T13:04:24.618370+00:00", "symbol": "ADA-USD"}, {"trade_id": 143205729, "side": "buy", "size": "1.60000000", "price": "0.71230000", "time": "2025-07-12T13:01:54.193151Z", "fetched_at": "2025-07-12T13:04:24.618370+00:00", "symbol": "ADA-USD"}, {"trade_id": 143205728, "side": "buy", "size": "4.64969951", "price": "0.71240000", "time": "2025-07-12T13:01:54.007369Z", "fetched_at": "2025-07-12T13:04:24.618370+00:00", "symbol": "ADA-USD"}, {"trade_id": 143205727, "side": "buy", "size": "500.00000000", "price": "0.71260000", "time": "2025-07-12T13:01:52.827543Z", "fetched_at": "2025-07-12T13:04:24.618370+00:00", "symbol": "ADA-USD"}, {"trade_id": 143205726, "side": "buy", "size": "14.03311816", "price": "0.71260000", "time": "2025-07-12T13:01:52.827543Z", "fetched_at": "2025-07-12T13:04:24.618370+00:00", "symbol": "ADA-USD"}, {"trade_id": 143205725, "side": "sell", "size": "14.02982758", "price": "0.71250000", "time": "2025-07-12T13:01:50.737079Z", "fetched_at": "2025-07-12T13:04:24.618370+00:00", "symbol": "ADA-USD"}, {"trade_id": 143205724, "side": "sell", "size": "50.00000000", "price": "0.71250000", "time": "2025-07-12T13:01:50.737079Z", "fetched_at": "2025-07-12T13:04:24.618370+00:00", "symbol": "ADA-USD"}, {"trade_id": 143205723, "side": "buy", "size": "122.59585982", "price": "0.71240000", "time": "2025-07-12T13:01:50.497169Z", "fetched_at": "2025-07-12T13:04:24.618370+00:00", "symbol": "ADA-USD"}, {"trade_id": 143205722, "side": "buy", "size": "719.62761014", "price": "0.71240000", "time": "2025-07-12T13:01:50.496571Z", "fetched_at": "2025-07-12T13:04:24.618370+00:00", "symbol": "ADA-USD"}, {"trade_id": 143205721, "side": "buy", "size": "688.77526986", "price": "0.71240000", "time": "2025-07-12T13:01:50.496571Z", "fetched_at": "2025-07-12T13:04:24.618370+00:00", "symbol": "ADA-USD"}, {"trade_id": 143205720, "side": "buy", "size": "351.00000000", "price": "0.71240000", "time": "2025-07-12T13:01:50.496571Z", "fetched_at": "2025-07-12T13:04:24.618370+00:00", "symbol": "ADA-USD"}, {"trade_id": 143205719, "side": "buy", "size": "1.60000000", "price": "0.71240000", "time": "2025-07-12T13:01:50.496571Z", "fetched_at": "2025-07-12T13:04:24.618370+00:00", "symbol": "ADA-USD"}, {"trade_id": 143205718, "side": "buy", "size": "5173.10000000", "price": "0.71250000", "time": "2025-07-12T13:01:50.486568Z", "fetched_at": "2025-07-12T13:04:24.618370+00:00", "symbol": "ADA-USD"}, {"trade_id": 143205717, "side": "buy", "size": "1.60000000", "price": "0.71250000", "time": "2025-07-12T13:01:50.486568Z", "fetched_at": "2025-07-12T13:04:24.618370+00:00", "symbol": "ADA-USD"}, {"trade_id": 143205716, "side": "buy", "size": "351.00000000", "price": "0.71250000", "time": "2025-07-12T13:01:50.486568Z", "fetched_at": "2025-07-12T13:04:24.618370+00:00", "symbol": "ADA-USD"}, {"trade_id": 143205715, "side": "buy", "size": "701.62838344", "price": "0.71260000", "time": "2025-07-12T13:01:50.481716Z", "fetched_at": "2025-07-12T13:04:24.618370+00:00", "symbol": "ADA-USD"}, {"trade_id": 143205714, "side": "buy", "size": "1.60000000", "price": "0.71260000", "time": "2025-07-12T13:01:50.481716Z", "fetched_at": "2025-07-12T13:04:24.618370+00:00", "symbol": "ADA-USD"}, {"trade_id": 143205713, "side": "buy", "size": "14.03114916", "price": "0.71270000", "time": "2025-07-12T13:01:50.481716Z", "fetched_at": "2025-07-12T13:04:24.618370+00:00", "symbol": "ADA-USD"}