[{"trade_id": 143219483, "side": "buy", "size": "500.00000000", "price": "0.71170000", "time": "2025-07-12T14:39:31.927105Z", "fetched_at": "2025-07-12T14:39:35.556853+00:00", "symbol": "ADA-USD"}, {"trade_id": 143219482, "side": "sell", "size": "107.72759270", "price": "0.71190000", "time": "2025-07-12T14:39:30.788065Z", "fetched_at": "2025-07-12T14:39:35.556853+00:00", "symbol": "ADA-USD"}, {"trade_id": 143219481, "side": "sell", "size": "692.22157530", "price": "0.71180000", "time": "2025-07-12T14:39:30.788065Z", "fetched_at": "2025-07-12T14:39:35.556853+00:00", "symbol": "ADA-USD"}, {"trade_id": 143219480, "side": "sell", "size": "14.05548823", "price": "0.71180000", "time": "2025-07-12T14:39:29.953919Z", "fetched_at": "2025-07-12T14:39:35.556853+00:00", "symbol": "ADA-USD"}, {"trade_id": 143219479, "side": "sell", "size": "1.60000000", "price": "0.71180000", "time": "2025-07-12T14:39:29.953919Z", "fetched_at": "2025-07-12T14:39:35.556853+00:00", "symbol": "ADA-USD"}, {"trade_id": 143219478, "side": "sell", "size": "522.12416525", "price": "0.71180000", "time": "2025-07-12T14:39:29.953919Z", "fetched_at": "2025-07-12T14:39:35.556853+00:00", "symbol": "ADA-USD"}, {"trade_id": 143219477, "side": "sell", "size": "1.60000000", "price": "0.71170000", "time": "2025-07-12T14:39:29.953919Z", "fetched_at": "2025-07-12T14:39:35.556853+00:00", "symbol": "ADA-USD"}, {"trade_id": 143219476, "side": "sell", "size": "371.34657298", "price": "0.71160000", "time": "2025-07-12T14:39:29.873731Z", "fetched_at": "2025-07-12T14:39:35.556853+00:00", "symbol": "ADA-USD"}, {"trade_id": 143219475, "side": "sell", "size": "76.75865422", "price": "0.71160000", "time": "2025-07-12T14:39:29.867189Z", "fetched_at": "2025-07-12T14:39:35.556853+00:00", "symbol": "ADA-USD"}, {"trade_id": 143219474, "side": "sell", "size": "155.78197604", "price": "0.71160000", "time": "2025-07-12T14:39:29.856412Z", "fetched_at": "2025-07-12T14:39:35.556853+00:00", "symbol": "ADA-USD"}, {"trade_id": 143219473, "side": "sell", "size": "189.95697820", "price": "0.71160000", "time": "2025-07-12T14:39:29.844666Z", "fetched_at": "2025-07-12T14:39:35.556853+00:00", "symbol": "ADA-USD"}, {"trade_id": 143219472, "side": "sell", "size": "84.47769962", "price": "0.71160000", "time": "2025-07-12T14:39:29.834110Z", "fetched_at": "2025-07-12T14:39:35.556853+00:00", "symbol": "ADA-USD"}, {"trade_id": 143219471, "side": "sell", "size": "205.09444064", "price": "0.71160000", "time": "2025-07-12T14:39:29.823174Z", "fetched_at": "2025-07-12T14:39:35.556853+00:00", "symbol": "ADA-USD"}, {"trade_id": 143219470, "side": "sell", "size": "64.66224606", "price": "0.71160000", "time": "2025-07-12T14:39:29.793887Z", "fetched_at": "2025-07-12T14:39:35.556853+00:00", "symbol": "ADA-USD"}, {"trade_id": 143219469, "side": "sell", "size": "177.14347379", "price": "0.71160000", "time": "2025-07-12T14:39:29.759334Z", "fetched_at": "2025-07-12T14:39:35.556853+00:00", "symbol": "ADA-USD"}, {"trade_id": 143219468, "side": "sell", "size": "456.27696455", "price": "0.71160000", "time": "2025-07-12T14:39:29.734263Z", "fetched_at": "2025-07-12T14:39:35.556853+00:00", "symbol": "ADA-USD"}, {"trade_id": 143219467, "side": "sell", "size": "46.45448766", "price": "0.71160000", "time": "2025-07-12T14:39:29.607343Z", "fetched_at": "2025-07-12T14:39:35.556853+00:00", "symbol": "ADA-USD"}, {"trade_id": 143219466, "side": "sell", "size": "415.16303554", "price": "0.71160000", "time": "2025-07-12T14:39:29.580121Z", "fetched_at": "2025-07-12T14:39:35.556853+00:00", "symbol": "ADA-USD"}, {"trade_id": 143219465, "side": "sell", "size": "219.01842820", "price": "0.71160000", "time": "2025-07-12T14:39:29.569479Z", "fetched_at": "2025-07-12T14:39:35.556853+00:00", "symbol": "ADA-USD"}, {"trade_id": 143219464, "side": "sell", "size": "88.03800000", "price": "0.71160000", "time": "2025-07-12T14:39:29.566154Z", "fetched_at": "2025-07-12T14:39:35.556853+00:00", "symbol": "ADA-USD"}, {"trade_id": 143219463, "side": "sell", "size": "1410.00000000", "price": "0.71160000", "time": "2025-07-12T14:39:29.563057Z", "fetched_at": "2025-07-12T14:39:35.556853+00:00", "symbol": "ADA-USD"}, {"trade_id": 143219462, "side": "sell", "size": "224.92967000", "price": "0.71160000", "time": "2025-07-12T14:39:29.562744Z", "fetched_at": "2025-07-12T14:39:35.556853+00:00", "symbol": "ADA-USD"}, {"trade_id": 143219461, "side": "sell", "size": "47.02436074", "price": "0.71160000", "time": "2025-07-12T14:39:29.559117Z", "fetched_at": "2025-07-12T14:39:35.556853+00:00", "symbol": "ADA-USD"}, {"trade_id": 143219460, "side": "sell", "size": "144.74624000", "price": "0.71160000", "time": "2025-07-12T14:39:29.554635Z", "fetched_at": "2025-07-12T14:39:35.556853+00:00", "symbol": "ADA-USD"}, {"trade_id": 143219459, "side": "sell", "size": "329.76306000", "price": "0.71160000", "time": "2025-07-12T14:39:29.551005Z", "fetched_at": "2025-07-12T14:39:35.556853+00:00", "symbol": "ADA-USD"}, {"trade_id": 143219458, "side": "sell", "size": "271.27964911", "price": "0.71160000", "time": "2025-07-12T14:39:29.547266Z", "fetched_at": "2025-07-12T14:39:35.556853+00:00", "symbol": "ADA-USD"}, {"trade_id": 143219457, "side": "sell", "size": "56.59510289", "price": "0.71160000", "time": "2025-07-12T14:39:29.532378Z", "fetched_at": "2025-07-12T14:39:35.556853+00:00", "symbol": "ADA-USD"}, {"trade_id": 143219456, "side": "sell", "size": "142.53685789", "price": "0.71160000", "time": "2025-07-12T14:39:29.511129Z", "fetched_at": "2025-07-12T14:39:35.556853+00:00", "symbol": "ADA-USD"}, {"trade_id": 143219455, "side": "sell", "size": "73.23423476", "price": "0.71160000", "time": "2025-07-12T14:39:29.499021Z", "fetched_at": "2025-07-12T14:39:35.556853+00:00", "symbol": "ADA-USD"}, {"trade_id": 143219454, "side": "sell", "size": "669.01123061", "price": "0.71160000", "time": "2025-07-12T14:39:29.488851Z", "fetched_at": "2025-07-12T14:39:35.556853+00:00", "symbol": "ADA-USD"}, {"trade_id": 143219453, "side": "sell", "size": "322.86893614", "price": "0.71160000", "time": "2025-07-12T14:39:29.476574Z", "fetched_at": "2025-07-12T14:39:35.556853+00:00", "symbol": "ADA-USD"}, {"trade_id": 143219452, "side": "sell", "size": "2144.00000000", "price": "0.71160000", "time": "2025-07-12T14:39:29.468524Z", "fetched_at": "2025-07-12T14:39:35.556853+00:00", "symbol": "ADA-USD"}, {"trade_id": 143219451, "side": "sell", "size": "269.33056320", "price": "0.71160000", "time": "2025-07-12T14:39:29.464047Z", "fetched_at": "2025-07-12T14:39:35.556853+00:00", "symbol": "ADA-USD"}, {"trade_id": 143219450, "side": "sell", "size": "276.97067460", "price": "0.71160000", "time": "2025-07-12T14:39:29.453430Z", "fetched_at": "2025-07-12T14:39:35.556853+00:00", "symbol": "ADA-USD"}, {"trade_id": 143219449, "side": "sell", "size": "116.73298623", "price": "0.71160000", "time": "2025-07-12T14:39:29.417543Z", "fetched_at": "2025-07-12T14:39:35.556853+00:00", "symbol": "ADA-USD"}, {"trade_id": 143219448, "side": "sell", "size": "99.40406347", "price": "0.71160000", "time": "2025-07-12T14:39:29.366738Z", "fetched_at": "2025-07-12T14:39:35.556853+00:00", "symbol": "ADA-USD"}, {"trade_id": 143219447, "side": "sell", "size": "98.02729893", "price": "0.71160000", "time": "2025-07-12T14:39:29.352608Z", "fetched_at": "2025-07-12T14:39:35.556853+00:00", "symbol": "ADA-USD"}, {"trade_id": 143219446, "side": "sell", "size": "269.13579221", "price": "0.71160000", "time": "2025-07-12T14:39:29.338849Z", "fetched_at": "2025-07-12T14:39:35.556853+00:00", "symbol": "ADA-USD"}, {"trade_id": 143219445, "side": "sell", "size": "113.83595375", "price": "0.71160000", "time": "2025-07-12T14:39:29.325540Z", "fetched_at": "2025-07-12T14:39:35.556853+00:00", "symbol": "ADA-USD"}, {"trade_id": 143219444, "side": "sell", "size": "100.39620985", "price": "0.71160000", "time": "2025-07-12T14:39:29.290967Z", "fetched_at": "2025-07-12T14:39:35.556853+00:00", "symbol": "ADA-USD"}, {"trade_id": 143219443, "side": "sell", "size": "110.95629243", "price": "0.71160000", "time": "2025-07-12T14:39:29.276631Z", "fetched_at": "2025-07-12T14:39:35.556853+00:00", "symbol": "ADA-USD"}, {"trade_id": 143219442, "side": "sell", "size": "918.03382534", "price": "0.71160000", "time": "2025-07-12T14:39:29.265226Z", "fetched_at": "2025-07-12T14:39:35.556853+00:00", "symbol": "ADA-USD"}, {"trade_id": 143219441, "side": "sell", "size": "1146.42392525", "price": "0.71160000", "time": "2025-07-12T14:39:29.245658Z", "fetched_at": "2025-07-12T14:39:35.556853+00:00", "symbol": "ADA-USD"}, {"trade_id": 143219440, "side": "buy", "size": "26.24676100", "price": "0.71140000", "time": "2025-07-12T14:39:28.631940Z", "fetched_at": "2025-07-12T14:39:35.556853+00:00", "symbol": "ADA-USD"}, {"trade_id": 143219439, "side": "sell", "size": "28.78348216", "price": "0.71160000", "time": "2025-07-12T14:39:26.807064Z", "fetched_at": "2025-07-12T14:39:35.556853+00:00", "symbol": "ADA-USD"}, {"trade_id": 143219438, "side": "sell", "size": "417.81338209", "price": "0.71160000", "time": "2025-07-12T14:39:26.807064Z", "fetched_at": "2025-07-12T14:39:35.556853+00:00", "symbol": "ADA-USD"}, {"trade_id": 143219437, "side": "sell", "size": "1.60000000", "price": "0.71160000", "time": "2025-07-12T14:39:26.807064Z", "fetched_at": "2025-07-12T14:39:35.556853+00:00", "symbol": "ADA-USD"}, {"trade_id": 143219436, "side": "sell", "size": "338.45670075", "price": "0.71160000", "time": "2025-07-12T14:39:26.807064Z", "fetched_at": "2025-07-12T14:39:35.556853+00:00", "symbol": "ADA-USD"}, {"trade_id": 143219435, "side": "sell", "size": "579.55478600", "price": "0.71160000", "time": "2025-07-12T14:39:26.807064Z", "fetched_at": "2025-07-12T14:39:35.556853+00:00", "symbol": "ADA-USD"}, {"trade_id": 143219434, "side": "sell", "size": "6.44230500", "price": "0.71160000", "time": "2025-07-12T14:39:26.454831Z", "fetched_at": "2025-07-12T14:39:35.556853+00:00", "symbol": "ADA-USD"}, {"trade_id": 143219433, "side": "sell", "size": "499.00000000", "price": "0.71140000", "time": "2025-07-12T14:39:23.021142Z", "fetched_at": "2025-07-12T14:39:35.556853+00:00", "symbol": "ADA-USD"}, {"trade_id": 143219432, "side": "sell", "size": "40.70161283", "price": "0.71140000", "time": "2025-07-12T14:39:22.823836Z", "fetched_at": "2025-07-12T14:39:35.556853+00:00", "symbol": "ADA-USD"}, {"trade_id": 143219431, "side": "sell", "size": "729.80254333", "price": "0.71140000", "time": "2025-07-12T14:39:22.811882Z", "fetched_at": "2025-07-12T14:39:35.556853+00:00", "symbol": "ADA-USD"}, {"trade_id": 143219430, "side": "sell", "size": "116.12097000", "price": "0.71140000", "time": "2025-07-12T14:39:22.561408Z", "fetched_at": "2025-07-12T14:39:35.556853+00:00", "symbol": "ADA-USD"}, {"trade_id": 143219429, "side": "sell", "size": "14.06045322", "price": "0.71150000", "time": "2025-07-12T14:39:21.507728Z", "fetched_at": "2025-07-12T14:39:35.556853+00:00", "symbol": "ADA-USD"}, {"trade_id": 143219428, "side": "sell", "size": "652.67453800", "price": "0.71150000", "time": "2025-07-12T14:39:21.507728Z", "fetched_at": "2025-07-12T14:39:35.556853+00:00", "symbol": "ADA-USD"}, {"trade_id": 143219427, "side": "sell", "size": "707.84201215", "price": "0.71130000", "time": "2025-07-12T14:39:21.475885Z", "fetched_at": "2025-07-12T14:39:35.556853+00:00", "symbol": "ADA-USD"}, {"trade_id": 143219426, "side": "sell", "size": "512.00000000", "price": "0.71130000", "time": "2025-07-12T14:39:21.469228Z", "fetched_at": "2025-07-12T14:39:35.556853+00:00", "symbol": "ADA-USD"}, {"trade_id": 143219425, "side": "sell", "size": "54.67535277", "price": "0.71120000", "time": "2025-07-12T14:39:20.047299Z", "fetched_at": "2025-07-12T14:39:35.556853+00:00", "symbol": "ADA-USD"}, {"trade_id": 143219424, "side": "sell", "size": "713.59328980", "price": "0.71120000", "time": "2025-07-12T14:39:20.003030Z", "fetched_at": "2025-07-12T14:39:35.556853+00:00", "symbol": "ADA-USD"}, {"trade_id": 143219423, "side": "sell", "size": "660.56812656", "price": "0.71120000", "time": "2025-07-12T14:39:19.876215Z", "fetched_at": "2025-07-12T14:39:35.556853+00:00", "symbol": "ADA-USD"}, {"trade_id": 143219422, "side": "sell", "size": "692.68102547", "price": "0.71130000", "time": "2025-07-12T14:39:19.170362Z", "fetched_at": "2025-07-12T14:39:35.556853+00:00", "symbol": "ADA-USD"}, {"trade_id": 143219421, "side": "buy", "size": "500.00000000", "price": "0.71130000", "time": "2025-07-12T14:39:19.163305Z", "fetched_at": "2025-07-12T14:39:35.556853+00:00", "symbol": "ADA-USD"}, {"trade_id": 143219420, "side": "buy", "size": "425.92072000", "price": "0.71130000", "time": "2025-07-12T14:39:16.880857Z", "fetched_at": "2025-07-12T14:39:35.556853+00:00", "symbol": "ADA-USD"}, {"trade_id": 143219419, "side": "sell", "size": "11.67289850", "price": "0.71140000", "time": "2025-07-12T14:39:16.577848Z", "fetched_at": "2025-07-12T14:39:35.556853+00:00", "symbol": "ADA-USD"}, {"trade_id": 143219418, "side": "sell", "size": "11.37788360", "price": "0.71130000", "time": "2025-07-12T14:39:15.315942Z", "fetched_at": "2025-07-12T14:39:35.556853+00:00", "symbol": "ADA-USD"}, {"trade_id": 143219417, "side": "sell", "size": "720.05947827", "price": "0.71130000", "time": "2025-07-12T14:39:15.303837Z", "fetched_at": "2025-07-12T14:39:35.556853+00:00", "symbol": "ADA-USD"}, {"trade_id": 143219416, "side": "buy", "size": "500.00000000", "price": "0.71140000", "time": "2025-07-12T14:39:14.310818Z", "fetched_at": "2025-07-12T14:39:35.556853+00:00", "symbol": "ADA-USD"}, {"trade_id": 143219415, "side": "sell", "size": "739.25533405", "price": "0.71150000", "time": "2025-07-12T14:39:10.510755Z", "fetched_at": "2025-07-12T14:39:35.556853+00:00", "symbol": "ADA-USD"}, {"trade_id": 143219414, "side": "sell", "size": "66.67744700", "price": "0.71160000", "time": "2025-07-12T14:39:09.590903Z", "fetched_at": "2025-07-12T14:39:35.556853+00:00", "symbol": "ADA-USD"}, {"trade_id": 143219413, "side": "sell", "size": "14.05846343", "price": "0.71150000", "time": "2025-07-12T14:39:09.428932Z", "fetched_at": "2025-07-12T14:39:35.556853+00:00", "symbol": "ADA-USD"}, {"trade_id": 143219412, "side": "sell", "size": "1.60000000", "price": "0.71150000", "time": "2025-07-12T14:39:09.404525Z", "fetched_at": "2025-07-12T14:39:35.556853+00:00", "symbol": "ADA-USD"}, {"trade_id": 143219411, "side": "sell", "size": "136.05544818", "price": "0.71140000", "time": "2025-07-12T14:39:08.886399Z", "fetched_at": "2025-07-12T14:39:35.556853+00:00", "symbol": "ADA-USD"}, {"trade_id": 143219410, "side": "sell", "size": "67.22084711", "price": "0.71140000", "time": "2025-07-12T14:39:08.886399Z", "fetched_at": "2025-07-12T14:39:35.556853+00:00", "symbol": "ADA-USD"}, {"trade_id": 143219409, "side": "sell", "size": "139.54824131", "price": "0.71140000", "time": "2025-07-12T14:39:08.871816Z", "fetched_at": "2025-07-12T14:39:35.556853+00:00", "symbol": "ADA-USD"}, {"trade_id": 143219408, "side": "sell", "size": "147.54547242", "price": "0.71140000", "time": "2025-07-12T14:39:08.851344Z", "fetched_at": "2025-07-12T14:39:35.556853+00:00", "symbol": "ADA-USD"}, {"trade_id": 143219407, "side": "sell", "size": "83.76184991", "price": "0.71140000", "time": "2025-07-12T14:39:08.828460Z", "fetched_at": "2025-07-12T14:39:35.556853+00:00", "symbol": "ADA-USD"}, {"trade_id": 143219406, "side": "sell", "size": "134.99455263", "price": "0.71140000", "time": "2025-07-12T14:39:08.816204Z", "fetched_at": "2025-07-12T14:39:35.556853+00:00", "symbol": "ADA-USD"}, {"trade_id": 143219405, "side": "sell", "size": "801.54111871", "price": "0.71140000", "time": "2025-07-12T14:39:08.806305Z", "fetched_at": "2025-07-12T14:39:35.556853+00:00", "symbol": "ADA-USD"}, {"trade_id": 143219404, "side": "sell", "size": "736.40636395", "price": "0.71130000", "time": "2025-07-12T14:39:06.532720Z", "fetched_at": "2025-07-12T14:39:35.556853+00:00", "symbol": "ADA-USD"}, {"trade_id": 143219403, "side": "sell", "size": "1.60000000", "price": "0.71140000", "time": "2025-07-12T14:39:01.188318Z", "fetched_at": "2025-07-12T14:39:35.556853+00:00", "symbol": "ADA-USD"}, {"trade_id": 143219402, "side": "sell", "size": "339.90153675", "price": "0.71140000", "time": "2025-07-12T14:39:01.188318Z", "fetched_at": "2025-07-12T14:39:35.556853+00:00", "symbol": "ADA-USD"}, {"trade_id": 143219401, "side": "sell", "size": "1.60000000", "price": "0.71140000", "time": "2025-07-12T14:39:01.188318Z", "fetched_at": "2025-07-12T14:39:35.556853+00:00", "symbol": "ADA-USD"}, {"trade_id": 143219400, "side": "sell", "size": "652.67453800", "price": "0.71140000", "time": "2025-07-12T14:39:01.188318Z", "fetched_at": "2025-07-12T14:39:35.556853+00:00", "symbol": "ADA-USD"}, {"trade_id": 143219399, "side": "sell", "size": "1.60000000", "price": "0.71130000", "time": "2025-07-12T14:39:01.130534Z", "fetched_at": "2025-07-12T14:39:35.556853+00:00", "symbol": "ADA-USD"}, {"trade_id": 143219398, "side": "sell", "size": "1.60000000", "price": "0.71120000", "time": "2025-07-12T14:39:01.039349Z", "fetched_at": "2025-07-12T14:39:35.556853+00:00", "symbol": "ADA-USD"}, {"trade_id": 143219397, "side": "sell", "size": "1.60000000", "price": "0.71100000", "time": "2025-07-12T14:39:00.872510Z", "fetched_at": "2025-07-12T14:39:35.556853+00:00", "symbol": "ADA-USD"}, {"trade_id": 143219396, "side": "sell", "size": "171.01181231", "price": "0.71080000", "time": "2025-07-12T14:39:00.471698Z", "fetched_at": "2025-07-12T14:39:35.556853+00:00", "symbol": "ADA-USD"}, {"trade_id": 143219395, "side": "sell", "size": "1.60000000", "price": "0.71080000", "time": "2025-07-12T14:39:00.460389Z", "fetched_at": "2025-07-12T14:39:35.556853+00:00", "symbol": "ADA-USD"}, {"trade_id": 143219394, "side": "sell", "size": "743.29208047", "price": "0.71070000", "time": "2025-07-12T14:39:00.400640Z", "fetched_at": "2025-07-12T14:39:35.556853+00:00", "symbol": "ADA-USD"}, {"trade_id": 143219393, "side": "sell", "size": "3485.59899509", "price": "0.71070000", "time": "2025-07-12T14:38:59.256120Z", "fetched_at": "2025-07-12T14:39:35.556853+00:00", "symbol": "ADA-USD"}, {"trade_id": 143219392, "side": "sell", "size": "724.18728162", "price": "0.71060000", "time": "2025-07-12T14:38:59.256120Z", "fetched_at": "2025-07-12T14:39:35.556853+00:00", "symbol": "ADA-USD"}, {"trade_id": 143219391, "side": "sell", "size": "28.98951175", "price": "0.71060000", "time": "2025-07-12T14:38:58.203773Z", "fetched_at": "2025-07-12T14:39:35.556853+00:00", "symbol": "ADA-USD"}, {"trade_id": 143219390, "side": "sell", "size": "32.76194700", "price": "0.71060000", "time": "2025-07-12T14:38:58.203773Z", "fetched_at": "2025-07-12T14:39:35.556853+00:00", "symbol": "ADA-USD"}, {"trade_id": 143219389, "side": "sell", "size": "764.14854125", "price": "0.71060000", "time": "2025-07-12T14:38:58.203773Z", "fetched_at": "2025-07-12T14:39:35.556853+00:00", "symbol": "ADA-USD"}, {"trade_id": 143219388, "side": "buy", "size": "1.60000000", "price": "0.71060000", "time": "2025-07-12T14:38:57.565221Z", "fetched_at": "2025-07-12T14:39:35.556853+00:00", "symbol": "ADA-USD"}, {"trade_id": 143219387, "side": "buy", "size": "0.00000048", "price": "0.71060000", "time": "2025-07-12T14:38:57.565221Z", "fetched_at": "2025-07-12T14:39:35.556853+00:00", "symbol": "ADA-USD"}, {"trade_id": 143219386, "side": "buy", "size": "113.19387200", "price": "0.71060000", "time": "2025-07-12T14:38:57.565221Z", "fetched_at": "2025-07-12T14:39:35.556853+00:00", "symbol": "ADA-USD"}, {"trade_id": 143219385, "side": "buy", "size": "113.47847700", "price": "0.71060000", "time": "2025-07-12T14:38:57.565221Z", "fetched_at": "2025-07-12T14:39:35.556853+00:00", "symbol": "ADA-USD"}, {"trade_id": 143219384, "side": "buy", "size": "113.35192500", "price": "0.71060000", "time": "2025-07-12T14:38:57.565221Z", "fetched_at": "2025-07-12T14:39:35.556853+00:00", "symbol": "ADA-USD"}, {"trade_id": 143219383, "side": "buy", "size": "1.60000000", "price": "0.71070000", "time": "2025-07-12T14:38:56.256041Z", "fetched_at": "2025-07-12T14:39:35.556853+00:00", "symbol": "ADA-USD"}, {"trade_id": 143219382, "side": "buy", "size": "1.60000000", "price": "0.71080000", "time": "2025-07-12T14:38:56.109312Z", "fetched_at": "2025-07-12T14:39:35.556853+00:00", "symbol": "ADA-USD"}, {"trade_id": 143219381, "side": "buy", "size": "0.42205965", "price": "0.71080000", "time": "2025-07-12T14:38:56.109312Z", "fetched_at": "2025-07-12T14:39:35.556853+00:00", "symbol": "ADA-USD"}, {"trade_id": 143219380, "side": "buy", "size": "825.70000000", "price": "0.71090000", "time": "2025-07-12T14:38:56.031399Z", "fetched_at": "2025-07-12T14:39:35.556853+00:00", "symbol": "ADA-USD"}, {"trade_id": 143219379, "side": "buy", "size": "1.60000000", "price": "0.71100000", "time": "2025-07-12T14:38:55.171357Z", "fetched_at": "2025-07-12T14:39:35.556853+00:00", "symbol": "ADA-USD"}, {"trade_id": 143219378, "side": "buy", "size": "584.94194871", "price": "0.71100000", "time": "2025-07-12T14:38:55.171357Z", "fetched_at": "2025-07-12T14:39:35.556853+00:00", "symbol": "ADA-USD"}, {"trade_id": 143219377, "side": "buy", "size": "1.60000000", "price": "0.71110000", "time": "2025-07-12T14:38:55.171357Z", "fetched_at": "2025-07-12T14:39:35.556853+00:00", "symbol": "ADA-USD"}, {"trade_id": 143219376, "side": "sell", "size": "200.04626000", "price": "0.71120000", "time": "2025-07-12T14:38:46.371885Z", "fetched_at": "2025-07-12T14:39:35.556853+00:00", "symbol": "ADA-USD"}, {"trade_id": 143219375, "side": "sell", "size": "273.16486300", "price": "0.71120000", "time": "2025-07-12T14:38:45.736742Z", "fetched_at": "2025-07-12T14:39:35.556853+00:00", "symbol": "ADA-USD"}, {"trade_id": 143219374, "side": "buy", "size": "500.00000000", "price": "0.71120000", "time": "2025-07-12T14:38:45.000692Z", "fetched_at": "2025-07-12T14:39:35.556853+00:00", "symbol": "ADA-USD"}, {"trade_id": 143219373, "side": "buy", "size": "1.60000000", "price": "0.71120000", "time": "2025-07-12T14:38:45.000692Z", "fetched_at": "2025-07-12T14:39:35.556853+00:00", "symbol": "ADA-USD"}, {"trade_id": 143219372, "side": "sell", "size": "765.15753899", "price": "0.71130000", "time": "2025-07-12T14:38:44.088079Z", "fetched_at": "2025-07-12T14:39:35.556853+00:00", "symbol": "ADA-USD"}, {"trade_id": 143219371, "side": "sell", "size": "40.57352140", "price": "0.71130000", "time": "2025-07-12T14:38:44.045590Z", "fetched_at": "2025-07-12T14:39:35.556853+00:00", "symbol": "ADA-USD"}, {"trade_id": 143219370, "side": "sell", "size": "719.15679945", "price": "0.71130000", "time": "2025-07-12T14:38:44.011330Z", "fetched_at": "2025-07-12T14:39:35.556853+00:00", "symbol": "ADA-USD"}, {"trade_id": 143219369, "side": "sell", "size": "674.24321951", "price": "0.71130000", "time": "2025-07-12T14:38:41.685435Z", "fetched_at": "2025-07-12T14:39:35.556853+00:00", "symbol": "ADA-USD"}, {"trade_id": 143219368, "side": "sell", "size": "686.32155100", "price": "0.71130000", "time": "2025-07-12T14:38:40.980772Z", "fetched_at": "2025-07-12T14:39:35.556853+00:00", "symbol": "ADA-USD"}, {"trade_id": 143219367, "side": "buy", "size": "2.99809748", "price": "0.71130000", "time": "2025-07-12T14:38:39.335643Z", "fetched_at": "2025-07-12T14:39:35.556853+00:00", "symbol": "ADA-USD"}, {"trade_id": 143219366, "side": "buy", "size": "5.84260572", "price": "0.71140000", "time": "2025-07-12T14:38:38.033366Z", "fetched_at": "2025-07-12T14:39:35.556853+00:00", "symbol": "ADA-USD"}, {"trade_id": 143219365, "side": "sell", "size": "878.60107280", "price": "0.71150000", "time": "2025-07-12T14:38:35.156282Z", "fetched_at": "2025-07-12T14:39:35.556853+00:00", "symbol": "ADA-USD"}, {"trade_id": 143219364, "side": "sell", "size": "420.61956788", "price": "0.71150000", "time": "2025-07-12T14:38:35.063775Z", "fetched_at": "2025-07-12T14:39:35.556853+00:00", "symbol": "ADA-USD"}, {"trade_id": 143219363, "side": "sell", "size": "873.00991969", "price": "0.71150000", "time": "2025-07-12T14:38:35.048100Z", "fetched_at": "2025-07-12T14:39:35.556853+00:00", "symbol": "ADA-USD"}, {"trade_id": 143219362, "side": "sell", "size": "485.63576885", "price": "0.71150000", "time": "2025-07-12T14:38:35.048100Z", "fetched_at": "2025-07-12T14:39:35.556853+00:00", "symbol": "ADA-USD"}, {"trade_id": 143219361, "side": "sell", "size": "167.03876915", "price": "0.71150000", "time": "2025-07-12T14:38:35.044007Z", "fetched_at": "2025-07-12T14:39:35.556853+00:00", "symbol": "ADA-USD"}, {"trade_id": 143219360, "side": "sell", "size": "344.99524757", "price": "0.71140000", "time": "2025-07-12T14:38:34.939888Z", "fetched_at": "2025-07-12T14:39:35.556853+00:00", "symbol": "ADA-USD"}, {"trade_id": 143219359, "side": "sell", "size": "416.80072072", "price": "0.71140000", "time": "2025-07-12T14:38:34.928028Z", "fetched_at": "2025-07-12T14:39:35.556853+00:00", "symbol": "ADA-USD"}, {"trade_id": 143219358, "side": "sell", "size": "1.60000000", "price": "0.71140000", "time": "2025-07-12T14:38:34.928028Z", "fetched_at": "2025-07-12T14:39:35.556853+00:00", "symbol": "ADA-USD"}, {"trade_id": 143219357, "side": "sell", "size": "349.48597400", "price": "0.71140000", "time": "2025-07-12T14:38:34.928028Z", "fetched_at": "2025-07-12T14:39:35.556853+00:00", "symbol": "ADA-USD"}, {"trade_id": 143219356, "side": "sell", "size": "37.57702777", "price": "0.71130000", "time": "2025-07-12T14:38:34.831129Z", "fetched_at": "2025-07-12T14:39:35.556853+00:00", "symbol": "ADA-USD"}, {"trade_id": 143219355, "side": "sell", "size": "265.70105310", "price": "0.71130000", "time": "2025-07-12T14:38:34.831129Z", "fetched_at": "2025-07-12T14:39:35.556853+00:00", "symbol": "ADA-USD"}, {"trade_id": 143219354, "side": "sell", "size": "103.32636446", "price": "0.71130000", "time": "2025-07-12T14:38:34.783907Z", "fetched_at": "2025-07-12T14:39:35.556853+00:00", "symbol": "ADA-USD"}, {"trade_id": 143219353, "side": "sell", "size": "98.52320348", "price": "0.71110000", "time": "2025-07-12T14:38:34.656552Z", "fetched_at": "2025-07-12T14:39:35.556853+00:00", "symbol": "ADA-USD"}, {"trade_id": 143219352, "side": "sell", "size": "86.81354856", "price": "0.71110000", "time": "2025-07-12T14:38:34.642719Z", "fetched_at": "2025-07-12T14:39:35.556853+00:00", "symbol": "ADA-USD"}, {"trade_id": 143219351, "side": "sell", "size": "70.57350349", "price": "0.71110000", "time": "2025-07-12T14:38:34.630015Z", "fetched_at": "2025-07-12T14:39:35.556853+00:00", "symbol": "ADA-USD"}, {"trade_id": 143219350, "side": "sell", "size": "84.93296084", "price": "0.71110000", "time": "2025-07-12T14:38:34.620013Z", "fetched_at": "2025-07-12T14:39:35.556853+00:00", "symbol": "ADA-USD"}, {"trade_id": 143219349, "side": "sell", "size": "82.34325066", "price": "0.71110000", "time": "2025-07-12T14:38:34.607872Z", "fetched_at": "2025-07-12T14:39:35.556853+00:00", "symbol": "ADA-USD"}, {"trade_id": 143219348, "side": "sell", "size": "667.68931565", "price": "0.71110000", "time": "2025-07-12T14:38:34.596383Z", "fetched_at": "2025-07-12T14:39:35.556853+00:00", "symbol": "ADA-USD"}, {"trade_id": 143219347, "side": "sell", "size": "858.19035945", "price": "0.71110000", "time": "2025-07-12T14:38:34.586089Z", "fetched_at": "2025-07-12T14:39:35.556853+00:00", "symbol": "ADA-USD"}, {"trade_id": 143219346, "side": "sell", "size": "85.38049535", "price": "0.71110000", "time": "2025-07-12T14:38:32.160867Z", "fetched_at": "2025-07-12T14:39:35.556853+00:00", "symbol": "ADA-USD"}, {"trade_id": 143219345, "side": "sell", "size": "490.61680000", "price": "0.71090000", "time": "2025-07-12T14:38:31.975269Z", "fetched_at": "2025-07-12T14:39:35.556853+00:00", "symbol": "ADA-USD"}, {"trade_id": 143219344, "side": "sell", "size": "771.32312250", "price": "0.71090000", "time": "2025-07-12T14:38:31.267528Z", "fetched_at": "2025-07-12T14:39:35.556853+00:00", "symbol": "ADA-USD"}, {"trade_id": 143219343, "side": "sell", "size": "696.59642900", "price": "0.71090000", "time": "2025-07-12T14:38:30.892425Z", "fetched_at": "2025-07-12T14:39:35.556853+00:00", "symbol": "ADA-USD"}, {"trade_id": 143219342, "side": "buy", "size": "1.91114449", "price": "0.71110000", "time": "2025-07-12T14:38:27.899917Z", "fetched_at": "2025-07-12T14:39:35.556853+00:00", "symbol": "ADA-USD"}, {"trade_id": 143219341, "side": "buy", "size": "1.86439440", "price": "0.71120000", "time": "2025-07-12T14:38:27.594788Z", "fetched_at": "2025-07-12T14:39:35.556853+00:00", "symbol": "ADA-USD"}, {"trade_id": 143219340, "side": "sell", "size": "790.37317688", "price": "0.71130000", "time": "2025-07-12T14:38:26.737004Z", "fetched_at": "2025-07-12T14:39:35.556853+00:00", "symbol": "ADA-USD"}, {"trade_id": 143219339, "side": "sell", "size": "14.06719556", "price": "0.71130000", "time": "2025-07-12T14:38:26.737004Z", "fetched_at": "2025-07-12T14:39:35.556853+00:00", "symbol": "ADA-USD"}, {"trade_id": 143219338, "side": "sell", "size": "1.60000000", "price": "0.71130000", "time": "2025-07-12T14:38:26.737004Z", "fetched_at": "2025-07-12T14:39:35.556853+00:00", "symbol": "ADA-USD"}, {"trade_id": 143219337, "side": "sell", "size": "339.41670075", "price": "0.71130000", "time": "2025-07-12T14:38:26.737004Z", "fetched_at": "2025-07-12T14:39:35.556853+00:00", "symbol": "ADA-USD"}, {"trade_id": 143219336, "side": "sell", "size": "14.06719556", "price": "0.71120000", "time": "2025-07-12T14:38:26.620216Z", "fetched_at": "2025-07-12T14:39:35.556853+00:00", "symbol": "ADA-USD"}, {"trade_id": 143219335, "side": "sell", "size": "14.06719556", "price": "0.71120000", "time": "2025-07-12T14:38:26.602557Z", "fetched_at": "2025-07-12T14:39:35.556853+00:00", "symbol": "ADA-USD"}, {"trade_id": 143219334, "side": "sell", "size": "1.60000000", "price": "0.71120000", "time": "2025-07-12T14:38:26.602557Z", "fetched_at": "2025-07-12T14:39:35.556853+00:00", "symbol": "ADA-USD"}, {"trade_id": 143219333, "side": "sell", "size": "1.60000000", "price": "0.71110000", "time": "2025-07-12T14:38:26.537431Z", "fetched_at": "2025-07-12T14:39:35.556853+00:00", "symbol": "ADA-USD"}, {"trade_id": 143219332, "side": "sell", "size": "339.30549675", "price": "0.71110000", "time": "2025-07-12T14:38:26.537431Z", "fetched_at": "2025-07-12T14:39:35.556853+00:00", "symbol": "ADA-USD"}, {"trade_id": 143219331, "side": "sell", "size": "34.67640039", "price": "0.71100000", "time": "2025-07-12T14:38:26.374562Z", "fetched_at": "2025-07-12T14:39:35.556853+00:00", "symbol": "ADA-USD"}, {"trade_id": 143219330, "side": "buy", "size": "280.85943000", "price": "0.71080000", "time": "2025-07-12T14:38:25.906605Z", "fetched_at": "2025-07-12T14:39:35.556853+00:00", "symbol": "ADA-USD"}, {"trade_id": 143219329, "side": "sell", "size": "152.54576435", "price": "0.71090000", "time": "2025-07-12T14:38:25.086093Z", "fetched_at": "2025-07-12T14:39:35.556853+00:00", "symbol": "ADA-USD"}, {"trade_id": 143219328, "side": "sell", "size": "312.74667478", "price": "0.71090000", "time": "2025-07-12T14:38:25.064651Z", "fetched_at": "2025-07-12T14:39:35.556853+00:00", "symbol": "ADA-USD"}, {"trade_id": 143219327, "side": "sell", "size": "52.68253758", "price": "0.71090000", "time": "2025-07-12T14:38:25.046284Z", "fetched_at": "2025-07-12T14:39:35.556853+00:00", "symbol": "ADA-USD"}, {"trade_id": 143219326, "side": "sell", "size": "234.36500538", "price": "0.71090000", "time": "2025-07-12T14:38:25.027087Z", "fetched_at": "2025-07-12T14:39:35.556853+00:00", "symbol": "ADA-USD"}, {"trade_id": 143219325, "side": "sell", "size": "197.35367108", "price": "0.71090000", "time": "2025-07-12T14:38:24.993604Z", "fetched_at": "2025-07-12T14:39:35.556853+00:00", "symbol": "ADA-USD"}, {"trade_id": 143219324, "side": "sell", "size": "179.20070835", "price": "0.71090000", "time": "2025-07-12T14:38:24.965538Z", "fetched_at": "2025-07-12T14:39:35.556853+00:00", "symbol": "ADA-USD"}, {"trade_id": 143219323, "side": "sell", "size": "708.03173990", "price": "0.71090000", "time": "2025-07-12T14:38:24.950247Z", "fetched_at": "2025-07-12T14:39:35.556853+00:00", "symbol": "ADA-USD"}, {"trade_id": 143219322, "side": "sell", "size": "647.83521578", "price": "0.71090000", "time": "2025-07-12T14:38:24.825316Z", "fetched_at": "2025-07-12T14:39:35.556853+00:00", "symbol": "ADA-USD"}, {"trade_id": 143219321, "side": "sell", "size": "686.14022465", "price": "0.71090000", "time": "2025-07-12T14:38:24.253695Z", "fetched_at": "2025-07-12T14:39:35.556853+00:00", "symbol": "ADA-USD"}, {"trade_id": 143219320, "side": "sell", "size": "790.34477734", "price": "0.71090000", "time": "2025-07-12T14:38:23.882936Z", "fetched_at": "2025-07-12T14:39:35.556853+00:00", "symbol": "ADA-USD"}, {"trade_id": 143219319, "side": "sell", "size": "11.89389769", "price": "0.71090000", "time": "2025-07-12T14:38:23.882936Z", "fetched_at": "2025-07-12T14:39:35.556853+00:00", "symbol": "ADA-USD"}, {"trade_id": 143219318, "side": "sell", "size": "0.04984760", "price": "0.71080000", "time": "2025-07-12T14:38:23.500909Z", "fetched_at": "2025-07-12T14:39:35.556853+00:00", "symbol": "ADA-USD"}, {"trade_id": 143219317, "side": "sell", "size": "6.95127100", "price": "0.71080000", "time": "2025-07-12T14:38:22.969166Z", "fetched_at": "2025-07-12T14:39:35.556853+00:00", "symbol": "ADA-USD"}, {"trade_id": 143219316, "side": "sell", "size": "650.19572512", "price": "0.71090000", "time": "2025-07-12T14:38:22.391676Z", "fetched_at": "2025-07-12T14:39:35.556853+00:00", "symbol": "ADA-USD"}, {"trade_id": 143219315, "side": "sell", "size": "0.00020400", "price": "0.71090000", "time": "2025-07-12T14:38:22.376097Z", "fetched_at": "2025-07-12T14:39:35.556853+00:00", "symbol": "ADA-USD"}, {"trade_id": 143219314, "side": "buy", "size": "1.60000000", "price": "0.71080000", "time": "2025-07-12T14:38:21.464782Z", "fetched_at": "2025-07-12T14:39:35.556853+00:00", "symbol": "ADA-USD"}, {"trade_id": 143219313, "side": "buy", "size": "0.00000002", "price": "0.71080000", "time": "2025-07-12T14:38:21.464782Z", "fetched_at": "2025-07-12T14:39:35.556853+00:00", "symbol": "ADA-USD"}, {"trade_id": 143219312, "side": "sell", "size": "69.93006000", "price": "0.71090000", "time": "2025-07-12T14:38:20.917333Z", "fetched_at": "2025-07-12T14:39:35.556853+00:00", "symbol": "ADA-USD"}, {"trade_id": 143219311, "side": "sell", "size": "172.62546200", "price": "0.71100000", "time": "2025-07-12T14:38:20.837581Z", "fetched_at": "2025-07-12T14:39:35.556853+00:00", "symbol": "ADA-USD"}, {"trade_id": 143219310, "side": "sell", "size": "652.67453800", "price": "0.71100000", "time": "2025-07-12T14:38:20.837581Z", "fetched_at": "2025-07-12T14:39:35.556853+00:00", "symbol": "ADA-USD"}, {"trade_id": 143219309, "side": "sell", "size": "116.12097000", "price": "0.71090000", "time": "2025-07-12T14:38:19.125823Z", "fetched_at": "2025-07-12T14:39:35.556853+00:00", "symbol": "ADA-USD"}, {"trade_id": 143219308, "side": "buy", "size": "351.00000000", "price": "0.71090000", "time": "2025-07-12T14:38:19.117496Z", "fetched_at": "2025-07-12T14:39:35.556853+00:00", "symbol": "ADA-USD"}, {"trade_id": 143219307, "side": "buy", "size": "1.60000000", "price": "0.71090000", "time": "2025-07-12T14:38:19.117496Z", "fetched_at": "2025-07-12T14:39:35.556853+00:00", "symbol": "ADA-USD"}, {"trade_id": 143219306, "side": "buy", "size": "0.00100718", "price": "0.71090000", "time": "2025-07-12T14:38:19.117496Z", "fetched_at": "2025-07-12T14:39:35.556853+00:00", "symbol": "ADA-USD"}, {"trade_id": 143219305, "side": "buy", "size": "500.00000000", "price": "0.71100000", "time": "2025-07-12T14:38:19.117422Z", "fetched_at": "2025-07-12T14:39:35.556853+00:00", "symbol": "ADA-USD"}, {"trade_id": 143219304, "side": "sell", "size": "213.25469159", "price": "0.71110000", "time": "2025-07-12T14:38:18.760190Z", "fetched_at": "2025-07-12T14:39:35.556853+00:00", "symbol": "ADA-USD"}, {"trade_id": 143219303, "side": "sell", "size": "50.00000000", "price": "0.71110000", "time": "2025-07-12T14:38:18.760190Z", "fetched_at": "2025-07-12T14:39:35.556853+00:00", "symbol": "ADA-USD"}, {"trade_id": 143219302, "side": "sell", "size": "736.74530841", "price": "0.71110000", "time": "2025-07-12T14:38:18.760190Z", "fetched_at": "2025-07-12T14:39:35.556853+00:00", "symbol": "ADA-USD"}, {"trade_id": 143219301, "side": "sell", "size": "6.60278000", "price": "0.71110000", "time": "2025-07-12T14:38:18.698487Z", "fetched_at": "2025-07-12T14:39:35.556853+00:00", "symbol": "ADA-USD"}, {"trade_id": 143219300, "side": "sell", "size": "0.04979856", "price": "0.71110000", "time": "2025-07-12T14:38:18.696844Z", "fetched_at": "2025-07-12T14:39:35.556853+00:00", "symbol": "ADA-USD"}, {"trade_id": 143219299, "side": "buy", "size": "225.23032810", "price": "0.71100000", "time": "2025-07-12T14:38:18.437068Z", "fetched_at": "2025-07-12T14:39:35.556853+00:00", "symbol": "ADA-USD"}, {"trade_id": 143219298, "side": "buy", "size": "69.93006000", "price": "0.71100000", "time": "2025-07-12T14:38:18.437046Z", "fetched_at": "2025-07-12T14:39:35.556853+00:00", "symbol": "ADA-USD"}, {"trade_id": 143219297, "side": "buy", "size": "55.83961190", "price": "0.71100000", "time": "2025-07-12T14:38:18.436958Z", "fetched_at": "2025-07-12T14:39:35.556853+00:00", "symbol": "ADA-USD"}, {"trade_id": 143219296, "side": "buy", "size": "1.60000000", "price": "0.71100000", "time": "2025-07-12T14:38:18.436958Z", "fetched_at": "2025-07-12T14:39:35.556853+00:00", "symbol": "ADA-USD"}, {"trade_id": 143219295, "side": "buy", "size": "1.57860102", "price": "0.71100000", "time": "2025-07-12T14:38:18.436958Z", "fetched_at": "2025-07-12T14:39:35.556853+00:00", "symbol": "ADA-USD"}, {"trade_id": 143219294, "side": "buy", "size": "0.00003274", "price": "0.71100000", "time": "2025-07-12T14:38:18.436958Z", "fetched_at": "2025-07-12T14:39:35.556853+00:00", "symbol": "ADA-USD"}, {"trade_id": 143219293, "side": "buy", "size": "10.91181434", "price": "0.71100000", "time": "2025-07-12T14:38:18.436958Z", "fetched_at": "2025-07-12T14:39:35.556853+00:00", "symbol": "ADA-USD"}, {"trade_id": 143219292, "side": "buy", "size": "703.13436160", "price": "0.71110000", "time": "2025-07-12T14:38:18.436819Z", "fetched_at": "2025-07-12T14:39:35.556853+00:00", "symbol": "ADA-USD"}, {"trade_id": 143219291, "side": "buy", "size": "274.31079413", "price": "0.71110000", "time": "2025-07-12T14:38:18.436819Z", "fetched_at": "2025-07-12T14:39:35.556853+00:00", "symbol": "ADA-USD"}, {"trade_id": 143219290, "side": "buy", "size": "351.00000000", "price": "0.71110000", "time": "2025-07-12T14:38:18.436819Z", "fetched_at": "2025-07-12T14:39:35.556853+00:00", "symbol": "ADA-USD"}, {"trade_id": 143219289, "side": "buy", "size": "1.60000000", "price": "0.71110000", "time": "2025-07-12T14:38:18.436819Z", "fetched_at": "2025-07-12T14:39:35.556853+00:00", "symbol": "ADA-USD"}, {"trade_id": 143219288, "side": "buy", "size": "1.60000000", "price": "0.71120000", "time": "2025-07-12T14:38:18.436682Z", "fetched_at": "2025-07-12T14:39:35.556853+00:00", "symbol": "ADA-USD"}, {"trade_id": 143219287, "side": "buy", "size": "0.00000018", "price": "0.71120000", "time": "2025-07-12T14:38:18.436682Z", "fetched_at": "2025-07-12T14:39:35.556853+00:00", "symbol": "ADA-USD"}, {"trade_id": 143219286, "side": "buy", "size": "0.00007895", "price": "0.71120000", "time": "2025-07-12T14:38:18.436682Z", "fetched_at": "2025-07-12T14:39:35.556853+00:00", "symbol": "ADA-USD"}, {"trade_id": 143219285, "side": "buy", "size": "33.74578177", "price": "0.71120000", "time": "2025-07-12T14:38:18.436682Z", "fetched_at": "2025-07-12T14:39:35.556853+00:00", "symbol": "ADA-USD"}, {"trade_id": 143219284, "side": "buy", "size": "712.21499999", "price": "0.71130000", "time": "2025-07-12T14:38:18.105795Z", "fetched_at": "2025-07-12T14:39:35.556853+00:00", "symbol": "ADA-USD"}, {"trade_id": 143219283, "side": "buy", "size": "824.80000000", "price": "0.71130000", "time": "2025-07-12T14:38:18.105795Z", "fetched_at": "2025-07-12T14:39:35.556853+00:00", "symbol": "ADA-USD"}, {"trade_id": 143219282, "side": "buy", "size": "1.60000000", "price": "0.71130000", "time": "2025-07-12T14:38:18.105795Z", "fetched_at": "2025-07-12T14:39:35.556853+00:00", "symbol": "ADA-USD"}, {"trade_id": 143219281, "side": "buy", "size": "1.60000000", "price": "0.71140000", "time": "2025-07-12T14:38:18.082300Z", "fetched_at": "2025-07-12T14:39:35.556853+00:00", "symbol": "ADA-USD"}, {"trade_id": 143219280, "side": "buy", "size": "0.00000054", "price": "0.71140000", "time": "2025-07-12T14:38:18.082300Z", "fetched_at": "2025-07-12T14:39:35.556853+00:00", "symbol": "ADA-USD"}, {"trade_id": 143219279, "side": "buy", "size": "0.00108120", "price": "0.71140000", "time": "2025-07-12T14:38:18.082300Z", "fetched_at": "2025-07-12T14:39:35.556853+00:00", "symbol": "ADA-USD"}, {"trade_id": 143219278, "side": "buy", "size": "0.00003206", "price": "0.71140000", "time": "2025-07-12T14:38:18.082300Z", "fetched_at": "2025-07-12T14:39:35.556853+00:00", "symbol": "ADA-USD"}, {"trade_id": 143219277, "side": "buy", "size": "29.91002710", "price": "0.71150000", "time": "2025-07-12T14:38:17.282449Z", "fetched_at": "2025-07-12T14:39:35.556853+00:00", "symbol": "ADA-USD"}, {"trade_id": 143219276, "side": "buy", "size": "189.26288737", "price": "0.71150000", "time": "2025-07-12T14:38:17.275575Z", "fetched_at": "2025-07-12T14:39:35.556853+00:00", "symbol": "ADA-USD"}, {"trade_id": 143219275, "side": "buy", "size": "1.60000000", "price": "0.71150000", "time": "2025-07-12T14:38:17.275575Z", "fetched_at": "2025-07-12T14:39:35.556853+00:00", "symbol": "ADA-USD"}, {"trade_id": 143219274, "side": "buy", "size": "0.00000007", "price": "0.71150000", "time": "2025-07-12T14:38:17.275575Z", "fetched_at": "2025-07-12T14:39:35.556853+00:00", "symbol": "ADA-USD"}, {"trade_id": 143219273, "side": "buy", "size": "0.00063801", "price": "0.71150000", "time": "2025-07-12T14:38:17.275575Z", "fetched_at": "2025-07-12T14:39:35.556853+00:00", "symbol": "ADA-USD"}, {"trade_id": 143219272, "side": "buy", "size": "0.00587455", "price": "0.71150000", "time": "2025-07-12T14:38:17.275575Z", "fetched_at": "2025-07-12T14:39:35.556853+00:00", "symbol": "ADA-USD"}, {"trade_id": 143219271, "side": "buy", "size": "1.60000000", "price": "0.71160000", "time": "2025-07-12T14:38:17.227760Z", "fetched_at": "2025-07-12T14:39:35.556853+00:00", "symbol": "ADA-USD"}, {"trade_id": 143219270, "side": "buy", "size": "0.00004794", "price": "0.71160000", "time": "2025-07-12T14:38:17.227760Z", "fetched_at": "2025-07-12T14:39:35.556853+00:00", "symbol": "ADA-USD"}, {"trade_id": 143219269, "side": "buy", "size": "0.00000575", "price": "0.71160000", "time": "2025-07-12T14:38:17.227760Z", "fetched_at": "2025-07-12T14:39:35.556853+00:00", "symbol": "ADA-USD"}, {"trade_id": 143219268, "side": "buy", "size": "2.99896437", "price": "0.71160000", "time": "2025-07-12T14:38:17.227760Z", "fetched_at": "2025-07-12T14:39:35.556853+00:00", "symbol": "ADA-USD"}, {"trade_id": 143219267, "side": "buy", "size": "138.50148000", "price": "0.71160000", "time": "2025-07-12T14:38:17.220255Z", "fetched_at": "2025-07-12T14:39:35.556853+00:00", "symbol": "ADA-USD"}, {"trade_id": 143219266, "side": "buy", "size": "413.86774000", "price": "0.71160000", "time": "2025-07-12T14:38:16.746166Z", "fetched_at": "2025-07-12T14:39:35.556853+00:00", "symbol": "ADA-USD"}, {"trade_id": 143219265, "side": "sell", "size": "174.18146000", "price": "0.71170000", "time": "2025-07-12T14:38:16.608942Z", "fetched_at": "2025-07-12T14:39:35.556853+00:00", "symbol": "ADA-USD"}, {"trade_id": 143219264, "side": "sell", "size": "175.93094000", "price": "0.71170000", "time": "2025-07-12T14:38:16.608942Z", "fetched_at": "2025-07-12T14:39:35.556853+00:00", "symbol": "ADA-USD"}, {"trade_id": 143219263, "side": "buy", "size": "6000.00000000", "price": "0.71170000", "time": "2025-07-12T14:38:16.602109Z", "fetched_at": "2025-07-12T14:39:35.556853+00:00", "symbol": "ADA-USD"}, {"trade_id": 143219262, "side": "buy", "size": "1.60000000", "price": "0.71170000", "time": "2025-07-12T14:38:16.602109Z", "fetched_at": "2025-07-12T14:39:35.556853+00:00", "symbol": "ADA-USD"}, {"trade_id": 143219261, "side": "buy", "size": "0.00056829", "price": "0.71170000", "time": "2025-07-12T14:38:16.602109Z", "fetched_at": "2025-07-12T14:39:35.556853+00:00", "symbol": "ADA-USD"}, {"trade_id": 143219260, "side": "buy", "size": "407.84051055", "price": "0.71180000", "time": "2025-07-12T14:38:16.127599Z", "fetched_at": "2025-07-12T14:39:35.556853+00:00", "symbol": "ADA-USD"}, {"trade_id": 143219259, "side": "buy", "size": "1.60000000", "price": "0.71180000", "time": "2025-07-12T14:38:16.127599Z", "fetched_at": "2025-07-12T14:39:35.556853+00:00", "symbol": "ADA-USD"}, {"trade_id": 143219258, "side": "buy", "size": "113.28527800", "price": "0.71180000", "time": "2025-07-12T14:38:16.127599Z", "fetched_at": "2025-07-12T14:39:35.556853+00:00", "symbol": "ADA-USD"}, {"trade_id": 143219257, "side": "buy", "size": "0.00477742", "price": "0.71180000", "time": "2025-07-12T14:38:16.127599Z", "fetched_at": "2025-07-12T14:39:35.556853+00:00", "symbol": "ADA-USD"}, {"trade_id": 143219256, "side": "buy", "size": "112.71798500", "price": "0.71180000", "time": "2025-07-12T14:38:16.127599Z", "fetched_at": "2025-07-12T14:39:35.556853+00:00", "symbol": "ADA-USD"}, {"trade_id": 143219255, "side": "buy", "size": "113.00163100", "price": "0.71180000", "time": "2025-07-12T14:38:16.127599Z", "fetched_at": "2025-07-12T14:39:35.556853+00:00", "symbol": "ADA-USD"}, {"trade_id": 143219254, "side": "buy", "size": "500.00000000", "price": "0.71190000", "time": "2025-07-12T14:38:16.124813Z", "fetched_at": "2025-07-12T14:39:35.556853+00:00", "symbol": "ADA-USD"}, {"trade_id": 143219253, "side": "sell", "size": "681.87242576", "price": "0.71200000", "time": "2025-07-12T14:38:15.940972Z", "fetched_at": "2025-07-12T14:39:35.556853+00:00", "symbol": "ADA-USD"}, {"trade_id": 143219252, "side": "sell", "size": "796.68496209", "price": "0.71200000", "time": "2025-07-12T14:38:15.774197Z", "fetched_at": "2025-07-12T14:39:35.556853+00:00", "symbol": "ADA-USD"}, {"trade_id": 143219251, "side": "sell", "size": "13.55307500", "price": "0.71200000", "time": "2025-07-12T14:38:14.971299Z", "fetched_at": "2025-07-12T14:39:35.556853+00:00", "symbol": "ADA-USD"}, {"trade_id": 143219250, "side": "buy", "size": "0.42122999", "price": "0.71200000", "time": "2025-07-12T14:38:14.499821Z", "fetched_at": "2025-07-12T14:39:35.556853+00:00", "symbol": "ADA-USD"}, {"trade_id": 143219249, "side": "sell", "size": "10.64038200", "price": "0.71210000", "time": "2025-07-12T14:38:13.638752Z", "fetched_at": "2025-07-12T14:39:35.556853+00:00", "symbol": "ADA-USD"}, {"trade_id": 143219248, "side": "buy", "size": "0.00000499", "price": "0.71190000", "time": "2025-07-12T14:38:12.364927Z", "fetched_at": "2025-07-12T14:39:35.556853+00:00", "symbol": "ADA-USD"}, {"trade_id": 143219247, "side": "buy", "size": "700.21121691", "price": "0.71190000", "time": "2025-07-12T14:38:12.364784Z", "fetched_at": "2025-07-12T14:39:35.556853+00:00", "symbol": "ADA-USD"}, {"trade_id": 143219246, "side": "buy", "size": "1.60000000", "price": "0.71190000", "time": "2025-07-12T14:38:12.364784Z", "fetched_at": "2025-07-12T14:39:35.556853+00:00", "symbol": "ADA-USD"}, {"trade_id": 143219245, "side": "buy", "size": "0.00000013", "price": "0.71190000", "time": "2025-07-12T14:38:12.364784Z", "fetched_at": "2025-07-12T14:39:35.556853+00:00", "symbol": "ADA-USD"}, {"trade_id": 143219244, "side": "buy", "size": "0.00006296", "price": "0.71190000", "time": "2025-07-12T14:38:12.364784Z", "fetched_at": "2025-07-12T14:39:35.556853+00:00", "symbol": "ADA-USD"}, {"trade_id": 143219243, "side": "sell", "size": "1471.58217979", "price": "0.71240000", "time": "2025-07-12T14:38:06.663809Z", "fetched_at": "2025-07-12T14:39:35.556853+00:00", "symbol": "ADA-USD"}, {"trade_id": 143219242, "side": "sell", "size": "261.05442914", "price": "0.71240000", "time": "2025-07-12T14:38:06.655145Z", "fetched_at": "2025-07-12T14:39:35.556853+00:00", "symbol": "ADA-USD"}, {"trade_id": 143219241, "side": "sell", "size": "1020.33782021", "price": "0.71240000", "time": "2025-07-12T14:38:06.655126Z", "fetched_at": "2025-07-12T14:39:35.556853+00:00", "symbol": "ADA-USD"}, {"trade_id": 143219240, "side": "sell", "size": "339.24165604", "price": "0.71240000", "time": "2025-07-12T14:38:06.653312Z", "fetched_at": "2025-07-12T14:39:35.556853+00:00", "symbol": "ADA-USD"}, {"trade_id": 143219239, "side": "sell", "size": "801.00260304", "price": "0.71240000", "time": "2025-07-12T14:38:06.653312Z", "fetched_at": "2025-07-12T14:39:35.556853+00:00", "symbol": "ADA-USD"}, {"trade_id": 143219238, "side": "sell", "size": "378.90618526", "price": "0.71240000", "time": "2025-07-12T14:38:06.653312Z", "fetched_at": "2025-07-12T14:39:35.556853+00:00", "symbol": "ADA-USD"}, {"trade_id": 143219237, "side": "sell", "size": "337.24694475", "price": "0.71240000", "time": "2025-07-12T14:38:06.653312Z", "fetched_at": "2025-07-12T14:39:35.556853+00:00", "symbol": "ADA-USD"}, {"trade_id": 143219236, "side": "sell", "size": "255.90037531", "price": "0.71240000", "time": "2025-07-12T14:38:06.653312Z", "fetched_at": "2025-07-12T14:39:35.556853+00:00", "symbol": "ADA-USD"}, {"trade_id": 143219235, "side": "sell", "size": "396.77416269", "price": "0.71240000", "time": "2025-07-12T14:38:06.653272Z", "fetched_at": "2025-07-12T14:39:35.556853+00:00", "symbol": "ADA-USD"}, {"trade_id": 143219234, "side": "sell", "size": "1.60000000", "price": "0.71240000", "time": "2025-07-12T14:38:06.653272Z", "fetched_at": "2025-07-12T14:39:35.556853+00:00", "symbol": "ADA-USD"}, {"trade_id": 143219233, "side": "sell", "size": "805.07038313", "price": "0.71220000", "time": "2025-07-12T14:38:06.474129Z", "fetched_at": "2025-07-12T14:39:35.556853+00:00", "symbol": "ADA-USD"}, {"trade_id": 143219232, "side": "sell", "size": "277.73881300", "price": "0.71220000", "time": "2025-07-12T14:38:06.170199Z", "fetched_at": "2025-07-12T14:39:35.556853+00:00", "symbol": "ADA-USD"}, {"trade_id": 143219231, "side": "sell", "size": "52.58173441", "price": "0.71220000", "time": "2025-07-12T14:38:06.063440Z", "fetched_at": "2025-07-12T14:39:35.556853+00:00", "symbol": "ADA-USD"}, {"trade_id": 143219230, "side": "sell", "size": "266.64539636", "price": "0.71220000", "time": "2025-07-12T14:38:06.044553Z", "fetched_at": "2025-07-12T14:39:35.556853+00:00", "symbol": "ADA-USD"}, {"trade_id": 143219229, "side": "sell", "size": "54.04649019", "price": "0.71220000", "time": "2025-07-12T14:38:06.025419Z", "fetched_at": "2025-07-12T14:39:35.556853+00:00", "symbol": "ADA-USD"}, {"trade_id": 143219228, "side": "sell", "size": "259.86375045", "price": "0.71220000", "time": "2025-07-12T14:38:06.008654Z", "fetched_at": "2025-07-12T14:39:35.556853+00:00", "symbol": "ADA-USD"}, {"trade_id": 143219227, "side": "sell", "size": "136.00083169", "price": "0.71220000", "time": "2025-07-12T14:38:05.996642Z", "fetched_at": "2025-07-12T14:39:35.556853+00:00", "symbol": "ADA-USD"}, {"trade_id": 143219226, "side": "sell", "size": "96.95257801", "price": "0.71220000", "time": "2025-07-12T14:38:05.986755Z", "fetched_at": "2025-07-12T14:39:35.556853+00:00", "symbol": "ADA-USD"}, {"trade_id": 143219225, "side": "sell", "size": "340.20723766", "price": "0.71220000", "time": "2025-07-12T14:38:05.972795Z", "fetched_at": "2025-07-12T14:39:35.556853+00:00", "symbol": "ADA-USD"}, {"trade_id": 143219224, "side": "sell", "size": "443.46533142", "price": "0.71220000", "time": "2025-07-12T14:38:05.972795Z", "fetched_at": "2025-07-12T14:39:35.556853+00:00", "symbol": "ADA-USD"}, {"trade_id": 143219223, "side": "sell", "size": "308.46968024", "price": "0.71220000", "time": "2025-07-12T14:38:04.843239Z", "fetched_at": "2025-07-12T14:39:35.556853+00:00", "symbol": "ADA-USD"}, {"trade_id": 143219222, "side": "sell", "size": "1384.57630750", "price": "0.71200000", "time": "2025-07-12T14:38:04.843239Z", "fetched_at": "2025-07-12T14:39:35.556853+00:00", "symbol": "ADA-USD"}, {"trade_id": 143219221, "side": "sell", "size": "3191.94568435", "price": "0.71200000", "time": "2025-07-12T14:38:04.843239Z", "fetched_at": "2025-07-12T14:39:35.556853+00:00", "symbol": "ADA-USD"}, {"trade_id": 143219220, "side": "sell", "size": "318.11883412", "price": "0.71200000", "time": "2025-07-12T14:38:04.841096Z", "fetched_at": "2025-07-12T14:39:35.556853+00:00", "symbol": "ADA-USD"}, {"trade_id": 143219219, "side": "sell", "size": "257.68081159", "price": "0.71200000", "time": "2025-07-12T14:38:04.827765Z", "fetched_at": "2025-07-12T14:39:35.556853+00:00", "symbol": "ADA-USD"}, {"trade_id": 143219218, "side": "sell", "size": "81.83448881", "price": "0.71200000", "time": "2025-07-12T14:38:04.806148Z", "fetched_at": "2025-07-12T14:39:35.556853+00:00", "symbol": "ADA-USD"}, {"trade_id": 143219217, "side": "sell", "size": "72.12769479", "price": "0.71200000", "time": "2025-07-12T14:38:04.794395Z", "fetched_at": "2025-07-12T14:39:35.556853+00:00", "symbol": "ADA-USD"}, {"trade_id": 143219216, "side": "sell", "size": "234.01671370", "price": "0.71200000", "time": "2025-07-12T14:38:04.784304Z", "fetched_at": "2025-07-12T14:39:35.556853+00:00", "symbol": "ADA-USD"}, {"trade_id": 143219215, "side": "sell", "size": "129.29396016", "price": "0.71200000", "time": "2025-07-12T14:38:04.752108Z", "fetched_at": "2025-07-12T14:39:35.556853+00:00", "symbol": "ADA-USD"}, {"trade_id": 143219214, "side": "sell", "size": "118.52224324", "price": "0.71200000", "time": "2025-07-12T14:38:04.733662Z", "fetched_at": "2025-07-12T14:39:35.556853+00:00", "symbol": "ADA-USD"}, {"trade_id": 143219213, "side": "sell", "size": "99.93760299", "price": "0.71200000", "time": "2025-07-12T14:38:04.716734Z", "fetched_at": "2025-07-12T14:39:35.556853+00:00", "symbol": "ADA-USD"}, {"trade_id": 143219212, "side": "sell", "size": "507.47417614", "price": "0.71200000", "time": "2025-07-12T14:38:04.702552Z", "fetched_at": "2025-07-12T14:39:35.556853+00:00", "symbol": "ADA-USD"}, {"trade_id": 143219211, "side": "sell", "size": "256.76565920", "price": "0.71200000", "time": "2025-07-12T14:38:04.653283Z", "fetched_at": "2025-07-12T14:39:35.556853+00:00", "symbol": "ADA-USD"}, {"trade_id": 143219210, "side": "sell", "size": "70.25153179", "price": "0.71200000", "time": "2025-07-12T14:38:04.632818Z", "fetched_at": "2025-07-12T14:39:35.556853+00:00", "symbol": "ADA-USD"}, {"trade_id": 143219209, "side": "sell", "size": "290.92419480", "price": "0.71200000", "time": "2025-07-12T14:38:04.623136Z", "fetched_at": "2025-07-12T14:39:35.556853+00:00", "symbol": "ADA-USD"}, {"trade_id": 143219208, "side": "sell", "size": "1003.06266916", "price": "0.71200000", "time": "2025-07-12T14:38:04.340019Z", "fetched_at": "2025-07-12T14:39:35.556853+00:00", "symbol": "ADA-USD"}, {"trade_id": 143219207, "side": "sell", "size": "7013.46990318", "price": "0.71200000", "time": "2025-07-12T14:38:04.167943Z", "fetched_at": "2025-07-12T14:39:35.556853+00:00", "symbol": "ADA-USD"}, {"trade_id": 143219206, "side": "sell", "size": "3159.00000000", "price": "0.71200000", "time": "2025-07-12T14:38:03.743527Z", "fetched_at": "2025-07-12T14:39:35.556853+00:00", "symbol": "ADA-USD"}, {"trade_id": 143219205, "side": "sell", "size": "1053.00000000", "price": "0.71200000", "time": "2025-07-12T14:38:03.743381Z", "fetched_at": "2025-07-12T14:39:35.556853+00:00", "symbol": "ADA-USD"}, {"trade_id": 143219204, "side": "sell", "size": "51.00306000", "price": "0.71200000", "time": "2025-07-12T14:38:03.743170Z", "fetched_at": "2025-07-12T14:39:35.556853+00:00", "symbol": "ADA-USD"}, {"trade_id": 143219203, "side": "sell", "size": "475.97144964", "price": "0.71200000", "time": "2025-07-12T14:38:03.740281Z", "fetched_at": "2025-07-12T14:39:35.556853+00:00", "symbol": "ADA-USD"}, {"trade_id": 143219202, "side": "sell", "size": "1051.18891043", "price": "0.71200000", "time": "2025-07-12T14:38:03.740235Z", "fetched_at": "2025-07-12T14:39:35.556853+00:00", "symbol": "ADA-USD"}, {"trade_id": 143219201, "side": "sell", "size": "943.68095368", "price": "0.71200000", "time": "2025-07-12T14:38:03.739907Z", "fetched_at": "2025-07-12T14:39:35.556853+00:00", "symbol": "ADA-USD"}, {"trade_id": 143219200, "side": "sell", "size": "11961.13802473", "price": "0.71200000", "time": "2025-07-12T14:38:03.739882Z", "fetched_at": "2025-07-12T14:39:35.556853+00:00", "symbol": "ADA-USD"}, {"trade_id": 143219199, "side": "sell", "size": "11931.79318512", "price": "0.71200000", "time": "2025-07-12T14:38:03.739584Z", "fetched_at": "2025-07-12T14:39:35.556853+00:00", "symbol": "ADA-USD"}, {"trade_id": 143219198, "side": "sell", "size": "69.93006000", "price": "0.71200000", "time": "2025-07-12T14:38:03.737940Z", "fetched_at": "2025-07-12T14:39:35.556853+00:00", "symbol": "ADA-USD"}, {"trade_id": 143219197, "side": "sell", "size": "1053.00000000", "price": "0.71200000", "time": "2025-07-12T14:38:03.727135Z", "fetched_at": "2025-07-12T14:39:35.556853+00:00", "symbol": "ADA-USD"}, {"trade_id": 143219196, "side": "sell", "size": "51.00306000", "price": "0.71200000", "time": "2025-07-12T14:38:03.727097Z", "fetched_at": "2025-07-12T14:39:35.556853+00:00", "symbol": "ADA-USD"}, {"trade_id": 143219195, "side": "sell", "size": "504.70301854", "price": "0.71200000", "time": "2025-07-12T14:38:03.723688Z", "fetched_at": "2025-07-12T14:39:35.556853+00:00", "symbol": "ADA-USD"}, {"trade_id": 143219194, "side": "sell", "size": "1053.00000000", "price": "0.71200000", "time": "2025-07-12T14:38:03.723505Z", "fetched_at": "2025-07-12T14:39:35.556853+00:00", "symbol": "ADA-USD"}, {"trade_id": 143219193, "side": "sell", "size": "9000.00000000", "price": "0.71200000", "time": "2025-07-12T14:38:03.719830Z", "fetched_at": "2025-07-12T14:39:35.556853+00:00", "symbol": "ADA-USD"}, {"trade_id": 143219192, "side": "sell", "size": "1053.00000000", "price": "0.71200000", "time": "2025-07-12T14:38:03.695642Z", "fetched_at": "2025-07-12T14:39:35.556853+00:00", "symbol": "ADA-USD"}, {"trade_id": 143219191, "side": "sell", "size": "649.35250634", "price": "0.71200000", "time": "2025-07-12T14:38:03.690583Z", "fetched_at": "2025-07-12T14:39:35.556853+00:00", "symbol": "ADA-USD"}, {"trade_id": 143219190, "side": "sell", "size": "1053.00000000", "price": "0.71200000", "time": "2025-07-12T14:38:03.690111Z", "fetched_at": "2025-07-12T14:39:35.556853+00:00", "symbol": "ADA-USD"}, {"trade_id": 143219189, "side": "sell", "size": "9000.00000000", "price": "0.71200000", "time": "2025-07-12T14:38:03.686528Z", "fetched_at": "2025-07-12T14:39:35.556853+00:00", "symbol": "ADA-USD"}, {"trade_id": 143219188, "side": "sell", "size": "191.04721000", "price": "0.71200000", "time": "2025-07-12T14:38:03.664037Z", "fetched_at": "2025-07-12T14:39:35.556853+00:00", "symbol": "ADA-USD"}, {"trade_id": 143219187, "side": "sell", "size": "777.17986918", "price": "0.71200000", "time": "2025-07-12T14:38:03.658596Z", "fetched_at": "2025-07-12T14:39:35.556853+00:00", "symbol": "ADA-USD"}, {"trade_id": 143219186, "side": "sell", "size": "51.00306000", "price": "0.71200000", "time": "2025-07-12T14:38:03.658177Z", "fetched_at": "2025-07-12T14:39:35.556853+00:00", "symbol": "ADA-USD"}, {"trade_id": 143219185, "side": "sell", "size": "201.98194000", "price": "0.71200000", "time": "2025-07-12T14:38:03.658042Z", "fetched_at": "2025-07-12T14:39:35.556853+00:00", "symbol": "ADA-USD"}, {"trade_id": 143219184, "side": "sell", "size": "9000.00000000", "price": "0.71200000", "time": "2025-07-12T14:38:03.654863Z", "fetched_at": "2025-07-12T14:39:35.556853+00:00", "symbol": "ADA-USD"}, {"trade_id": 143219183, "side": "sell", "size": "9000.00000000", "price": "0.71200000", "time": "2025-07-12T14:38:03.623843Z", "fetched_at": "2025-07-12T14:39:35.556853+00:00", "symbol": "ADA-USD"}, {"trade_id": 143219182, "side": "sell", "size": "634.54129192", "price": "0.71200000", "time": "2025-07-12T14:38:03.622195Z", "fetched_at": "2025-07-12T14:39:35.556853+00:00", "symbol": "ADA-USD"}, {"trade_id": 143219181, "side": "sell", "size": "1053.00000000", "price": "0.71200000", "time": "2025-07-12T14:38:03.619573Z", "fetched_at": "2025-07-12T14:39:35.556853+00:00", "symbol": "ADA-USD"}, {"trade_id": 143219180, "side": "sell", "size": "2106.00000000", "price": "0.71200000", "time": "2025-07-12T14:38:03.618981Z", "fetched_at": "2025-07-12T14:39:35.556853+00:00", "symbol": "ADA-USD"}, {"trade_id": 143219179, "side": "sell", "size": "3159.00000000", "price": "0.71200000", "time": "2025-07-12T14:38:03.618685Z", "fetched_at": "2025-07-12T14:39:35.556853+00:00", "symbol": "ADA-USD"}, {"trade_id": 143219178, "side": "sell", "size": "21.87109563", "price": "0.71200000", "time": "2025-07-12T14:38:03.618361Z", "fetched_at": "2025-07-12T14:39:35.556853+00:00", "symbol": "ADA-USD"}, {"trade_id": 143219177, "side": "sell", "size": "5934.09614368", "price": "0.71200000", "time": "2025-07-12T14:38:03.617733Z", "fetched_at": "2025-07-12T14:39:35.556853+00:00", "symbol": "ADA-USD"}, {"trade_id": 143219176, "side": "sell", "size": "701.34699031", "price": "0.71200000", "time": "2025-07-12T14:38:03.617690Z", "fetched_at": "2025-07-12T14:39:35.556853+00:00", "symbol": "ADA-USD"}, {"trade_id": 143219175, "side": "sell", "size": "1053.00000000", "price": "0.71200000", "time": "2025-07-12T14:38:03.617446Z", "fetched_at": "2025-07-12T14:39:35.556853+00:00", "symbol": "ADA-USD"}, {"trade_id": 143219174, "side": "sell", "size": "1800.43358718", "price": "0.71200000", "time": "2025-07-12T14:38:03.617360Z", "fetched_at": "2025-07-12T14:39:35.556853+00:00", "symbol": "ADA-USD"}, {"trade_id": 143219173, "side": "sell", "size": "7136.53308564", "price": "0.71200000", "time": "2025-07-12T14:38:03.615114Z", "fetched_at": "2025-07-12T14:39:35.556853+00:00", "symbol": "ADA-USD"}, {"trade_id": 143219172, "side": "sell", "size": "8775.00000000", "price": "0.71200000", "time": "2025-07-12T14:38:03.615060Z", "fetched_at": "2025-07-12T14:39:35.556853+00:00", "symbol": "ADA-USD"}, {"trade_id": 143219171, "side": "sell", "size": "24648.27189412", "price": "0.71200000", "time": "2025-07-12T14:38:03.615030Z", "fetched_at": "2025-07-12T14:39:35.556853+00:00", "symbol": "ADA-USD"}, {"trade_id": 143219170, "side": "sell", "size": "1053.00010000", "price": "0.71200000", "time": "2025-07-12T14:38:03.614963Z", "fetched_at": "2025-07-12T14:39:35.556853+00:00", "symbol": "ADA-USD"}, {"trade_id": 143219169, "side": "buy", "size": "344.64902089", "price": "0.71200000", "time": "2025-07-12T14:38:03.608692Z", "fetched_at": "2025-07-12T14:39:35.556853+00:00", "symbol": "ADA-USD"}, {"trade_id": 143219168, "side": "buy", "size": "1969.07752693", "price": "0.71200000", "time": "2025-07-12T14:38:03.608692Z", "fetched_at": "2025-07-12T14:39:35.556853+00:00", "symbol": "ADA-USD"}, {"trade_id": 143219167, "side": "buy", "size": "1645.86476478", "price": "0.71200000", "time": "2025-07-12T14:38:03.608692Z", "fetched_at": "2025-07-12T14:39:35.556853+00:00", "symbol": "ADA-USD"}, {"trade_id": 143219166, "side": "buy", "size": "1937.81499050", "price": "0.71200000", "time": "2025-07-12T14:38:03.608692Z", "fetched_at": "2025-07-12T14:39:35.556853+00:00", "symbol": "ADA-USD"}, {"trade_id": 143219165, "side": "buy", "size": "820.15276962", "price": "0.71200000", "time": "2025-07-12T14:38:03.608692Z", "fetched_at": "2025-07-12T14:39:35.556853+00:00", "symbol": "ADA-USD"}, {"trade_id": 143219164, "side": "buy", "size": "17065.02609909", "price": "0.71200000", "time": "2025-07-12T14:38:03.608692Z", "fetched_at": "2025-07-12T14:39:35.556853+00:00", "symbol": "ADA-USD"}, {"trade_id": 143219163, "side": "buy", "size": "652.67453800", "price": "0.71200000", "time": "2025-07-12T14:38:03.608692Z", "fetched_at": "2025-07-12T14:39:35.556853+00:00", "symbol": "ADA-USD"}, {"trade_id": 143219162, "side": "buy", "size": "1381.40452745", "price": "0.71200000", "time": "2025-07-12T14:38:03.608692Z", "fetched_at": "2025-07-12T14:39:35.556853+00:00", "symbol": "ADA-USD"}, {"trade_id": 143219161, "side": "buy", "size": "1.60000000", "price": "0.71200000", "time": "2025-07-12T14:38:03.608692Z", "fetched_at": "2025-07-12T14:39:35.556853+00:00", "symbol": "ADA-USD"}, {"trade_id": 143219160, "side": "buy", "size": "351.00000000", "price": "0.71200000", "time": "2025-07-12T14:38:03.608692Z", "fetched_at": "2025-07-12T14:39:35.556853+00:00", "symbol": "ADA-USD"}, {"trade_id": 143219159, "side": "buy", "size": "1435.95123000", "price": "0.71200000", "time": "2025-07-12T14:38:03.608692Z", "fetched_at": "2025-07-12T14:39:35.556853+00:00", "symbol": "ADA-USD"}, {"trade_id": 143219158, "side": "buy", "size": "0.00000764", "price": "0.71200000", "time": "2025-07-12T14:38:03.608692Z", "fetched_at": "2025-07-12T14:39:35.556853+00:00", "symbol": "ADA-USD"}, {"trade_id": 143219157, "side": "buy", "size": "500.00000000", "price": "0.71210000", "time": "2025-07-12T14:38:03.608692Z", "fetched_at": "2025-07-12T14:39:35.556853+00:00", "symbol": "ADA-USD"}, {"trade_id": 143219156, "side": "buy", "size": "1167.71460380", "price": "0.71210000", "time": "2025-07-12T14:38:03.608692Z", "fetched_at": "2025-07-12T14:39:35.556853+00:00", "symbol": "ADA-USD"}, {"trade_id": 143219155, "side": "buy", "size": "652.67453800", "price": "0.71210000", "time": "2025-07-12T14:38:03.608692Z", "fetched_at": "2025-07-12T14:39:35.556853+00:00", "symbol": "ADA-USD"}, {"trade_id": 143219154, "side": "buy", "size": "1.60000000", "price": "0.71210000", "time": "2025-07-12T14:38:03.608692Z", "fetched_at": "2025-07-12T14:39:35.556853+00:00", "symbol": "ADA-USD"}, {"trade_id": 143219153, "side": "buy", "size": "351.00000000", "price": "0.71210000", "time": "2025-07-12T14:38:03.608692Z", "fetched_at": "2025-07-12T14:39:35.556853+00:00", "symbol": "ADA-USD"}, {"trade_id": 143219152, "side": "buy", "size": "1435.74950000", "price": "0.71210000", "time": "2025-07-12T14:38:03.608692Z", "fetched_at": "2025-07-12T14:39:35.556853+00:00", "symbol": "ADA-USD"}, {"trade_id": 143219151, "side": "buy", "size": "274.31079413", "price": "0.71210000", "time": "2025-07-12T14:38:03.608692Z", "fetched_at": "2025-07-12T14:39:35.556853+00:00", "symbol": "ADA-USD"}, {"trade_id": 143219150, "side": "buy", "size": "686.54856881", "price": "0.71220000", "time": "2025-07-12T14:38:03.608692Z", "fetched_at": "2025-07-12T14:39:35.556853+00:00", "symbol": "ADA-USD"}, {"trade_id": 143219149, "side": "buy", "size": "280.60889585", "price": "0.71220000", "time": "2025-07-12T14:38:03.608692Z", "fetched_at": "2025-07-12T14:39:35.556853+00:00", "symbol": "ADA-USD"}, {"trade_id": 143219148, "side": "buy", "size": "9000.00000000", "price": "0.71220000", "time": "2025-07-12T14:38:03.608692Z", "fetched_at": "2025-07-12T14:39:35.556853+00:00", "symbol": "ADA-USD"}, {"trade_id": 143219147, "side": "buy", "size": "503.33732123", "price": "0.71220000", "time": "2025-07-12T14:38:03.608692Z", "fetched_at": "2025-07-12T14:39:35.556853+00:00", "symbol": "ADA-USD"}, {"trade_id": 143219146, "side": "buy", "size": "652.67453800", "price": "0.71220000", "time": "2025-07-12T14:38:03.608692Z", "fetched_at": "2025-07-12T14:39:35.556853+00:00", "symbol": "ADA-USD"}, {"trade_id": 143219145, "side": "buy", "size": "351.00000000", "price": "0.71220000", "time": "2025-07-12T14:38:03.608692Z", "fetched_at": "2025-07-12T14:39:35.556853+00:00", "symbol": "ADA-USD"}, {"trade_id": 143219144, "side": "buy", "size": "1.60000000", "price": "0.71220000", "time": "2025-07-12T14:38:03.608692Z", "fetched_at": "2025-07-12T14:39:35.556853+00:00", "symbol": "ADA-USD"}, {"trade_id": 143219143, "side": "buy", "size": "1435.54803000", "price": "0.71220000", "time": "2025-07-12T14:38:03.608692Z", "fetched_at": "2025-07-12T14:39:35.556853+00:00", "symbol": "ADA-USD"}, {"trade_id": 143219142, "side": "buy", "size": "344.64902089", "price": "0.71230000", "time": "2025-07-12T14:38:03.608692Z", "fetched_at": "2025-07-12T14:39:35.556853+00:00", "symbol": "ADA-USD"}, {"trade_id": 143219141, "side": "buy", "size": "2743.10794130", "price": "0.71230000", "time": "2025-07-12T14:38:03.608692Z", "fetched_at": "2025-07-12T14:39:35.556853+00:00", "symbol": "ADA-USD"}, {"trade_id": 143219140, "side": "buy", "size": "744.46818076", "price": "0.71230000", "time": "2025-07-12T14:38:03.608692Z", "fetched_at": "2025-07-12T14:39:35.556853+00:00", "symbol": "ADA-USD"}, {"trade_id": 143219139, "side": "buy", "size": "4210.82181205", "price": "0.71230000", "time": "2025-07-12T14:38:03.608692Z", "fetched_at": "2025-07-12T14:39:35.556853+00:00", "symbol": "ADA-USD"}, {"trade_id": 143219138, "side": "buy", "size": "5335.03355806", "price": "0.71230000", "time": "2025-07-12T14:38:03.608692Z", "fetched_at": "2025-07-12T14:39:35.556853+00:00", "symbol": "ADA-USD"}, {"trade_id": 143219137, "side": "buy", "size": "519.73153555", "price": "0.71230000", "time": "2025-07-12T14:38:03.608692Z", "fetched_at": "2025-07-12T14:39:35.556853+00:00", "symbol": "ADA-USD"}, {"trade_id": 143219136, "side": "buy", "size": "623.57698824", "price": "0.71230000", "time": "2025-07-12T14:38:03.608692Z", "fetched_at": "2025-07-12T14:39:35.556853+00:00", "symbol": "ADA-USD"}, {"trade_id": 143219135, "side": "buy", "size": "148.87707803", "price": "0.71230000", "time": "2025-07-12T14:38:03.608692Z", "fetched_at": "2025-07-12T14:39:35.556853+00:00", "symbol": "ADA-USD"}, {"trade_id": 143219134, "side": "buy", "size": "1.60000000", "price": "0.71230000", "time": "2025-07-12T14:38:03.608692Z", "fetched_at": "2025-07-12T14:39:35.556853+00:00", "symbol": "ADA-USD"}, {"trade_id": 143219133, "side": "buy", "size": "666.05495979", "price": "0.71230000", "time": "2025-07-12T14:38:03.608692Z", "fetched_at": "2025-07-12T14:39:35.556853+00:00", "symbol": "ADA-USD"}, {"trade_id": 143219132, "side": "buy", "size": "1435.24582000", "price": "0.71230000", "time": "2025-07-12T14:38:03.608692Z", "fetched_at": "2025-07-12T14:39:35.556853+00:00", "symbol": "ADA-USD"}, {"trade_id": 143219131, "side": "buy", "size": "274.31079413", "price": "0.71230000", "time": "2025-07-12T14:38:03.608692Z", "fetched_at": "2025-07-12T14:39:35.556853+00:00", "symbol": "ADA-USD"}, {"trade_id": 143219130, "side": "buy", "size": "2762.55540847", "price": "0.71240000", "time": "2025-07-12T14:38:03.608692Z", "fetched_at": "2025-07-12T14:39:35.556853+00:00", "symbol": "ADA-USD"}, {"trade_id": 143219129, "side": "buy", "size": "269.86886423", "price": "0.71240000", "time": "2025-07-12T14:38:03.608692Z", "fetched_at": "2025-07-12T14:39:35.556853+00:00", "symbol": "ADA-USD"}, {"trade_id": 143219128, "side": "buy", "size": "5135.00000000", "price": "0.71240000", "time": "2025-07-12T14:38:03.608692Z", "fetched_at": "2025-07-12T14:39:35.556853+00:00", "symbol": "ADA-USD"}, {"trade_id": 143219127, "side": "buy", "size": "696.99234247", "price": "0.71240000", "time": "2025-07-12T14:38:03.608692Z", "fetched_at": "2025-07-12T14:39:35.556853+00:00", "symbol": "ADA-USD"}, {"trade_id": 143219126, "side": "buy", "size": "1434.84300000", "price": "0.71240000", "time": "2025-07-12T14:38:03.608692Z", "fetched_at": "2025-07-12T14:39:35.556853+00:00", "symbol": "ADA-USD"}, {"trade_id": 143219125, "side": "buy", "size": "666.05495979", "price": "0.71240000", "time": "2025-07-12T14:38:03.608692Z", "fetched_at": "2025-07-12T14:39:35.556853+00:00", "symbol": "ADA-USD"}, {"trade_id": 143219124, "side": "buy", "size": "1.60000000", "price": "0.71240000", "time": "2025-07-12T14:38:03.608692Z", "fetched_at": "2025-07-12T14:39:35.556853+00:00", "symbol": "ADA-USD"}, {"trade_id": 143219123, "side": "buy", "size": "1434.84300000", "price": "0.71250000", "time": "2025-07-12T14:38:03.608692Z", "fetched_at": "2025-07-12T14:39:35.556853+00:00", "symbol": "ADA-USD"}, {"trade_id": 143219122, "side": "buy", "size": "701.72387612", "price": "0.71250000", "time": "2025-07-12T14:38:03.608692Z", "fetched_at": "2025-07-12T14:39:35.556853+00:00", "symbol": "ADA-USD"}, {"trade_id": 143219121, "side": "buy", "size": "274.31079413", "price": "0.71250000", "time": "2025-07-12T14:38:03.608692Z", "fetched_at": "2025-07-12T14:39:35.556853+00:00", "symbol": "ADA-USD"}, {"trade_id": 143219120, "side": "buy", "size": "2445.87636169", "price": "0.71250000", "time": "2025-07-12T14:38:03.608692Z", "fetched_at": "2025-07-12T14:39:35.556853+00:00", "symbol": "ADA-USD"}, {"trade_id": 143219119, "side": "buy", "size": "334.39635728", "price": "0.71250000", "time": "2025-07-12T14:38:03.608692Z", "fetched_at": "2025-07-12T14:39:35.556853+00:00", "symbol": "ADA-USD"}, {"trade_id": 143219118, "side": "buy", "size": "652.67453800", "price": "0.71250000", "time": "2025-07-12T14:38:03.608692Z", "fetched_at": "2025-07-12T14:39:35.556853+00:00", "symbol": "ADA-USD"}, {"trade_id": 143219117, "side": "buy", "size": "1.60000000", "price": "0.71250000", "time": "2025-07-12T14:38:03.608692Z", "fetched_at": "2025-07-12T14:39:35.556853+00:00", "symbol": "ADA-USD"}, {"trade_id": 143219116, "side": "buy", "size": "693.02888014", "price": "0.71260000", "time": "2025-07-12T14:38:03.608692Z", "fetched_at": "2025-07-12T14:39:35.556853+00:00", "symbol": "ADA-USD"}, {"trade_id": 143219115, "side": "buy", "size": "1.60000000", "price": "0.71260000", "time": "2025-07-12T14:38:03.608692Z", "fetched_at": "2025-07-12T14:39:35.556853+00:00", "symbol": "ADA-USD"}, {"trade_id": 143219114, "side": "buy", "size": "500.00000000", "price": "0.71270000", "time": "2025-07-12T14:38:01.333303Z", "fetched_at": "2025-07-12T14:39:35.556853+00:00", "symbol": "ADA-USD"}, {"trade_id": 143219113, "side": "sell", "size": "0.51232900", "price": "0.71290000", "time": "2025-07-12T14:37:58.401952Z", "fetched_at": "2025-07-12T14:39:35.556853+00:00", "symbol": "ADA-USD"}, {"trade_id": 143219112, "side": "sell", "size": "69.00111780", "price": "0.71300000", "time": "2025-07-12T14:37:56.893647Z", "fetched_at": "2025-07-12T14:39:35.556853+00:00", "symbol": "ADA-USD"}, {"trade_id": 143219111, "side": "sell", "size": "881.33193402", "price": "0.71290000", "time": "2025-07-12T14:37:56.886853Z", "fetched_at": "2025-07-12T14:39:35.556853+00:00", "symbol": "ADA-USD"}, {"trade_id": 143219110, "side": "sell", "size": "666.70729535", "price": "0.71300000", "time": "2025-07-12T14:37:56.812100Z", "fetched_at": "2025-07-12T14:39:35.556853+00:00", "symbol": "ADA-USD"}, {"trade_id": 143219109, "side": "sell", "size": "337.84468275", "price": "0.71300000", "time": "2025-07-12T14:37:56.812100Z", "fetched_at": "2025-07-12T14:39:35.556853+00:00", "symbol": "ADA-USD"}, {"trade_id": 143219108, "side": "sell", "size": "1.60000000", "price": "0.71300000", "time": "2025-07-12T14:37:56.812100Z", "fetched_at": "2025-07-12T14:39:35.556853+00:00", "symbol": "ADA-USD"}, {"trade_id": 143219107, "side": "sell", "size": "153.15764603", "price": "0.71270000", "time": "2025-07-12T14:37:56.551187Z", "fetched_at": "2025-07-12T14:39:35.556853+00:00", "symbol": "ADA-USD"}, {"trade_id": 143219106, "side": "sell", "size": "1256.25752395", "price": "0.71270000", "time": "2025-07-12T14:37:56.541106Z", "fetched_at": "2025-07-12T14:39:35.556853+00:00", "symbol": "ADA-USD"}, {"trade_id": 143219105, "side": "sell", "size": "1835.22230000", "price": "0.71270000", "time": "2025-07-12T14:37:56.540188Z", "fetched_at": "2025-07-12T14:39:35.556853+00:00", "symbol": "ADA-USD"}, {"trade_id": 143219104, "side": "sell", "size": "689.80631831", "price": "0.71260000", "time": "2025-07-12T14:37:54.513072Z", "fetched_at": "2025-07-12T14:39:35.556853+00:00", "symbol": "ADA-USD"}, {"trade_id": 143219103, "side": "buy", "size": "1.68290200", "price": "0.71260000", "time": "2025-07-12T14:37:53.132878Z", "fetched_at": "2025-07-12T14:39:35.556853+00:00", "symbol": "ADA-USD"}, {"trade_id": 143219102, "side": "buy", "size": "1.60000000", "price": "0.71260000", "time": "2025-07-12T14:37:53.132878Z", "fetched_at": "2025-07-12T14:39:35.556853+00:00", "symbol": "ADA-USD"}, {"trade_id": 143219101, "side": "buy", "size": "47.32244500", "price": "0.71270000", "time": "2025-07-12T14:37:51.214560Z", "fetched_at": "2025-07-12T14:39:35.556853+00:00", "symbol": "ADA-USD"}, {"trade_id": 143219100, "side": "sell", "size": "63.99289830", "price": "0.71270000", "time": "2025-07-12T14:37:49.120254Z", "fetched_at": "2025-07-12T14:39:35.556853+00:00", "symbol": "ADA-USD"}, {"trade_id": 143219099, "side": "sell", "size": "730.84714061", "price": "0.71270000", "time": "2025-07-12T14:37:49.109565Z", "fetched_at": "2025-07-12T14:39:35.556853+00:00", "symbol": "ADA-USD"}, {"trade_id": 143219098, "side": "buy", "size": "1.60000000", "price": "0.71270000", "time": "2025-07-12T14:37:48.189222Z", "fetched_at": "2025-07-12T14:39:35.556853+00:00", "symbol": "ADA-USD"}, {"trade_id": 143219097, "side": "sell", "size": "69.93006000", "price": "0.71280000", "time": "2025-07-12T14:37:47.897508Z", "fetched_at": "2025-07-12T14:39:35.556853+00:00", "symbol": "ADA-USD"}, {"trade_id": 143219096, "side": "buy", "size": "500.00000000", "price": "0.71280000", "time": "2025-07-12T14:37:47.498813Z", "fetched_at": "2025-07-12T14:39:35.556853+00:00", "symbol": "ADA-USD"}, {"trade_id": 143219095, "side": "buy", "size": "695.07819864", "price": "0.71280000", "time": "2025-07-12T14:37:47.498813Z", "fetched_at": "2025-07-12T14:39:35.556853+00:00", "symbol": "ADA-USD"}, {"trade_id": 143219094, "side": "buy", "size": "1.55903100", "price": "0.71280000", "time": "2025-07-12T14:37:47.498813Z", "fetched_at": "2025-07-12T14:39:35.556853+00:00", "symbol": "ADA-USD"}, {"trade_id": 143219093, "side": "buy", "size": "0.04096900", "price": "0.71280000", "time": "2025-07-12T14:37:44.551326Z", "fetched_at": "2025-07-12T14:39:35.556853+00:00", "symbol": "ADA-USD"}, {"trade_id": 143219092, "side": "sell", "size": "69.93006000", "price": "0.71290000", "time": "2025-07-12T14:37:40.783112Z", "fetched_at": "2025-07-12T14:39:35.556853+00:00", "symbol": "ADA-USD"}, {"trade_id": 143219091, "side": "buy", "size": "274.31079413", "price": "0.71290000", "time": "2025-07-12T14:37:38.967748Z", "fetched_at": "2025-07-12T14:39:35.556853+00:00", "symbol": "ADA-USD"}, {"trade_id": 143219090, "side": "buy", "size": "3813.72119799", "price": "0.71290000", "time": "2025-07-12T14:37:38.967748Z", "fetched_at": "2025-07-12T14:39:35.556853+00:00", "symbol": "ADA-USD"}, {"trade_id": 143219089, "side": "buy", "size": "1328.47880201", "price": "0.71290000", "time": "2025-07-12T14:37:38.959628Z", "fetched_at": "2025-07-12T14:39:35.556853+00:00", "symbol": "ADA-USD"}, {"trade_id": 143219088, "side": "buy", "size": "981.50000000", "price": "0.71290000", "time": "2025-07-12T14:37:38.959628Z", "fetched_at": "2025-07-12T14:39:35.556853+00:00", "symbol": "ADA-USD"}, {"trade_id": 143219087, "side": "buy", "size": "500.00000000", "price": "0.71290000", "time": "2025-07-12T14:37:38.959628Z", "fetched_at": "2025-07-12T14:39:35.556853+00:00", "symbol": "ADA-USD"}, {"trade_id": 143219086, "side": "buy", "size": "6000.00000000", "price": "0.71290000", "time": "2025-07-12T14:37:38.959628Z", "fetched_at": "2025-07-12T14:39:35.556853+00:00", "symbol": "ADA-USD"}, {"trade_id": 143219085, "side": "buy", "size": "274.31079413", "price": "0.71290000", "time": "2025-07-12T14:37:38.959628Z", "fetched_at": "2025-07-12T14:39:35.556853+00:00", "symbol": "ADA-USD"}, {"trade_id": 143219084, "side": "sell", "size": "1127.10000000", "price": "0.71300000", "time": "2025-07-12T14:37:35.866325Z", "fetched_at": "2025-07-12T14:39:35.556853+00:00", "symbol": "ADA-USD"}, {"trade_id": 143219083, "side": "sell", "size": "69.93006000", "price": "0.71300000", "time": "2025-07-12T14:37:35.570581Z", "fetched_at": "2025-07-12T14:39:35.556853+00:00", "symbol": "ADA-USD"}, {"trade_id": 143219082, "side": "sell", "size": "69.93006000", "price": "0.71300000", "time": "2025-07-12T14:37:34.388137Z", "fetched_at": "2025-07-12T14:39:35.556853+00:00", "symbol": "ADA-USD"}, {"trade_id": 143219081, "side": "sell", "size": "406.50000000", "price": "0.71300000", "time": "2025-07-12T14:37:34.387588Z", "fetched_at": "2025-07-12T14:39:35.556853+00:00", "symbol": "ADA-USD"}, {"trade_id": 143219080, "side": "sell", "size": "97.62006665", "price": "0.71290000", "time": "2025-07-12T14:37:32.767472Z", "fetched_at": "2025-07-12T14:39:35.556853+00:00", "symbol": "ADA-USD"}, {"trade_id": 143219079, "side": "sell", "size": "701.15257334", "price": "0.71290000", "time": "2025-07-12T14:37:32.741281Z", "fetched_at": "2025-07-12T14:39:35.556853+00:00", "symbol": "ADA-USD"}, {"trade_id": 143219078, "side": "sell", "size": "222.80727731", "price": "0.71290000", "time": "2025-07-12T14:37:31.633881Z", "fetched_at": "2025-07-12T14:39:35.556853+00:00", "symbol": "ADA-USD"}, {"trade_id": 143219077, "side": "sell", "size": "512.00000000", "price": "0.71290000", "time": "2025-07-12T14:37:31.628313Z", "fetched_at": "2025-07-12T14:39:35.556853+00:00", "symbol": "ADA-USD"}, {"trade_id": 143219076, "side": "sell", "size": "69.93006000", "price": "0.71290000", "time": "2025-07-12T14:37:28.997746Z", "fetched_at": "2025-07-12T14:39:35.556853+00:00", "symbol": "ADA-USD"}, {"trade_id": 143219075, "side": "buy", "size": "361.39097000", "price": "0.71290000", "time": "2025-07-12T14:37:28.988570Z", "fetched_at": "2025-07-12T14:39:35.556853+00:00", "symbol": "ADA-USD"}, {"trade_id": 143219074, "side": "buy", "size": "51.00306000", "price": "0.71290000", "time": "2025-07-12T14:37:28.988427Z", "fetched_at": "2025-07-12T14:39:35.556853+00:00", "symbol": "ADA-USD"}, {"trade_id": 143219073, "side": "buy", "size": "49.58528646", "price": "0.71290000", "time": "2025-07-12T14:37:28.983792Z", "fetched_at": "2025-07-12T14:39:35.556853+00:00", "symbol": "ADA-USD"}, {"trade_id": 143219072, "side": "buy", "size": "1.41777354", "price": "0.71290000", "time": "2025-07-12T14:37:28.983792Z", "fetched_at": "2025-07-12T14:39:35.556853+00:00", "symbol": "ADA-USD"}, {"trade_id": 143219071, "side": "buy", "size": "702.25684239", "price": "0.71290000", "time": "2025-07-12T14:37:28.364256Z", "fetched_at": "2025-07-12T14:39:35.556853+00:00", "symbol": "ADA-USD"}, {"trade_id": 143219070, "side": "buy", "size": "500.00000000", "price": "0.71290000", "time": "2025-07-12T14:37:28.364256Z", "fetched_at": "2025-07-12T14:39:35.556853+00:00", "symbol": "ADA-USD"}, {"trade_id": 143219069, "side": "buy", "size": "6000.00000000", "price": "0.71290000", "time": "2025-07-12T14:37:28.364256Z", "fetched_at": "2025-07-12T14:39:35.556853+00:00", "symbol": "ADA-USD"}, {"trade_id": 143219068, "side": "buy", "size": "36.87995500", "price": "0.71290000", "time": "2025-07-12T14:37:27.892512Z", "fetched_at": "2025-07-12T14:39:35.556853+00:00", "symbol": "ADA-USD"}, {"trade_id": 143219067, "side": "sell", "size": "7009.81767180", "price": "0.71300000", "time": "2025-07-12T14:37:26.178299Z", "fetched_at": "2025-07-12T14:39:35.556853+00:00", "symbol": "ADA-USD"}, {"trade_id": 143219066, "side": "sell", "size": "2498.88765725", "price": "0.71300000", "time": "2025-07-12T14:37:26.133886Z", "fetched_at": "2025-07-12T14:39:35.556853+00:00", "symbol": "ADA-USD"}, {"trade_id": 143219065, "side": "sell", "size": "500.00000000", "price": "0.71300000", "time": "2025-07-12T14:37:25.999656Z", "fetched_at": "2025-07-12T14:39:35.556853+00:00", "symbol": "ADA-USD"}, {"trade_id": 143219064, "side": "sell", "size": "7009.81767180", "price": "0.71300000", "time": "2025-07-12T14:37:25.982759Z", "fetched_at": "2025-07-12T14:39:35.556853+00:00", "symbol": "ADA-USD"}, {"trade_id": 143219063, "side": "sell", "size": "500.00000000", "price": "0.71300000", "time": "2025-07-12T14:37:25.941509Z", "fetched_at": "2025-07-12T14:39:35.556853+00:00", "symbol": "ADA-USD"}, {"trade_id": 143219062, "side": "sell", "size": "500.00000000", "price": "0.71300000", "time": "2025-07-12T14:37:25.904821Z", "fetched_at": "2025-07-12T14:39:35.556853+00:00", "symbol": "ADA-USD"}, {"trade_id": 143219061, "side": "sell", "size": "1389.00000000", "price": "0.71300000", "time": "2025-07-12T14:37:25.841064Z", "fetched_at": "2025-07-12T14:39:35.556853+00:00", "symbol": "ADA-USD"}, {"trade_id": 143219060, "side": "sell", "size": "2096.00000000", "price": "0.71300000", "time": "2025-07-12T14:37:25.838538Z", "fetched_at": "2025-07-12T14:39:35.556853+00:00", "symbol": "ADA-USD"}, {"trade_id": 143219059, "side": "sell", "size": "2573.76877890", "price": "0.71300000", "time": "2025-07-12T14:37:25.829561Z", "fetched_at": "2025-07-12T14:39:35.556853+00:00", "symbol": "ADA-USD"}, {"trade_id": 143219058, "side": "sell", "size": "1370.00000000", "price": "0.71300000", "time": "2025-07-12T14:37:25.578451Z", "fetched_at": "2025-07-12T14:39:35.556853+00:00", "symbol": "ADA-USD"}, {"trade_id": 143219057, "side": "sell", "size": "7007.85193494", "price": "0.71300000", "time": "2025-07-12T14:37:25.033572Z", "fetched_at": "2025-07-12T14:39:35.556853+00:00", "symbol": "ADA-USD"}, {"trade_id": 143219056, "side": "sell", "size": "500.00000000", "price": "0.71300000", "time": "2025-07-12T14:37:24.898006Z", "fetched_at": "2025-07-12T14:39:35.556853+00:00", "symbol": "ADA-USD"}, {"trade_id": 143219055, "side": "sell", "size": "500.00000000", "price": "0.71300000", "time": "2025-07-12T14:37:24.895489Z", "fetched_at": "2025-07-12T14:39:35.556853+00:00", "symbol": "ADA-USD"}, {"trade_id": 143219054, "side": "sell", "size": "2734.70158407", "price": "0.71300000", "time": "2025-07-12T14:37:24.893772Z", "fetched_at": "2025-07-12T14:39:35.556853+00:00", "symbol": "ADA-USD"}, {"trade_id": 143219053, "side": "sell", "size": "1825.70446416", "price": "0.71300000", "time": "2025-07-12T14:37:24.891959Z", "fetched_at": "2025-07-12T14:39:35.556853+00:00", "symbol": "ADA-USD"}, {"trade_id": 143219052, "side": "sell", "size": "684.87863930", "price": "0.71300000", "time": "2025-07-12T14:37:24.826870Z", "fetched_at": "2025-07-12T14:39:35.556853+00:00", "symbol": "ADA-USD"}, {"trade_id": 143219051, "side": "sell", "size": "512.00000000", "price": "0.71300000", "time": "2025-07-12T14:37:24.753813Z", "fetched_at": "2025-07-12T14:39:35.556853+00:00", "symbol": "ADA-USD"}, {"trade_id": 143219050, "side": "sell", "size": "69.93006000", "price": "0.71300000", "time": "2025-07-12T14:37:23.594366Z", "fetched_at": "2025-07-12T14:39:35.556853+00:00", "symbol": "ADA-USD"}, {"trade_id": 143219049, "side": "buy", "size": "6000.00000000", "price": "0.71290000", "time": "2025-07-12T14:37:23.592408Z", "fetched_at": "2025-07-12T14:39:35.556853+00:00", "symbol": "ADA-USD"}, {"trade_id": 143219048, "side": "buy", "size": "1.55485386", "price": "0.71290000", "time": "2025-07-12T14:37:23.592408Z", "fetched_at": "2025-07-12T14:39:35.556853+00:00", "symbol": "ADA-USD"}, {"trade_id": 143219047, "side": "buy", "size": "500.00000000", "price": "0.71290000", "time": "2025-07-12T14:37:23.592408Z", "fetched_at": "2025-07-12T14:39:35.556853+00:00", "symbol": "ADA-USD"}, {"trade_id": 143219046, "side": "buy", "size": "51.00306000", "price": "0.71290000", "time": "2025-07-12T14:37:23.592408Z", "fetched_at": "2025-07-12T14:39:35.556853+00:00", "symbol": "ADA-USD"}, {"trade_id": 143219045, "side": "buy", "size": "4207.86871450", "price": "0.71290000", "time": "2025-07-12T14:37:23.592408Z", "fetched_at": "2025-07-12T14:39:35.556853+00:00", "symbol": "ADA-USD"}, {"trade_id": 143219044, "side": "buy", "size": "799.95285279", "price": "0.71290000", "time": "2025-07-12T14:37:23.592408Z", "fetched_at": "2025-07-12T14:39:35.556853+00:00", "symbol": "ADA-USD"}, {"trade_id": 143219043, "side": "buy", "size": "5158.70000000", "price": "0.71290000", "time": "2025-07-12T14:37:23.592408Z", "fetched_at": "2025-07-12T14:39:35.556853+00:00", "symbol": "ADA-USD"}, {"trade_id": 143219042, "side": "buy", "size": "4864.70574681", "price": "0.71290000", "time": "2025-07-12T14:37:23.592408Z", "fetched_at": "2025-07-12T14:39:35.556853+00:00", "symbol": "ADA-USD"}, {"trade_id": 143219041, "side": "buy", "size": "1.60000000", "price": "0.71290000", "time": "2025-07-12T14:37:23.592408Z", "fetched_at": "2025-07-12T14:39:35.556853+00:00", "symbol": "ADA-USD"}, {"trade_id": 143219040, "side": "buy", "size": "915.35065856", "price": "0.71290000", "time": "2025-07-12T14:37:23.592408Z", "fetched_at": "2025-07-12T14:39:35.556853+00:00", "symbol": "ADA-USD"}, {"trade_id": 143219039, "side": "buy", "size": "828.58260538", "price": "0.71290000", "time": "2025-07-12T14:37:23.592408Z", "fetched_at": "2025-07-12T14:39:35.556853+00:00", "symbol": "ADA-USD"}, {"trade_id": 143219038, "side": "buy", "size": "666.05495979", "price": "0.71290000", "time": "2025-07-12T14:37:23.592408Z", "fetched_at": "2025-07-12T14:39:35.556853+00:00", "symbol": "ADA-USD"}, {"trade_id": 143219037, "side": "buy", "size": "274.31079413", "price": "0.71290000", "time": "2025-07-12T14:37:23.592408Z", "fetched_at": "2025-07-12T14:39:35.556853+00:00", "symbol": "ADA-USD"}, {"trade_id": 143219036, "side": "sell", "size": "1962.25057288", "price": "0.71300000", "time": "2025-07-12T14:37:23.580807Z", "fetched_at": "2025-07-12T14:39:35.556853+00:00", "symbol": "ADA-USD"}, {"trade_id": 143219035, "side": "sell", "size": "12402.30192300", "price": "0.71300000", "time": "2025-07-12T14:37:23.578501Z", "fetched_at": "2025-07-12T14:39:35.556853+00:00", "symbol": "ADA-USD"}, {"trade_id": 143219034, "side": "sell", "size": "4596.20379194", "price": "0.71300000", "time": "2025-07-12T14:37:23.465675Z", "fetched_at": "2025-07-12T14:39:35.556853+00:00", "symbol": "ADA-USD"}, {"trade_id": 143219033, "side": "buy", "size": "7001.18219436", "price": "0.71300000", "time": "2025-07-12T14:37:23.459965Z", "fetched_at": "2025-07-12T14:39:35.556853+00:00", "symbol": "ADA-USD"}, {"trade_id": 143219032, "side": "buy", "size": "486.41818471", "price": "0.71300000", "time": "2025-07-12T14:37:23.459965Z", "fetched_at": "2025-07-12T14:39:35.556853+00:00", "symbol": "ADA-USD"}, {"trade_id": 143219031, "side": "buy", "size": "1.60000000", "price": "0.71300000", "time": "2025-07-12T14:37:23.459965Z", "fetched_at": "2025-07-12T14:39:35.556853+00:00", "symbol": "ADA-USD"}, {"trade_id": 143219030, "side": "buy", "size": "696.81587145", "price": "0.71300000", "time": "2025-07-12T14:37:23.459965Z", "fetched_at": "2025-07-12T14:39:35.556853+00:00", "symbol": "ADA-USD"}, {"trade_id": 143219029, "side": "buy", "size": "1434.23923000", "price": "0.71300000", "time": "2025-07-12T14:37:23.459965Z", "fetched_at": "2025-07-12T14:39:35.556853+00:00", "symbol": "ADA-USD"}, {"trade_id": 143219028, "side": "buy", "size": "666.05495979", "price": "0.71300000", "time": "2025-07-12T14:37:23.459965Z", "fetched_at": "2025-07-12T14:39:35.556853+00:00", "symbol": "ADA-USD"}, {"trade_id": 143219027, "side": "buy", "size": "351.00000000", "price": "0.71300000", "time": "2025-07-12T14:37:23.459965Z", "fetched_at": "2025-07-12T14:39:35.556853+00:00", "symbol": "ADA-USD"}, {"trade_id": 143219026, "side": "buy", "size": "1685.97023000", "price": "0.71310000", "time": "2025-07-12T14:37:23.459965Z", "fetched_at": "2025-07-12T14:39:35.556853+00:00", "symbol": "ADA-USD"}, {"trade_id": 143219025, "side": "buy", "size": "1433.43500000", "price": "0.71310000", "time": "2025-07-12T14:37:23.459965Z", "fetched_at": "2025-07-12T14:39:35.556853+00:00", "symbol": "ADA-USD"}, {"trade_id": 143219024, "side": "buy", "size": "701.13885783", "price": "0.71310000", "time": "2025-07-12T14:37:23.459965Z", "fetched_at": "2025-07-12T14:39:35.556853+00:00", "symbol": "ADA-USD"}, {"trade_id": 143219023, "side": "buy", "size": "1044.30793540", "price": "0.71310000", "time": "2025-07-12T14:37:23.459965Z", "fetched_at": "2025-07-12T14:39:35.556853+00:00", "symbol": "ADA-USD"}, {"trade_id": 143219022, "side": "buy", "size": "652.67453800", "price": "0.71310000", "time": "2025-07-12T14:37:23.459965Z", "fetched_at": "2025-07-12T14:39:35.556853+00:00", "symbol": "ADA-USD"}, {"trade_id": 143219021, "side": "buy", "size": "1.60000000", "price": "0.71310000", "time": "2025-07-12T14:37:23.459965Z", "fetched_at": "2025-07-12T14:39:35.556853+00:00", "symbol": "ADA-USD"}, {"trade_id": 143219020, "side": "buy", "size": "351.00000000", "price": "0.71310000", "time": "2025-07-12T14:37:23.459965Z", "fetched_at": "2025-07-12T14:39:35.556853+00:00", "symbol": "ADA-USD"}, {"trade_id": 143219019, "side": "buy", "size": "1.74856359", "price": "0.71320000", "time": "2025-07-12T14:37:23.459965Z", "fetched_at": "2025-07-12T14:39:35.556853+00:00", "symbol": "ADA-USD"}, {"trade_id": 143219018, "side": "buy", "size": "1.48789200", "price": "0.71320000", "time": "2025-07-12T14:37:23.459965Z", "fetched_at": "2025-07-12T14:39:35.556853+00:00", "symbol": "ADA-USD"}, {"trade_id": 143219017, "side": "buy", "size": "0.11210800", "price": "0.71320000", "time": "2025-07-12T14:37:22.925450Z", "fetched_at": "2025-07-12T14:39:35.556853+00:00", "symbol": "ADA-USD"}, {"trade_id": 143219016, "side": "buy", "size": "2.15401691", "price": "0.71330000", "time": "2025-07-12T14:37:22.784987Z", "fetched_at": "2025-07-12T14:39:35.556853+00:00", "symbol": "ADA-USD"}, {"trade_id": 143219015, "side": "buy", "size": "1.60000000", "price": "0.71330000", "time": "2025-07-12T14:37:22.784987Z", "fetched_at": "2025-07-12T14:39:35.556853+00:00", "symbol": "ADA-USD"}, {"trade_id": 143219014, "side": "buy", "size": "2.11735251", "price": "0.71340000", "time": "2025-07-12T14:37:22.495232Z", "fetched_at": "2025-07-12T14:39:35.556853+00:00", "symbol": "ADA-USD"}, {"trade_id": 143219013, "side": "buy", "size": "2.57174027", "price": "0.71350000", "time": "2025-07-12T14:37:19.433971Z", "fetched_at": "2025-07-12T14:39:35.556853+00:00", "symbol": "ADA-USD"}, {"trade_id": 143219012, "side": "buy", "size": "3.98296304", "price": "0.71340000", "time": "2025-07-12T14:37:16.074751Z", "fetched_at": "2025-07-12T14:39:35.556853+00:00", "symbol": "ADA-USD"}, {"trade_id": 143219011, "side": "buy", "size": "1.60000000", "price": "0.71340000", "time": "2025-07-12T14:37:15.624623Z", "fetched_at": "2025-07-12T14:39:35.556853+00:00", "symbol": "ADA-USD"}, {"trade_id": 143219010, "side": "buy", "size": "5.77932611", "price": "0.71350000", "time": "2025-07-12T14:37:15.620614Z", "fetched_at": "2025-07-12T14:39:35.556853+00:00", "symbol": "ADA-USD"}, {"trade_id": 143219009, "side": "buy", "size": "51.00306000", "price": "0.71360000", "time": "2025-07-12T14:37:15.011325Z", "fetched_at": "2025-07-12T14:39:35.556853+00:00", "symbol": "ADA-USD"}, {"trade_id": 143219008, "side": "buy", "size": "351.00000000", "price": "0.71360000", "time": "2025-07-12T14:37:15.011325Z", "fetched_at": "2025-07-12T14:39:35.556853+00:00", "symbol": "ADA-USD"}, {"trade_id": 143219007, "side": "buy", "size": "14.01345292", "price": "0.71360000", "time": "2025-07-12T14:37:15.011325Z", "fetched_at": "2025-07-12T14:39:35.556853+00:00", "symbol": "ADA-USD"}, {"trade_id": 143219006, "side": "sell", "size": "676.10335191", "price": "0.71360000", "time": "2025-07-12T14:37:13.295176Z", "fetched_at": "2025-07-12T14:39:35.556853+00:00", "symbol": "ADA-USD"}, {"trade_id": 143219005, "side": "buy", "size": "14.01345292", "price": "0.71360000", "time": "2025-07-12T14:37:10.543227Z", "fetched_at": "2025-07-12T14:39:35.556853+00:00", "symbol": "ADA-USD"}, {"trade_id": 143219004, "side": "sell", "size": "230.78432124", "price": "0.71360000", "time": "2025-07-12T14:37:10.233509Z", "fetched_at": "2025-07-12T14:39:35.556853+00:00", "symbol": "ADA-USD"}, {"trade_id": 143219003, "side": "sell", "size": "990.86656993", "price": "0.71360000", "time": "2025-07-12T14:37:10.233509Z", "fetched_at": "2025-07-12T14:39:35.556853+00:00", "symbol": "ADA-USD"}, {"trade_id": 143219002, "side": "sell", "size": "697.48405007", "price": "0.71360000", "time": "2025-07-12T14:37:10.232499Z", "fetched_at": "2025-07-12T14:39:35.556853+00:00", "symbol": "ADA-USD"}, {"trade_id": 143219001, "side": "sell", "size": "1609.82514839", "price": "0.71360000", "time": "2025-07-12T14:37:10.232499Z", "fetched_at": "2025-07-12T14:39:35.556853+00:00", "symbol": "ADA-USD"}, {"trade_id": 143219000, "side": "sell", "size": "14.01805335", "price": "0.71360000", "time": "2025-07-12T14:37:10.232499Z", "fetched_at": "2025-07-12T14:39:35.556853+00:00", "symbol": "ADA-USD"}, {"trade_id": 143218999, "side": "sell", "size": "3140.59775046", "price": "0.71360000", "time": "2025-07-12T14:37:10.232499Z", "fetched_at": "2025-07-12T14:39:35.556853+00:00", "symbol": "ADA-USD"}, {"trade_id": 143218998, "side": "sell", "size": "666.05495979", "price": "0.71360000", "time": "2025-07-12T14:37:10.232499Z", "fetched_at": "2025-07-12T14:39:35.556853+00:00", "symbol": "ADA-USD"}, {"trade_id": 143218997, "side": "sell", "size": "1.60000000", "price": "0.71360000", "time": "2025-07-12T14:37:10.232499Z", "fetched_at": "2025-07-12T14:39:35.556853+00:00", "symbol": "ADA-USD"}, {"trade_id": 143218996, "side": "sell", "size": "1.60000000", "price": "0.71350000", "time": "2025-07-12T14:37:10.232499Z", "fetched_at": "2025-07-12T14:39:35.556853+00:00", "symbol": "ADA-USD"}, {"trade_id": 143218995, "side": "sell", "size": "1.36111100", "price": "0.71340000", "time": "2025-07-12T14:37:09.184212Z", "fetched_at": "2025-07-12T14:39:35.556853+00:00", "symbol": "ADA-USD"}, {"trade_id": 143218994, "side": "sell", "size": "1.60000000", "price": "0.71340000", "time": "2025-07-12T14:37:06.611013Z", "fetched_at": "2025-07-12T14:39:35.556853+00:00", "symbol": "ADA-USD"}, {"trade_id": 143218993, "side": "sell", "size": "1.60000000", "price": "0.71330000", "time": "2025-07-12T14:37:06.171079Z", "fetched_at": "2025-07-12T14:39:35.556853+00:00", "symbol": "ADA-USD"}, {"trade_id": 143218992, "side": "sell", "size": "1.60000000", "price": "0.71320000", "time": "2025-07-12T14:37:05.172564Z", "fetched_at": "2025-07-12T14:39:35.556853+00:00", "symbol": "ADA-USD"}, {"trade_id": 143218991, "side": "sell", "size": "14.02798633", "price": "0.71310000", "time": "2025-07-12T14:37:05.039484Z", "fetched_at": "2025-07-12T14:39:35.556853+00:00", "symbol": "ADA-USD"}, {"trade_id": 143218990, "side": "sell", "size": "1.60000000", "price": "0.71310000", "time": "2025-07-12T14:37:05.039484Z", "fetched_at": "2025-07-12T14:39:35.556853+00:00", "symbol": "ADA-USD"}, {"trade_id": 143218989, "side": "sell", "size": "769.44316348", "price": "0.71300000", "time": "2025-07-12T14:37:04.854011Z", "fetched_at": "2025-07-12T14:39:35.556853+00:00", "symbol": "ADA-USD"}, {"trade_id": 143218988, "side": "sell", "size": "1.60000000", "price": "0.71300000", "time": "2025-07-12T14:37:04.854011Z", "fetched_at": "2025-07-12T14:39:35.556853+00:00", "symbol": "ADA-USD"}, {"trade_id": 143218987, "side": "sell", "size": "1.60000000", "price": "0.71290000", "time": "2025-07-12T14:37:04.533723Z", "fetched_at": "2025-07-12T14:39:35.556853+00:00", "symbol": "ADA-USD"}, {"trade_id": 143218986, "side": "sell", "size": "592.21211832", "price": "0.71280000", "time": "2025-07-12T14:37:03.931742Z", "fetched_at": "2025-07-12T14:39:35.556853+00:00", "symbol": "ADA-USD"}, {"trade_id": 143218985, "side": "sell", "size": "66.52777800", "price": "0.71280000", "time": "2025-07-12T14:37:01.777842Z", "fetched_at": "2025-07-12T14:39:35.556853+00:00", "symbol": "ADA-USD"}, {"trade_id": 143218984, "side": "buy", "size": "10.93969461", "price": "0.71280000", "time": "2025-07-12T14:36:54.850380Z", "fetched_at": "2025-07-12T14:39:35.556853+00:00", "symbol": "ADA-USD"}, {"trade_id": 143218983, "side": "buy", "size": "4.09443600", "price": "0.71280000", "time": "2025-07-12T14:36:51.227619Z", "fetched_at": "2025-07-12T14:39:35.556853+00:00", "symbol": "ADA-USD"}, {"trade_id": 143218982, "side": "sell", "size": "14.03091629", "price": "0.71280000", "time": "2025-07-12T14:36:50.705937Z", "fetched_at": "2025-07-12T14:39:35.556853+00:00", "symbol": "ADA-USD"}, {"trade_id": 143218981, "side": "sell", "size": "11.79959500", "price": "0.71280000", "time": "2025-07-12T14:36:50.621840Z", "fetched_at": "2025-07-12T14:39:35.556853+00:00", "symbol": "ADA-USD"}, {"trade_id": 143218980, "side": "sell", "size": "1113.25641274", "price": "0.71280000", "time": "2025-07-12T14:36:49.866331Z", "fetched_at": "2025-07-12T14:39:35.556853+00:00", "symbol": "ADA-USD"}, {"trade_id": 143218979, "side": "buy", "size": "32.76194700", "price": "0.71260000", "time": "2025-07-12T14:36:47.641578Z", "fetched_at": "2025-07-12T14:39:35.556853+00:00", "symbol": "ADA-USD"}, {"trade_id": 143218978, "side": "buy", "size": "2.64814000", "price": "0.71260000", "time": "2025-07-12T14:36:47.641578Z", "fetched_at": "2025-07-12T14:39:35.556853+00:00", "symbol": "ADA-USD"}, {"trade_id": 143218977, "side": "buy", "size": "142.07505145", "price": "0.71250000", "time": "2025-07-12T14:36:43.858973Z", "fetched_at": "2025-07-12T14:39:35.556853+00:00", "symbol": "ADA-USD"}