[{"trade_id": 143223367, "side": "sell", "size": "10.73608211", "price": "0.70400000", "time": "2025-07-12T15:10:47.156853Z", "fetched_at": "2025-07-12T15:10:50.809512+00:00", "symbol": "ADA-USD"}, {"trade_id": 143223366, "side": "buy", "size": "99.41066030", "price": "0.70380000", "time": "2025-07-12T15:10:46.941183Z", "fetched_at": "2025-07-12T15:10:50.809512+00:00", "symbol": "ADA-USD"}, {"trade_id": 143223365, "side": "buy", "size": "13.24041270", "price": "0.70380000", "time": "2025-07-12T15:10:46.941183Z", "fetched_at": "2025-07-12T15:10:50.809512+00:00", "symbol": "ADA-USD"}, {"trade_id": 143223364, "side": "sell", "size": "1.60000000", "price": "0.70400000", "time": "2025-07-12T15:10:44.008838Z", "fetched_at": "2025-07-12T15:10:50.809512+00:00", "symbol": "ADA-USD"}, {"trade_id": 143223363, "side": "sell", "size": "1.60000000", "price": "0.70390000", "time": "2025-07-12T15:10:43.869066Z", "fetched_at": "2025-07-12T15:10:50.809512+00:00", "symbol": "ADA-USD"}, {"trade_id": 143223362, "side": "sell", "size": "1.60000000", "price": "0.70380000", "time": "2025-07-12T15:10:41.484199Z", "fetched_at": "2025-07-12T15:10:50.809512+00:00", "symbol": "ADA-USD"}, {"trade_id": 143223361, "side": "buy", "size": "818.01033760", "price": "0.70360000", "time": "2025-07-12T15:10:40.862647Z", "fetched_at": "2025-07-12T15:10:50.809512+00:00", "symbol": "ADA-USD"}, {"trade_id": 143223360, "side": "buy", "size": "351.00000000", "price": "0.70360000", "time": "2025-07-12T15:10:40.862647Z", "fetched_at": "2025-07-12T15:10:50.809512+00:00", "symbol": "ADA-USD"}, {"trade_id": 143223359, "side": "buy", "size": "672.03456240", "price": "0.70370000", "time": "2025-07-12T15:10:40.862647Z", "fetched_at": "2025-07-12T15:10:50.809512+00:00", "symbol": "ADA-USD"}, {"trade_id": 143223358, "side": "sell", "size": "2645.07161816", "price": "0.70370000", "time": "2025-07-12T15:10:40.405019Z", "fetched_at": "2025-07-12T15:10:50.809512+00:00", "symbol": "ADA-USD"}, {"trade_id": 143223357, "side": "sell", "size": "3163.02838184", "price": "0.70370000", "time": "2025-07-12T15:10:40.400107Z", "fetched_at": "2025-07-12T15:10:50.809512+00:00", "symbol": "ADA-USD"}, {"trade_id": 143223356, "side": "sell", "size": "655.12194009", "price": "0.70370000", "time": "2025-07-12T15:10:40.400107Z", "fetched_at": "2025-07-12T15:10:50.809512+00:00", "symbol": "ADA-USD"}, {"trade_id": 143223355, "side": "sell", "size": "718.75497739", "price": "0.70370000", "time": "2025-07-12T15:10:40.400107Z", "fetched_at": "2025-07-12T15:10:50.809512+00:00", "symbol": "ADA-USD"}, {"trade_id": 143223354, "side": "sell", "size": "179.98245252", "price": "0.70370000", "time": "2025-07-12T15:10:40.400107Z", "fetched_at": "2025-07-12T15:10:50.809512+00:00", "symbol": "ADA-USD"}, {"trade_id": 143223353, "side": "buy", "size": "69.93006000", "price": "0.70340000", "time": "2025-07-12T15:10:39.931343Z", "fetched_at": "2025-07-12T15:10:50.809512+00:00", "symbol": "ADA-USD"}, {"trade_id": 143223352, "side": "sell", "size": "12.45707867", "price": "0.70330000", "time": "2025-07-12T15:10:38.853208Z", "fetched_at": "2025-07-12T15:10:50.809512+00:00", "symbol": "ADA-USD"}, {"trade_id": 143223351, "side": "sell", "size": "7.77811542", "price": "0.70330000", "time": "2025-07-12T15:10:36.105684Z", "fetched_at": "2025-07-12T15:10:50.809512+00:00", "symbol": "ADA-USD"}, {"trade_id": 143223350, "side": "sell", "size": "140.57614543", "price": "0.70330000", "time": "2025-07-12T15:10:35.382274Z", "fetched_at": "2025-07-12T15:10:50.809512+00:00", "symbol": "ADA-USD"}, {"trade_id": 143223349, "side": "buy", "size": "1.60000000", "price": "0.70320000", "time": "2025-07-12T15:10:35.214471Z", "fetched_at": "2025-07-12T15:10:50.809512+00:00", "symbol": "ADA-USD"}, {"trade_id": 143223348, "side": "buy", "size": "1.60000000", "price": "0.70330000", "time": "2025-07-12T15:10:34.402578Z", "fetched_at": "2025-07-12T15:10:50.809512+00:00", "symbol": "ADA-USD"}, {"trade_id": 143223347, "side": "sell", "size": "6.11332890", "price": "0.70360000", "time": "2025-07-12T15:10:33.971165Z", "fetched_at": "2025-07-12T15:10:50.809512+00:00", "symbol": "ADA-USD"}, {"trade_id": 143223346, "side": "sell", "size": "0.00290000", "price": "0.70360000", "time": "2025-07-12T15:10:33.415140Z", "fetched_at": "2025-07-12T15:10:50.809512+00:00", "symbol": "ADA-USD"}, {"trade_id": 143223345, "side": "buy", "size": "69.93006000", "price": "0.70350000", "time": "2025-07-12T15:10:32.939Z", "fetched_at": "2025-07-12T15:10:50.809512+00:00", "symbol": "ADA-USD"}, {"trade_id": 143223344, "side": "sell", "size": "2.01990073", "price": "0.70350000", "time": "2025-07-12T15:10:31.138492Z", "fetched_at": "2025-07-12T15:10:50.809512+00:00", "symbol": "ADA-USD"}, {"trade_id": 143223343, "side": "sell", "size": "6.47257971", "price": "0.70340000", "time": "2025-07-12T15:10:28.941150Z", "fetched_at": "2025-07-12T15:10:50.809512+00:00", "symbol": "ADA-USD"}, {"trade_id": 143223342, "side": "sell", "size": "10.54305490", "price": "0.70340000", "time": "2025-07-12T15:10:26.896551Z", "fetched_at": "2025-07-12T15:10:50.809512+00:00", "symbol": "ADA-USD"}, {"trade_id": 143223341, "side": "buy", "size": "46.95254100", "price": "0.70360000", "time": "2025-07-12T15:10:24.781675Z", "fetched_at": "2025-07-12T15:10:50.809512+00:00", "symbol": "ADA-USD"}, {"trade_id": 143223340, "side": "sell", "size": "6.22053820", "price": "0.70350000", "time": "2025-07-12T15:10:23.935567Z", "fetched_at": "2025-07-12T15:10:50.809512+00:00", "symbol": "ADA-USD"}, {"trade_id": 143223339, "side": "sell", "size": "5.73631891", "price": "0.70350000", "time": "2025-07-12T15:10:23.362978Z", "fetched_at": "2025-07-12T15:10:50.809512+00:00", "symbol": "ADA-USD"}, {"trade_id": 143223338, "side": "buy", "size": "14.03327373", "price": "0.70350000", "time": "2025-07-12T15:10:22.635821Z", "fetched_at": "2025-07-12T15:10:50.809512+00:00", "symbol": "ADA-USD"}, {"trade_id": 143223337, "side": "buy", "size": "3168.97291722", "price": "0.70350000", "time": "2025-07-12T15:10:22.635821Z", "fetched_at": "2025-07-12T15:10:50.809512+00:00", "symbol": "ADA-USD"}, {"trade_id": 143223336, "side": "buy", "size": "969.67939351", "price": "0.70350000", "time": "2025-07-12T15:10:22.635821Z", "fetched_at": "2025-07-12T15:10:50.809512+00:00", "symbol": "ADA-USD"}, {"trade_id": 143223335, "side": "buy", "size": "718.75497739", "price": "0.70350000", "time": "2025-07-12T15:10:22.635821Z", "fetched_at": "2025-07-12T15:10:50.809512+00:00", "symbol": "ADA-USD"}, {"trade_id": 143223334, "side": "sell", "size": "1.60000000", "price": "0.70370000", "time": "2025-07-12T15:10:21.307256Z", "fetched_at": "2025-07-12T15:10:50.809512+00:00", "symbol": "ADA-USD"}, {"trade_id": 143223333, "side": "sell", "size": "4910.83859299", "price": "0.70360000", "time": "2025-07-12T15:10:21.143302Z", "fetched_at": "2025-07-12T15:10:50.809512+00:00", "symbol": "ADA-USD"}, {"trade_id": 143223332, "side": "sell", "size": "5.41114559", "price": "0.70360000", "time": "2025-07-12T15:10:20.544677Z", "fetched_at": "2025-07-12T15:10:50.809512+00:00", "symbol": "ADA-USD"}, {"trade_id": 143223331, "side": "sell", "size": "1.60000000", "price": "0.70360000", "time": "2025-07-12T15:10:20.544677Z", "fetched_at": "2025-07-12T15:10:50.809512+00:00", "symbol": "ADA-USD"}, {"trade_id": 143223330, "side": "sell", "size": "1.60000000", "price": "0.70340000", "time": "2025-07-12T15:10:20.216625Z", "fetched_at": "2025-07-12T15:10:50.809512+00:00", "symbol": "ADA-USD"}, {"trade_id": 143223329, "side": "buy", "size": "69.93006000", "price": "0.70330000", "time": "2025-07-12T15:10:20.036163Z", "fetched_at": "2025-07-12T15:10:50.809512+00:00", "symbol": "ADA-USD"}, {"trade_id": 143223328, "side": "sell", "size": "126.83881473", "price": "0.70330000", "time": "2025-07-12T15:10:20.014920Z", "fetched_at": "2025-07-12T15:10:50.809512+00:00", "symbol": "ADA-USD"}, {"trade_id": 143223327, "side": "buy", "size": "452.47189857", "price": "0.70310000", "time": "2025-07-12T15:10:18.970716Z", "fetched_at": "2025-07-12T15:10:50.809512+00:00", "symbol": "ADA-USD"}, {"trade_id": 143223326, "side": "buy", "size": "618.18035543", "price": "0.70310000", "time": "2025-07-12T15:10:18.970716Z", "fetched_at": "2025-07-12T15:10:50.809512+00:00", "symbol": "ADA-USD"}, {"trade_id": 143223325, "side": "sell", "size": "3.56366085", "price": "0.70330000", "time": "2025-07-12T15:10:18.079082Z", "fetched_at": "2025-07-12T15:10:50.809512+00:00", "symbol": "ADA-USD"}, {"trade_id": 143223324, "side": "sell", "size": "51.00306000", "price": "0.70330000", "time": "2025-07-12T15:10:17.251006Z", "fetched_at": "2025-07-12T15:10:50.809512+00:00", "symbol": "ADA-USD"}, {"trade_id": 143223323, "side": "sell", "size": "1.90962037", "price": "0.70320000", "time": "2025-07-12T15:10:17.121329Z", "fetched_at": "2025-07-12T15:10:50.809512+00:00", "symbol": "ADA-USD"}, {"trade_id": 143223322, "side": "sell", "size": "195.63520000", "price": "0.70310000", "time": "2025-07-12T15:10:16.448810Z", "fetched_at": "2025-07-12T15:10:50.809512+00:00", "symbol": "ADA-USD"}, {"trade_id": 143223321, "side": "buy", "size": "69.93006000", "price": "0.70300000", "time": "2025-07-12T15:10:16.443933Z", "fetched_at": "2025-07-12T15:10:50.809512+00:00", "symbol": "ADA-USD"}, {"trade_id": 143223320, "side": "buy", "size": "68.33006000", "price": "0.70300000", "time": "2025-07-12T15:10:16.443851Z", "fetched_at": "2025-07-12T15:10:50.809512+00:00", "symbol": "ADA-USD"}, {"trade_id": 143223319, "side": "buy", "size": "1.60000000", "price": "0.70300000", "time": "2025-07-12T15:10:16.443851Z", "fetched_at": "2025-07-12T15:10:50.809512+00:00", "symbol": "ADA-USD"}, {"trade_id": 143223318, "side": "buy", "size": "27.81620855", "price": "0.70310000", "time": "2025-07-12T15:10:16.443831Z", "fetched_at": "2025-07-12T15:10:50.809512+00:00", "symbol": "ADA-USD"}, {"trade_id": 143223317, "side": "buy", "size": "472.18379145", "price": "0.70310000", "time": "2025-07-12T15:10:16.442556Z", "fetched_at": "2025-07-12T15:10:50.809512+00:00", "symbol": "ADA-USD"}, {"trade_id": 143223316, "side": "buy", "size": "14.04125739", "price": "0.70310000", "time": "2025-07-12T15:10:16.442556Z", "fetched_at": "2025-07-12T15:10:50.809512+00:00", "symbol": "ADA-USD"}, {"trade_id": 143223315, "side": "sell", "size": "134.79025200", "price": "0.70330000", "time": "2025-07-12T15:10:16.310545Z", "fetched_at": "2025-07-12T15:10:50.809512+00:00", "symbol": "ADA-USD"}, {"trade_id": 143223314, "side": "buy", "size": "719.49193300", "price": "0.70310000", "time": "2025-07-12T15:10:14.963851Z", "fetched_at": "2025-07-12T15:10:50.809512+00:00", "symbol": "ADA-USD"}, {"trade_id": 143223313, "side": "buy", "size": "50.00000000", "price": "0.70310000", "time": "2025-07-12T15:10:14.963851Z", "fetched_at": "2025-07-12T15:10:50.809512+00:00", "symbol": "ADA-USD"}, {"trade_id": 143223312, "side": "buy", "size": "129.29383000", "price": "0.70310000", "time": "2025-07-12T15:10:14.963851Z", "fetched_at": "2025-07-12T15:10:50.809512+00:00", "symbol": "ADA-USD"}, {"trade_id": 143223311, "side": "buy", "size": "130.37016000", "price": "0.70310000", "time": "2025-07-12T15:10:14.963851Z", "fetched_at": "2025-07-12T15:10:50.809512+00:00", "symbol": "ADA-USD"}, {"trade_id": 143223310, "side": "buy", "size": "1.60000000", "price": "0.70310000", "time": "2025-07-12T15:10:14.027558Z", "fetched_at": "2025-07-12T15:10:50.809512+00:00", "symbol": "ADA-USD"}, {"trade_id": 143223309, "side": "sell", "size": "4.34741686", "price": "0.70320000", "time": "2025-07-12T15:10:13.261680Z", "fetched_at": "2025-07-12T15:10:50.809512+00:00", "symbol": "ADA-USD"}, {"trade_id": 143223308, "side": "sell", "size": "94.09521688", "price": "0.70330000", "time": "2025-07-12T15:10:12.463583Z", "fetched_at": "2025-07-12T15:10:50.809512+00:00", "symbol": "ADA-USD"}, {"trade_id": 143223307, "side": "sell", "size": "416.10823393", "price": "0.70330000", "time": "2025-07-12T15:10:12.463583Z", "fetched_at": "2025-07-12T15:10:50.809512+00:00", "symbol": "ADA-USD"}, {"trade_id": 143223306, "side": "sell", "size": "1.79654919", "price": "0.70320000", "time": "2025-07-12T15:10:12.463583Z", "fetched_at": "2025-07-12T15:10:50.809512+00:00", "symbol": "ADA-USD"}, {"trade_id": 143223305, "side": "buy", "size": "339.03218200", "price": "0.70310000", "time": "2025-07-12T15:10:12.071259Z", "fetched_at": "2025-07-12T15:10:50.809512+00:00", "symbol": "ADA-USD"}, {"trade_id": 143223304, "side": "buy", "size": "51.00306000", "price": "0.70310000", "time": "2025-07-12T15:10:12.071259Z", "fetched_at": "2025-07-12T15:10:50.809512+00:00", "symbol": "ADA-USD"}, {"trade_id": 143223303, "side": "buy", "size": "129.29383000", "price": "0.70310000", "time": "2025-07-12T15:10:12.071259Z", "fetched_at": "2025-07-12T15:10:50.809512+00:00", "symbol": "ADA-USD"}, {"trade_id": 143223302, "side": "buy", "size": "130.37016000", "price": "0.70310000", "time": "2025-07-12T15:10:12.071259Z", "fetched_at": "2025-07-12T15:10:50.809512+00:00", "symbol": "ADA-USD"}, {"trade_id": 143223301, "side": "sell", "size": "13.85171916", "price": "0.70330000", "time": "2025-07-12T15:10:11.068532Z", "fetched_at": "2025-07-12T15:10:50.809512+00:00", "symbol": "ADA-USD"}, {"trade_id": 143223300, "side": "sell", "size": "20.31629469", "price": "0.70330000", "time": "2025-07-12T15:10:10.791259Z", "fetched_at": "2025-07-12T15:10:50.809512+00:00", "symbol": "ADA-USD"}, {"trade_id": 143223299, "side": "sell", "size": "14.20779231", "price": "0.70320000", "time": "2025-07-12T15:10:10.791259Z", "fetched_at": "2025-07-12T15:10:50.809512+00:00", "symbol": "ADA-USD"}, {"trade_id": 143223298, "side": "buy", "size": "1.60000000", "price": "0.70310000", "time": "2025-07-12T15:10:09.749873Z", "fetched_at": "2025-07-12T15:10:50.809512+00:00", "symbol": "ADA-USD"}, {"trade_id": 143223297, "side": "buy", "size": "3.71868227", "price": "0.70320000", "time": "2025-07-12T15:10:09.730781Z", "fetched_at": "2025-07-12T15:10:50.809512+00:00", "symbol": "ADA-USD"}, {"trade_id": 143223296, "side": "buy", "size": "3753.70204559", "price": "0.70320000", "time": "2025-07-12T15:10:09.711388Z", "fetched_at": "2025-07-12T15:10:50.809512+00:00", "symbol": "ADA-USD"}, {"trade_id": 143223295, "side": "buy", "size": "512.20623738", "price": "0.70320000", "time": "2025-07-12T15:10:09.710108Z", "fetched_at": "2025-07-12T15:10:50.809512+00:00", "symbol": "ADA-USD"}, {"trade_id": 143223294, "side": "buy", "size": "61.67868423", "price": "0.70320000", "time": "2025-07-12T15:10:09.677774Z", "fetched_at": "2025-07-12T15:10:50.809512+00:00", "symbol": "ADA-USD"}, {"trade_id": 143223293, "side": "buy", "size": "69.93006000", "price": "0.70320000", "time": "2025-07-12T15:10:09.676881Z", "fetched_at": "2025-07-12T15:10:50.809512+00:00", "symbol": "ADA-USD"}, {"trade_id": 143223292, "side": "buy", "size": "69.93006000", "price": "0.70320000", "time": "2025-07-12T15:10:09.676866Z", "fetched_at": "2025-07-12T15:10:50.809512+00:00", "symbol": "ADA-USD"}, {"trade_id": 143223291, "side": "buy", "size": "68.33006000", "price": "0.70320000", "time": "2025-07-12T15:10:09.676751Z", "fetched_at": "2025-07-12T15:10:50.809512+00:00", "symbol": "ADA-USD"}, {"trade_id": 143223290, "side": "buy", "size": "1.60000000", "price": "0.70320000", "time": "2025-07-12T15:10:09.676751Z", "fetched_at": "2025-07-12T15:10:50.809512+00:00", "symbol": "ADA-USD"}, {"trade_id": 143223289, "side": "buy", "size": "68.33006000", "price": "0.70330000", "time": "2025-07-12T15:10:09.672192Z", "fetched_at": "2025-07-12T15:10:50.809512+00:00", "symbol": "ADA-USD"}, {"trade_id": 143223288, "side": "buy", "size": "1.60000000", "price": "0.70330000", "time": "2025-07-12T15:10:09.672192Z", "fetched_at": "2025-07-12T15:10:50.809512+00:00", "symbol": "ADA-USD"}, {"trade_id": 143223287, "side": "buy", "size": "433.78703648", "price": "0.70340000", "time": "2025-07-12T15:10:09.671896Z", "fetched_at": "2025-07-12T15:10:50.809512+00:00", "symbol": "ADA-USD"}, {"trade_id": 143223286, "side": "buy", "size": "69.93006000", "price": "0.70340000", "time": "2025-07-12T15:10:09.671841Z", "fetched_at": "2025-07-12T15:10:50.809512+00:00", "symbol": "ADA-USD"}, {"trade_id": 143223285, "side": "buy", "size": "207.11308516", "price": "0.70340000", "time": "2025-07-12T15:10:09.668807Z", "fetched_at": "2025-07-12T15:10:50.809512+00:00", "symbol": "ADA-USD"}, {"trade_id": 143223284, "side": "buy", "size": "981.50000000", "price": "0.70340000", "time": "2025-07-12T15:10:09.668807Z", "fetched_at": "2025-07-12T15:10:50.809512+00:00", "symbol": "ADA-USD"}, {"trade_id": 143223283, "side": "buy", "size": "1.60000000", "price": "0.70340000", "time": "2025-07-12T15:10:09.668807Z", "fetched_at": "2025-07-12T15:10:50.809512+00:00", "symbol": "ADA-USD"}, {"trade_id": 143223282, "side": "buy", "size": "500.00000000", "price": "0.70350000", "time": "2025-07-12T15:10:09.668807Z", "fetched_at": "2025-07-12T15:10:50.809512+00:00", "symbol": "ADA-USD"}, {"trade_id": 143223281, "side": "buy", "size": "3.71709648", "price": "0.70350000", "time": "2025-07-12T15:10:09.668807Z", "fetched_at": "2025-07-12T15:10:50.809512+00:00", "symbol": "ADA-USD"}, {"trade_id": 143223280, "side": "sell", "size": "6.15808438", "price": "0.70350000", "time": "2025-07-12T15:10:08.842079Z", "fetched_at": "2025-07-12T15:10:50.809512+00:00", "symbol": "ADA-USD"}, {"trade_id": 143223279, "side": "buy", "size": "1.60000000", "price": "0.70350000", "time": "2025-07-12T15:10:08.775542Z", "fetched_at": "2025-07-12T15:10:50.809512+00:00", "symbol": "ADA-USD"}, {"trade_id": 143223278, "side": "sell", "size": "14.20779231", "price": "0.70360000", "time": "2025-07-12T15:10:03.633567Z", "fetched_at": "2025-07-12T15:10:50.809512+00:00", "symbol": "ADA-USD"}, {"trade_id": 143223277, "side": "sell", "size": "13.56788031", "price": "0.70350000", "time": "2025-07-12T15:10:03.609137Z", "fetched_at": "2025-07-12T15:10:50.809512+00:00", "symbol": "ADA-USD"}, {"trade_id": 143223276, "side": "sell", "size": "0.63991200", "price": "0.70350000", "time": "2025-07-12T15:10:03.314975Z", "fetched_at": "2025-07-12T15:10:50.809512+00:00", "symbol": "ADA-USD"}, {"trade_id": 143223275, "side": "sell", "size": "7.37502151", "price": "0.70350000", "time": "2025-07-12T15:10:02.818468Z", "fetched_at": "2025-07-12T15:10:50.809512+00:00", "symbol": "ADA-USD"}, {"trade_id": 143223274, "side": "buy", "size": "3.71709648", "price": "0.70350000", "time": "2025-07-12T15:10:02.675128Z", "fetched_at": "2025-07-12T15:10:50.809512+00:00", "symbol": "ADA-USD"}, {"trade_id": 143223273, "side": "buy", "size": "1.60000000", "price": "0.70350000", "time": "2025-07-12T15:10:02.675128Z", "fetched_at": "2025-07-12T15:10:50.809512+00:00", "symbol": "ADA-USD"}, {"trade_id": 143223272, "side": "buy", "size": "1.60000000", "price": "0.70360000", "time": "2025-07-12T15:10:02.600587Z", "fetched_at": "2025-07-12T15:10:50.809512+00:00", "symbol": "ADA-USD"}, {"trade_id": 143223271, "side": "buy", "size": "0.00008155", "price": "0.70370000", "time": "2025-07-12T15:10:01.483987Z", "fetched_at": "2025-07-12T15:10:50.809512+00:00", "symbol": "ADA-USD"}, {"trade_id": 143223270, "side": "buy", "size": "5.32210000", "price": "0.70370000", "time": "2025-07-12T15:10:01.460026Z", "fetched_at": "2025-07-12T15:10:50.809512+00:00", "symbol": "ADA-USD"}, {"trade_id": 143223269, "side": "sell", "size": "14.20967331", "price": "0.70380000", "time": "2025-07-12T15:10:01.082945Z", "fetched_at": "2025-07-12T15:10:50.809512+00:00", "symbol": "ADA-USD"}, {"trade_id": 143223268, "side": "buy", "size": "13.26070806", "price": "0.70370000", "time": "2025-07-12T15:09:59.683636Z", "fetched_at": "2025-07-12T15:10:50.809512+00:00", "symbol": "ADA-USD"}, {"trade_id": 143223267, "side": "buy", "size": "12.63010000", "price": "0.70370000", "time": "2025-07-12T15:09:59.629639Z", "fetched_at": "2025-07-12T15:10:50.809512+00:00", "symbol": "ADA-USD"}, {"trade_id": 143223266, "side": "buy", "size": "657.12952789", "price": "0.70370000", "time": "2025-07-12T15:09:59.251956Z", "fetched_at": "2025-07-12T15:10:50.809512+00:00", "symbol": "ADA-USD"}, {"trade_id": 143223265, "side": "buy", "size": "14.21060111", "price": "0.70370000", "time": "2025-07-12T15:09:59.251956Z", "fetched_at": "2025-07-12T15:10:50.809512+00:00", "symbol": "ADA-USD"}, {"trade_id": 143223264, "side": "buy", "size": "1.60000000", "price": "0.70370000", "time": "2025-07-12T15:09:59.251956Z", "fetched_at": "2025-07-12T15:10:50.809512+00:00", "symbol": "ADA-USD"}, {"trade_id": 143223263, "side": "sell", "size": "13.66385676", "price": "0.70380000", "time": "2025-07-12T15:09:58.075299Z", "fetched_at": "2025-07-12T15:10:50.809512+00:00", "symbol": "ADA-USD"}, {"trade_id": 143223262, "side": "sell", "size": "56.26620324", "price": "0.70380000", "time": "2025-07-12T15:09:57.471004Z", "fetched_at": "2025-07-12T15:10:50.809512+00:00", "symbol": "ADA-USD"}, {"trade_id": 143223261, "side": "sell", "size": "13.66385676", "price": "0.70380000", "time": "2025-07-12T15:09:57.471004Z", "fetched_at": "2025-07-12T15:10:50.809512+00:00", "symbol": "ADA-USD"}, {"trade_id": 143223260, "side": "buy", "size": "14.20858199", "price": "0.70380000", "time": "2025-07-12T15:09:57.359440Z", "fetched_at": "2025-07-12T15:10:50.809512+00:00", "symbol": "ADA-USD"}, {"trade_id": 143223259, "side": "buy", "size": "500.00000000", "price": "0.70380000", "time": "2025-07-12T15:09:57.359440Z", "fetched_at": "2025-07-12T15:10:50.809512+00:00", "symbol": "ADA-USD"}, {"trade_id": 143223258, "side": "buy", "size": "1.60000000", "price": "0.70380000", "time": "2025-07-12T15:09:57.359440Z", "fetched_at": "2025-07-12T15:10:50.809512+00:00", "symbol": "ADA-USD"}, {"trade_id": 143223257, "side": "sell", "size": "313.52028211", "price": "0.70410000", "time": "2025-07-12T15:09:57.110112Z", "fetched_at": "2025-07-12T15:10:50.809512+00:00", "symbol": "ADA-USD"}, {"trade_id": 143223256, "side": "sell", "size": "130.42347000", "price": "0.70410000", "time": "2025-07-12T15:09:57.110112Z", "fetched_at": "2025-07-12T15:10:50.809512+00:00", "symbol": "ADA-USD"}, {"trade_id": 143223255, "side": "sell", "size": "14.10114889", "price": "0.70400000", "time": "2025-07-12T15:09:57.110112Z", "fetched_at": "2025-07-12T15:10:50.809512+00:00", "symbol": "ADA-USD"}, {"trade_id": 143223254, "side": "sell", "size": "0.09841000", "price": "0.70400000", "time": "2025-07-12T15:09:56.815426Z", "fetched_at": "2025-07-12T15:10:50.809512+00:00", "symbol": "ADA-USD"}, {"trade_id": 143223253, "side": "buy", "size": "1.60000000", "price": "0.70400000", "time": "2025-07-12T15:09:56.435281Z", "fetched_at": "2025-07-12T15:10:50.809512+00:00", "symbol": "ADA-USD"}, {"trade_id": 143223252, "side": "buy", "size": "14.20252806", "price": "0.70410000", "time": "2025-07-12T15:09:55.212576Z", "fetched_at": "2025-07-12T15:10:50.809512+00:00", "symbol": "ADA-USD"}, {"trade_id": 143223251, "side": "buy", "size": "14.20252806", "price": "0.70410000", "time": "2025-07-12T15:09:55.201949Z", "fetched_at": "2025-07-12T15:10:50.809512+00:00", "symbol": "ADA-USD"}, {"trade_id": 143223250, "side": "buy", "size": "1.60000000", "price": "0.70410000", "time": "2025-07-12T15:09:55.201949Z", "fetched_at": "2025-07-12T15:10:50.809512+00:00", "symbol": "ADA-USD"}, {"trade_id": 143223249, "side": "sell", "size": "272.41618442", "price": "0.70430000", "time": "2025-07-12T15:09:52.532720Z", "fetched_at": "2025-07-12T15:10:50.809512+00:00", "symbol": "ADA-USD"}, {"trade_id": 143223248, "side": "sell", "size": "239.58381558", "price": "0.70420000", "time": "2025-07-12T15:09:52.532720Z", "fetched_at": "2025-07-12T15:10:50.809512+00:00", "symbol": "ADA-USD"}, {"trade_id": 143223247, "side": "sell", "size": "2.09148343", "price": "0.70440000", "time": "2025-07-12T15:09:48.567585Z", "fetched_at": "2025-07-12T15:10:50.809512+00:00", "symbol": "ADA-USD"}, {"trade_id": 143223246, "side": "sell", "size": "1.60000000", "price": "0.70440000", "time": "2025-07-12T15:09:48.567585Z", "fetched_at": "2025-07-12T15:10:50.809512+00:00", "symbol": "ADA-USD"}, {"trade_id": 143223245, "side": "sell", "size": "11.37236174", "price": "0.70430000", "time": "2025-07-12T15:09:47.752071Z", "fetched_at": "2025-07-12T15:10:50.809512+00:00", "symbol": "ADA-USD"}, {"trade_id": 143223244, "side": "sell", "size": "755.60616005", "price": "0.70420000", "time": "2025-07-12T15:09:47.523134Z", "fetched_at": "2025-07-12T15:10:50.809512+00:00", "symbol": "ADA-USD"}, {"trade_id": 143223243, "side": "sell", "size": "14.20151901", "price": "0.70410000", "time": "2025-07-12T15:09:47.345541Z", "fetched_at": "2025-07-12T15:10:50.809512+00:00", "symbol": "ADA-USD"}, {"trade_id": 143223242, "side": "buy", "size": "14.20252806", "price": "0.70410000", "time": "2025-07-12T15:09:46.629247Z", "fetched_at": "2025-07-12T15:10:50.809512+00:00", "symbol": "ADA-USD"}, {"trade_id": 143223241, "side": "buy", "size": "9493.83350130", "price": "0.70410000", "time": "2025-07-12T15:09:46.629247Z", "fetched_at": "2025-07-12T15:10:50.809512+00:00", "symbol": "ADA-USD"}, {"trade_id": 143223240, "side": "buy", "size": "1820.29814959", "price": "0.70410000", "time": "2025-07-12T15:09:46.627817Z", "fetched_at": "2025-07-12T15:10:50.809512+00:00", "symbol": "ADA-USD"}, {"trade_id": 143223239, "side": "buy", "size": "1030.16834911", "price": "0.70410000", "time": "2025-07-12T15:09:46.594157Z", "fetched_at": "2025-07-12T15:10:50.809512+00:00", "symbol": "ADA-USD"}, {"trade_id": 143223238, "side": "sell", "size": "69.93006000", "price": "0.70430000", "time": "2025-07-12T15:09:45.741929Z", "fetched_at": "2025-07-12T15:10:50.809512+00:00", "symbol": "ADA-USD"}, {"trade_id": 143223237, "side": "sell", "size": "137.74175174", "price": "0.70430000", "time": "2025-07-12T15:09:45.612899Z", "fetched_at": "2025-07-12T15:10:50.809512+00:00", "symbol": "ADA-USD"}, {"trade_id": 143223236, "side": "sell", "size": "328.05862552", "price": "0.70430000", "time": "2025-07-12T15:09:45.612899Z", "fetched_at": "2025-07-12T15:10:50.809512+00:00", "symbol": "ADA-USD"}, {"trade_id": 143223235, "side": "sell", "size": "206.75497739", "price": "0.70430000", "time": "2025-07-12T15:09:45.612899Z", "fetched_at": "2025-07-12T15:10:50.809512+00:00", "symbol": "ADA-USD"}, {"trade_id": 143223234, "side": "sell", "size": "512.00000000", "price": "0.70430000", "time": "2025-07-12T15:09:45.595646Z", "fetched_at": "2025-07-12T15:10:50.809512+00:00", "symbol": "ADA-USD"}, {"trade_id": 143223233, "side": "sell", "size": "262.12097663", "price": "0.70420000", "time": "2025-07-12T15:09:45.594771Z", "fetched_at": "2025-07-12T15:10:50.809512+00:00", "symbol": "ADA-USD"}, {"trade_id": 143223232, "side": "sell", "size": "127.35822910", "price": "0.70420000", "time": "2025-07-12T15:09:45.568724Z", "fetched_at": "2025-07-12T15:10:50.809512+00:00", "symbol": "ADA-USD"}, {"trade_id": 143223231, "side": "sell", "size": "1.60000000", "price": "0.70420000", "time": "2025-07-12T15:09:45.568724Z", "fetched_at": "2025-07-12T15:10:50.809512+00:00", "symbol": "ADA-USD"}, {"trade_id": 143223230, "side": "sell", "size": "351.00000000", "price": "0.70410000", "time": "2025-07-12T15:09:45.568724Z", "fetched_at": "2025-07-12T15:10:50.809512+00:00", "symbol": "ADA-USD"}, {"trade_id": 143223229, "side": "buy", "size": "466.08675178", "price": "0.70390000", "time": "2025-07-12T15:09:45.559196Z", "fetched_at": "2025-07-12T15:10:50.809512+00:00", "symbol": "ADA-USD"}, {"trade_id": 143223228, "side": "buy", "size": "5269.80839809", "price": "0.70390000", "time": "2025-07-12T15:09:45.559196Z", "fetched_at": "2025-07-12T15:10:50.809512+00:00", "symbol": "ADA-USD"}, {"trade_id": 143223227, "side": "buy", "size": "718.75497739", "price": "0.70390000", "time": "2025-07-12T15:09:45.559196Z", "fetched_at": "2025-07-12T15:10:50.809512+00:00", "symbol": "ADA-USD"}, {"trade_id": 143223226, "side": "buy", "size": "981.50000000", "price": "0.70390000", "time": "2025-07-12T15:09:45.559196Z", "fetched_at": "2025-07-12T15:10:50.809512+00:00", "symbol": "ADA-USD"}, {"trade_id": 143223225, "side": "buy", "size": "500.00000000", "price": "0.70390000", "time": "2025-07-12T15:09:45.559196Z", "fetched_at": "2025-07-12T15:10:50.809512+00:00", "symbol": "ADA-USD"}, {"trade_id": 143223224, "side": "buy", "size": "696.90751437", "price": "0.70400000", "time": "2025-07-12T15:09:45.559196Z", "fetched_at": "2025-07-12T15:10:50.809512+00:00", "symbol": "ADA-USD"}, {"trade_id": 143223223, "side": "buy", "size": "14.20454546", "price": "0.70400000", "time": "2025-07-12T15:09:45.559196Z", "fetched_at": "2025-07-12T15:10:50.809512+00:00", "symbol": "ADA-USD"}, {"trade_id": 143223222, "side": "buy", "size": "2011.50977552", "price": "0.70400000", "time": "2025-07-12T15:09:45.559196Z", "fetched_at": "2025-07-12T15:10:50.809512+00:00", "symbol": "ADA-USD"}, {"trade_id": 143223221, "side": "buy", "size": "718.75497739", "price": "0.70400000", "time": "2025-07-12T15:09:45.559196Z", "fetched_at": "2025-07-12T15:10:50.809512+00:00", "symbol": "ADA-USD"}, {"trade_id": 143223220, "side": "buy", "size": "50.00000000", "price": "0.70400000", "time": "2025-07-12T15:09:45.559196Z", "fetched_at": "2025-07-12T15:10:50.809512+00:00", "symbol": "ADA-USD"}, {"trade_id": 143223219, "side": "buy", "size": "51.00306000", "price": "0.70410000", "time": "2025-07-12T15:09:45.559196Z", "fetched_at": "2025-07-12T15:10:50.809512+00:00", "symbol": "ADA-USD"}, {"trade_id": 143223218, "side": "sell", "size": "2.03574324", "price": "0.70400000", "time": "2025-07-12T15:09:44.087527Z", "fetched_at": "2025-07-12T15:10:50.809512+00:00", "symbol": "ADA-USD"}, {"trade_id": 143223217, "side": "sell", "size": "1.60000000", "price": "0.70400000", "time": "2025-07-12T15:09:43.955829Z", "fetched_at": "2025-07-12T15:10:50.809512+00:00", "symbol": "ADA-USD"}, {"trade_id": 143223216, "side": "sell", "size": "1.60000000", "price": "0.70380000", "time": "2025-07-12T15:09:43.681344Z", "fetched_at": "2025-07-12T15:10:50.809512+00:00", "symbol": "ADA-USD"}, {"trade_id": 143223215, "side": "sell", "size": "0.35847500", "price": "0.70370000", "time": "2025-07-12T15:09:42.045706Z", "fetched_at": "2025-07-12T15:10:50.809512+00:00", "symbol": "ADA-USD"}, {"trade_id": 143223214, "side": "sell", "size": "29.70619096", "price": "0.70360000", "time": "2025-07-12T15:09:41.995676Z", "fetched_at": "2025-07-12T15:10:50.809512+00:00", "symbol": "ADA-USD"}, {"trade_id": 143223213, "side": "sell", "size": "410.22048370", "price": "0.70350000", "time": "2025-07-12T15:09:41.915356Z", "fetched_at": "2025-07-12T15:10:50.809512+00:00", "symbol": "ADA-USD"}, {"trade_id": 143223212, "side": "sell", "size": "2.17694860", "price": "0.70360000", "time": "2025-07-12T15:09:41.679843Z", "fetched_at": "2025-07-12T15:10:50.809512+00:00", "symbol": "ADA-USD"}, {"trade_id": 143223211, "side": "sell", "size": "2.17694860", "price": "0.70360000", "time": "2025-07-12T15:09:41.662511Z", "fetched_at": "2025-07-12T15:10:50.809512+00:00", "symbol": "ADA-USD"}, {"trade_id": 143223210, "side": "sell", "size": "2.17694860", "price": "0.70360000", "time": "2025-07-12T15:09:41.621119Z", "fetched_at": "2025-07-12T15:10:50.809512+00:00", "symbol": "ADA-USD"}, {"trade_id": 143223209, "side": "sell", "size": "679.95907342", "price": "0.70360000", "time": "2025-07-12T15:09:41.621119Z", "fetched_at": "2025-07-12T15:10:50.809512+00:00", "symbol": "ADA-USD"}, {"trade_id": 143223208, "side": "sell", "size": "8.90300207", "price": "0.70360000", "time": "2025-07-12T15:09:41.465796Z", "fetched_at": "2025-07-12T15:10:50.809512+00:00", "symbol": "ADA-USD"}, {"trade_id": 143223207, "side": "sell", "size": "366.00481329", "price": "0.70360000", "time": "2025-07-12T15:09:41.265361Z", "fetched_at": "2025-07-12T15:10:50.809512+00:00", "symbol": "ADA-USD"}, {"trade_id": 143223206, "side": "sell", "size": "119.94663235", "price": "0.70350000", "time": "2025-07-12T15:09:41.207745Z", "fetched_at": "2025-07-12T15:10:50.809512+00:00", "symbol": "ADA-USD"}, {"trade_id": 143223205, "side": "buy", "size": "69.93006000", "price": "0.70330000", "time": "2025-07-12T15:09:41.151831Z", "fetched_at": "2025-07-12T15:10:50.809512+00:00", "symbol": "ADA-USD"}, {"trade_id": 143223204, "side": "sell", "size": "512.00000000", "price": "0.70340000", "time": "2025-07-12T15:09:41.132017Z", "fetched_at": "2025-07-12T15:10:50.809512+00:00", "symbol": "ADA-USD"}, {"trade_id": 143223203, "side": "sell", "size": "14.22521056", "price": "0.70330000", "time": "2025-07-12T15:09:41.131659Z", "fetched_at": "2025-07-12T15:10:50.809512+00:00", "symbol": "ADA-USD"}, {"trade_id": 143223202, "side": "sell", "size": "14.22521056", "price": "0.70320000", "time": "2025-07-12T15:09:41.063972Z", "fetched_at": "2025-07-12T15:10:50.809512+00:00", "symbol": "ADA-USD"}, {"trade_id": 143223201, "side": "sell", "size": "14.22521056", "price": "0.70320000", "time": "2025-07-12T15:09:41.049036Z", "fetched_at": "2025-07-12T15:10:50.809512+00:00", "symbol": "ADA-USD"}, {"trade_id": 143223200, "side": "sell", "size": "14.22521056", "price": "0.70320000", "time": "2025-07-12T15:09:41.031386Z", "fetched_at": "2025-07-12T15:10:50.809512+00:00", "symbol": "ADA-USD"}, {"trade_id": 143223199, "side": "sell", "size": "135.22653233", "price": "0.70320000", "time": "2025-07-12T15:09:40.294207Z", "fetched_at": "2025-07-12T15:10:50.809512+00:00", "symbol": "ADA-USD"}, {"trade_id": 143223198, "side": "sell", "size": "70.57631319", "price": "0.70320000", "time": "2025-07-12T15:09:40.275295Z", "fetched_at": "2025-07-12T15:10:50.809512+00:00", "symbol": "ADA-USD"}, {"trade_id": 143223197, "side": "sell", "size": "82.63952817", "price": "0.70320000", "time": "2025-07-12T15:09:40.264827Z", "fetched_at": "2025-07-12T15:10:50.809512+00:00", "symbol": "ADA-USD"}, {"trade_id": 143223196, "side": "sell", "size": "76.46773517", "price": "0.70320000", "time": "2025-07-12T15:09:40.253085Z", "fetched_at": "2025-07-12T15:10:50.809512+00:00", "symbol": "ADA-USD"}, {"trade_id": 143223195, "side": "sell", "size": "104.39662184", "price": "0.70320000", "time": "2025-07-12T15:09:40.238835Z", "fetched_at": "2025-07-12T15:10:50.809512+00:00", "symbol": "ADA-USD"}, {"trade_id": 143223194, "side": "sell", "size": "183.43176621", "price": "0.70310000", "time": "2025-07-12T15:09:40.208249Z", "fetched_at": "2025-07-12T15:10:50.809512+00:00", "symbol": "ADA-USD"}, {"trade_id": 143223193, "side": "sell", "size": "501.08295880", "price": "0.70310000", "time": "2025-07-12T15:09:40.198144Z", "fetched_at": "2025-07-12T15:10:50.809512+00:00", "symbol": "ADA-USD"}, {"trade_id": 143223192, "side": "sell", "size": "47.94520088", "price": "0.70300000", "time": "2025-07-12T15:09:40.132279Z", "fetched_at": "2025-07-12T15:10:50.809512+00:00", "symbol": "ADA-USD"}, {"trade_id": 143223191, "side": "sell", "size": "743.64588221", "price": "0.70300000", "time": "2025-07-12T15:09:40.122275Z", "fetched_at": "2025-07-12T15:10:50.809512+00:00", "symbol": "ADA-USD"}, {"trade_id": 143223190, "side": "sell", "size": "3.52335700", "price": "0.70300000", "time": "2025-07-12T15:09:40.080601Z", "fetched_at": "2025-07-12T15:10:50.809512+00:00", "symbol": "ADA-USD"}, {"trade_id": 143223189, "side": "sell", "size": "512.00000000", "price": "0.70320000", "time": "2025-07-12T15:09:39.372267Z", "fetched_at": "2025-07-12T15:10:50.809512+00:00", "symbol": "ADA-USD"}, {"trade_id": 143223188, "side": "sell", "size": "87.08084928", "price": "0.70320000", "time": "2025-07-12T15:09:39.229129Z", "fetched_at": "2025-07-12T15:10:50.809512+00:00", "symbol": "ADA-USD"}, {"trade_id": 143223187, "side": "sell", "size": "30.35248502", "price": "0.70320000", "time": "2025-07-12T15:09:39.216445Z", "fetched_at": "2025-07-12T15:10:50.809512+00:00", "symbol": "ADA-USD"}, {"trade_id": 143223186, "side": "sell", "size": "75.50174737", "price": "0.70320000", "time": "2025-07-12T15:09:39.197419Z", "fetched_at": "2025-07-12T15:10:50.809512+00:00", "symbol": "ADA-USD"}, {"trade_id": 143223185, "side": "sell", "size": "75.41362034", "price": "0.70320000", "time": "2025-07-12T15:09:39.186921Z", "fetched_at": "2025-07-12T15:10:50.809512+00:00", "symbol": "ADA-USD"}, {"trade_id": 143223184, "side": "sell", "size": "316.04701678", "price": "0.70320000", "time": "2025-07-12T15:09:39.175826Z", "fetched_at": "2025-07-12T15:10:50.809512+00:00", "symbol": "ADA-USD"}, {"trade_id": 143223183, "side": "sell", "size": "13.04019733", "price": "0.70320000", "time": "2025-07-12T15:09:39.175826Z", "fetched_at": "2025-07-12T15:10:50.809512+00:00", "symbol": "ADA-USD"}, {"trade_id": 143223182, "side": "sell", "size": "69.84407030", "price": "0.70320000", "time": "2025-07-12T15:09:39.164192Z", "fetched_at": "2025-07-12T15:10:50.809512+00:00", "symbol": "ADA-USD"}, {"trade_id": 143223181, "side": "sell", "size": "182.51075743", "price": "0.70320000", "time": "2025-07-12T15:09:39.153140Z", "fetched_at": "2025-07-12T15:10:50.809512+00:00", "symbol": "ADA-USD"}, {"trade_id": 143223180, "side": "sell", "size": "75.41177769", "price": "0.70320000", "time": "2025-07-12T15:09:39.128408Z", "fetched_at": "2025-07-12T15:10:50.809512+00:00", "symbol": "ADA-USD"}, {"trade_id": 143223179, "side": "sell", "size": "52.25871291", "price": "0.70320000", "time": "2025-07-12T15:09:39.116997Z", "fetched_at": "2025-07-12T15:10:50.809512+00:00", "symbol": "ADA-USD"}, {"trade_id": 143223178, "side": "sell", "size": "68.15810231", "price": "0.70320000", "time": "2025-07-12T15:09:39.106130Z", "fetched_at": "2025-07-12T15:10:50.809512+00:00", "symbol": "ADA-USD"}, {"trade_id": 143223177, "side": "sell", "size": "89.69091712", "price": "0.70320000", "time": "2025-07-12T15:09:39.095539Z", "fetched_at": "2025-07-12T15:10:50.809512+00:00", "symbol": "ADA-USD"}, {"trade_id": 143223176, "side": "sell", "size": "27.72789722", "price": "0.70320000", "time": "2025-07-12T15:09:39.082670Z", "fetched_at": "2025-07-12T15:10:50.809512+00:00", "symbol": "ADA-USD"}, {"trade_id": 143223175, "side": "sell", "size": "79.61829209", "price": "0.70320000", "time": "2025-07-12T15:09:39.059922Z", "fetched_at": "2025-07-12T15:10:50.809512+00:00", "symbol": "ADA-USD"}, {"trade_id": 143223174, "side": "sell", "size": "18.23544648", "price": "0.70320000", "time": "2025-07-12T15:09:39.048578Z", "fetched_at": "2025-07-12T15:10:50.809512+00:00", "symbol": "ADA-USD"}, {"trade_id": 143223173, "side": "sell", "size": "121.77819097", "price": "0.70320000", "time": "2025-07-12T15:09:39.023548Z", "fetched_at": "2025-07-12T15:10:50.809512+00:00", "symbol": "ADA-USD"}, {"trade_id": 143223172, "side": "sell", "size": "726.14591167", "price": "0.70320000", "time": "2025-07-12T15:09:38.986789Z", "fetched_at": "2025-07-12T15:10:50.809512+00:00", "symbol": "ADA-USD"}, {"trade_id": 143223171, "side": "sell", "size": "739.01877683", "price": "0.70320000", "time": "2025-07-12T15:09:38.975858Z", "fetched_at": "2025-07-12T15:10:50.809512+00:00", "symbol": "ADA-USD"}, {"trade_id": 143223170, "side": "sell", "size": "181.89552482", "price": "0.70330000", "time": "2025-07-12T15:09:38.895384Z", "fetched_at": "2025-07-12T15:10:50.809512+00:00", "symbol": "ADA-USD"}, {"trade_id": 143223169, "side": "sell", "size": "238.11917348", "price": "0.70330000", "time": "2025-07-12T15:09:38.880743Z", "fetched_at": "2025-07-12T15:10:50.809512+00:00", "symbol": "ADA-USD"}, {"trade_id": 143223168, "side": "sell", "size": "382.25046644", "price": "0.70330000", "time": "2025-07-12T15:09:38.867326Z", "fetched_at": "2025-07-12T15:10:50.809512+00:00", "symbol": "ADA-USD"}, {"trade_id": 143223167, "side": "buy", "size": "981.50000000", "price": "0.70330000", "time": "2025-07-12T15:09:38.853441Z", "fetched_at": "2025-07-12T15:10:50.809512+00:00", "symbol": "ADA-USD"}, {"trade_id": 143223166, "side": "buy", "size": "3234.15331235", "price": "0.70330000", "time": "2025-07-12T15:09:38.853441Z", "fetched_at": "2025-07-12T15:10:50.809512+00:00", "symbol": "ADA-USD"}, {"trade_id": 143223165, "side": "sell", "size": "276.56570802", "price": "0.70330000", "time": "2025-07-12T15:09:38.655170Z", "fetched_at": "2025-07-12T15:10:50.809512+00:00", "symbol": "ADA-USD"}, {"trade_id": 143223164, "side": "sell", "size": "389.64953523", "price": "0.70330000", "time": "2025-07-12T15:09:38.617607Z", "fetched_at": "2025-07-12T15:10:50.809512+00:00", "symbol": "ADA-USD"}, {"trade_id": 143223163, "side": "sell", "size": "98.25345725", "price": "0.70330000", "time": "2025-07-12T15:09:38.603907Z", "fetched_at": "2025-07-12T15:10:50.809512+00:00", "symbol": "ADA-USD"}, {"trade_id": 143223162, "side": "sell", "size": "265.63911687", "price": "0.70330000", "time": "2025-07-12T15:09:38.586717Z", "fetched_at": "2025-07-12T15:10:50.809512+00:00", "symbol": "ADA-USD"}, {"trade_id": 143223161, "side": "sell", "size": "147.43865373", "price": "0.70330000", "time": "2025-07-12T15:09:38.573243Z", "fetched_at": "2025-07-12T15:10:50.809512+00:00", "symbol": "ADA-USD"}, {"trade_id": 143223160, "side": "sell", "size": "232.74147332", "price": "0.70330000", "time": "2025-07-12T15:09:38.562948Z", "fetched_at": "2025-07-12T15:10:50.809512+00:00", "symbol": "ADA-USD"}, {"trade_id": 143223159, "side": "sell", "size": "168.33973883", "price": "0.70330000", "time": "2025-07-12T15:09:38.551357Z", "fetched_at": "2025-07-12T15:10:50.809512+00:00", "symbol": "ADA-USD"}, {"trade_id": 143223158, "side": "sell", "size": "351.00000000", "price": "0.70330000", "time": "2025-07-12T15:09:38.529787Z", "fetched_at": "2025-07-12T15:10:50.809512+00:00", "symbol": "ADA-USD"}, {"trade_id": 143223157, "side": "sell", "size": "620.67641721", "price": "0.70340000", "time": "2025-07-12T15:09:38.492262Z", "fetched_at": "2025-07-12T15:10:50.809512+00:00", "symbol": "ADA-USD"}, {"trade_id": 143223156, "side": "sell", "size": "600.00000000", "price": "0.70330000", "time": "2025-07-12T15:09:37.924617Z", "fetched_at": "2025-07-12T15:10:50.809512+00:00", "symbol": "ADA-USD"}, {"trade_id": 143223155, "side": "sell", "size": "68.35627125", "price": "0.70330000", "time": "2025-07-12T15:09:37.761230Z", "fetched_at": "2025-07-12T15:10:50.809512+00:00", "symbol": "ADA-USD"}, {"trade_id": 143223154, "side": "sell", "size": "170.19383000", "price": "0.70330000", "time": "2025-07-12T15:09:37.745872Z", "fetched_at": "2025-07-12T15:10:50.809512+00:00", "symbol": "ADA-USD"}, {"trade_id": 143223153, "side": "sell", "size": "152.66361000", "price": "0.70330000", "time": "2025-07-12T15:09:37.738572Z", "fetched_at": "2025-07-12T15:10:50.809512+00:00", "symbol": "ADA-USD"}, {"trade_id": 143223152, "side": "sell", "size": "364.68696000", "price": "0.70330000", "time": "2025-07-12T15:09:37.731533Z", "fetched_at": "2025-07-12T15:10:50.809512+00:00", "symbol": "ADA-USD"}, {"trade_id": 143223151, "side": "sell", "size": "712.28754774", "price": "0.70320000", "time": "2025-07-12T15:09:37.453705Z", "fetched_at": "2025-07-12T15:10:50.809512+00:00", "symbol": "ADA-USD"}, {"trade_id": 143223150, "side": "sell", "size": "161.00000000", "price": "0.70340000", "time": "2025-07-12T15:09:37.348798Z", "fetched_at": "2025-07-12T15:10:50.809512+00:00", "symbol": "ADA-USD"}, {"trade_id": 143223149, "side": "sell", "size": "351.00000000", "price": "0.70340000", "time": "2025-07-12T15:09:37.348798Z", "fetched_at": "2025-07-12T15:10:50.809512+00:00", "symbol": "ADA-USD"}, {"trade_id": 143223148, "side": "sell", "size": "69.93006000", "price": "0.70330000", "time": "2025-07-12T15:09:37.343769Z", "fetched_at": "2025-07-12T15:10:50.809512+00:00", "symbol": "ADA-USD"}, {"trade_id": 143223147, "side": "sell", "size": "69.93006000", "price": "0.70330000", "time": "2025-07-12T15:09:37.343739Z", "fetched_at": "2025-07-12T15:10:50.809512+00:00", "symbol": "ADA-USD"}, {"trade_id": 143223146, "side": "buy", "size": "351.00000000", "price": "0.70340000", "time": "2025-07-12T15:09:37.183157Z", "fetched_at": "2025-07-12T15:10:50.809512+00:00", "symbol": "ADA-USD"}, {"trade_id": 143223145, "side": "buy", "size": "9.73555373", "price": "0.70340000", "time": "2025-07-12T15:09:37.183157Z", "fetched_at": "2025-07-12T15:10:50.809512+00:00", "symbol": "ADA-USD"}, {"trade_id": 143223144, "side": "buy", "size": "9.63112577", "price": "0.70360000", "time": "2025-07-12T15:09:37.132697Z", "fetched_at": "2025-07-12T15:10:50.809512+00:00", "symbol": "ADA-USD"}, {"trade_id": 143223143, "side": "buy", "size": "9.63112577", "price": "0.70360000", "time": "2025-07-12T15:09:36.995324Z", "fetched_at": "2025-07-12T15:10:50.809512+00:00", "symbol": "ADA-USD"}, {"trade_id": 143223142, "side": "buy", "size": "9.63249480", "price": "0.70350000", "time": "2025-07-12T15:09:36.982815Z", "fetched_at": "2025-07-12T15:10:50.809512+00:00", "symbol": "ADA-USD"}, {"trade_id": 143223141, "side": "sell", "size": "737.53497443", "price": "0.70360000", "time": "2025-07-12T15:09:36.982092Z", "fetched_at": "2025-07-12T15:10:50.809512+00:00", "symbol": "ADA-USD"}, {"trade_id": 143223140, "side": "sell", "size": "51.00306000", "price": "0.70360000", "time": "2025-07-12T15:09:36.982092Z", "fetched_at": "2025-07-12T15:10:50.809512+00:00", "symbol": "ADA-USD"}, {"trade_id": 143223139, "side": "sell", "size": "1.60000000", "price": "0.70360000", "time": "2025-07-12T15:09:36.982092Z", "fetched_at": "2025-07-12T15:10:50.809512+00:00", "symbol": "ADA-USD"}, {"trade_id": 143223138, "side": "buy", "size": "9.63249480", "price": "0.70350000", "time": "2025-07-12T15:09:36.966483Z", "fetched_at": "2025-07-12T15:10:50.809512+00:00", "symbol": "ADA-USD"}, {"trade_id": 143223137, "side": "buy", "size": "351.00000000", "price": "0.70350000", "time": "2025-07-12T15:09:36.955584Z", "fetched_at": "2025-07-12T15:10:50.809512+00:00", "symbol": "ADA-USD"}, {"trade_id": 143223136, "side": "buy", "size": "9.63249480", "price": "0.70350000", "time": "2025-07-12T15:09:36.955584Z", "fetched_at": "2025-07-12T15:10:50.809512+00:00", "symbol": "ADA-USD"}, {"trade_id": 143223135, "side": "buy", "size": "351.00000000", "price": "0.70350000", "time": "2025-07-12T15:09:36.944328Z", "fetched_at": "2025-07-12T15:10:50.809512+00:00", "symbol": "ADA-USD"}, {"trade_id": 143223134, "side": "buy", "size": "69.93006000", "price": "0.70330000", "time": "2025-07-12T15:09:36.752709Z", "fetched_at": "2025-07-12T15:10:50.809512+00:00", "symbol": "ADA-USD"}, {"trade_id": 143223133, "side": "buy", "size": "8.98946437", "price": "0.70330000", "time": "2025-07-12T15:09:36.717976Z", "fetched_at": "2025-07-12T15:10:50.809512+00:00", "symbol": "ADA-USD"}, {"trade_id": 143223132, "side": "buy", "size": "51.00306000", "price": "0.70350000", "time": "2025-07-12T15:09:36.717976Z", "fetched_at": "2025-07-12T15:10:50.809512+00:00", "symbol": "ADA-USD"}, {"trade_id": 143223131, "side": "sell", "size": "51.00306000", "price": "0.70360000", "time": "2025-07-12T15:09:36.714176Z", "fetched_at": "2025-07-12T15:10:50.809512+00:00", "symbol": "ADA-USD"}, {"trade_id": 143223130, "side": "buy", "size": "351.00000000", "price": "0.70330000", "time": "2025-07-12T15:09:36.709983Z", "fetched_at": "2025-07-12T15:10:50.809512+00:00", "symbol": "ADA-USD"}, {"trade_id": 143223129, "side": "buy", "size": "51.00306000", "price": "0.70340000", "time": "2025-07-12T15:09:36.709983Z", "fetched_at": "2025-07-12T15:10:50.809512+00:00", "symbol": "ADA-USD"}, {"trade_id": 143223128, "side": "sell", "size": "1.60000000", "price": "0.70350000", "time": "2025-07-12T15:09:36.696995Z", "fetched_at": "2025-07-12T15:10:50.809512+00:00", "symbol": "ADA-USD"}, {"trade_id": 143223127, "side": "buy", "size": "250.46205946", "price": "0.70320000", "time": "2025-07-12T15:09:36.696038Z", "fetched_at": "2025-07-12T15:10:50.809512+00:00", "symbol": "ADA-USD"}, {"trade_id": 143223126, "side": "buy", "size": "351.00000000", "price": "0.70330000", "time": "2025-07-12T15:09:36.696038Z", "fetched_at": "2025-07-12T15:10:50.809512+00:00", "symbol": "ADA-USD"}, {"trade_id": 143223125, "side": "buy", "size": "351.00000000", "price": "0.70330000", "time": "2025-07-12T15:09:36.686264Z", "fetched_at": "2025-07-12T15:10:50.809512+00:00", "symbol": "ADA-USD"}, {"trade_id": 143223124, "side": "sell", "size": "1.60000000", "price": "0.70340000", "time": "2025-07-12T15:09:36.679459Z", "fetched_at": "2025-07-12T15:10:50.809512+00:00", "symbol": "ADA-USD"}, {"trade_id": 143223123, "side": "buy", "size": "8.99074274", "price": "0.70320000", "time": "2025-07-12T15:09:36.674811Z", "fetched_at": "2025-07-12T15:10:50.809512+00:00", "symbol": "ADA-USD"}, {"trade_id": 143223122, "side": "sell", "size": "856.74807213", "price": "0.70330000", "time": "2025-07-12T15:09:36.548375Z", "fetched_at": "2025-07-12T15:10:50.809512+00:00", "symbol": "ADA-USD"}, {"trade_id": 143223121, "side": "sell", "size": "598.51540787", "price": "0.70330000", "time": "2025-07-12T15:09:36.548216Z", "fetched_at": "2025-07-12T15:10:50.809512+00:00", "symbol": "ADA-USD"}, {"trade_id": 143223120, "side": "sell", "size": "3055.41644248", "price": "0.70320000", "time": "2025-07-12T15:09:36.547259Z", "fetched_at": "2025-07-12T15:10:50.809512+00:00", "symbol": "ADA-USD"}, {"trade_id": 143223119, "side": "sell", "size": "332.64502261", "price": "0.70320000", "time": "2025-07-12T15:09:36.409495Z", "fetched_at": "2025-07-12T15:10:50.809512+00:00", "symbol": "ADA-USD"}, {"trade_id": 143223118, "side": "sell", "size": "718.75497739", "price": "0.70320000", "time": "2025-07-12T15:09:36.409495Z", "fetched_at": "2025-07-12T15:10:50.809512+00:00", "symbol": "ADA-USD"}, {"trade_id": 143223117, "side": "sell", "size": "1.60000000", "price": "0.70320000", "time": "2025-07-12T15:09:36.409495Z", "fetched_at": "2025-07-12T15:10:50.809512+00:00", "symbol": "ADA-USD"}, {"trade_id": 143223116, "side": "sell", "size": "247.39114000", "price": "0.70300000", "time": "2025-07-12T15:09:36.397750Z", "fetched_at": "2025-07-12T15:10:50.809512+00:00", "symbol": "ADA-USD"}, {"trade_id": 143223115, "side": "sell", "size": "69.93006000", "price": "0.70300000", "time": "2025-07-12T15:09:36.397721Z", "fetched_at": "2025-07-12T15:10:50.809512+00:00", "symbol": "ADA-USD"}, {"trade_id": 143223114, "side": "sell", "size": "482.67880000", "price": "0.70300000", "time": "2025-07-12T15:09:36.397282Z", "fetched_at": "2025-07-12T15:10:50.809512+00:00", "symbol": "ADA-USD"}, {"trade_id": 143223113, "side": "sell", "size": "559.48380294", "price": "0.70310000", "time": "2025-07-12T15:09:36.393935Z", "fetched_at": "2025-07-12T15:10:50.809512+00:00", "symbol": "ADA-USD"}, {"trade_id": 143223112, "side": "sell", "size": "718.75497739", "price": "0.70310000", "time": "2025-07-12T15:09:36.393935Z", "fetched_at": "2025-07-12T15:10:50.809512+00:00", "symbol": "ADA-USD"}, {"trade_id": 143223111, "side": "sell", "size": "0.00009413", "price": "0.70300000", "time": "2025-07-12T15:09:36.393935Z", "fetched_at": "2025-07-12T15:10:50.809512+00:00", "symbol": "ADA-USD"}, {"trade_id": 143223110, "side": "sell", "size": "1.59990587", "price": "0.70300000", "time": "2025-07-12T15:09:36.333767Z", "fetched_at": "2025-07-12T15:10:50.809512+00:00", "symbol": "ADA-USD"}, {"trade_id": 143223109, "side": "sell", "size": "274.31079413", "price": "0.70300000", "time": "2025-07-12T15:09:36.333767Z", "fetched_at": "2025-07-12T15:10:50.809512+00:00", "symbol": "ADA-USD"}, {"trade_id": 143223108, "side": "sell", "size": "600.00000000", "price": "0.70280000", "time": "2025-07-12T15:09:36.221849Z", "fetched_at": "2025-07-12T15:10:50.809512+00:00", "symbol": "ADA-USD"}, {"trade_id": 143223107, "side": "sell", "size": "50.00000000", "price": "0.70280000", "time": "2025-07-12T15:09:35.724664Z", "fetched_at": "2025-07-12T15:10:50.809512+00:00", "symbol": "ADA-USD"}, {"trade_id": 143223106, "side": "sell", "size": "224.31059354", "price": "0.70280000", "time": "2025-07-12T15:09:35.722580Z", "fetched_at": "2025-07-12T15:10:50.809512+00:00", "symbol": "ADA-USD"}, {"trade_id": 143223105, "side": "sell", "size": "1123.10020646", "price": "0.70280000", "time": "2025-07-12T15:09:35.722580Z", "fetched_at": "2025-07-12T15:10:50.809512+00:00", "symbol": "ADA-USD"}, {"trade_id": 143223104, "side": "sell", "size": "332.57748354", "price": "0.70280000", "time": "2025-07-12T15:09:35.721521Z", "fetched_at": "2025-07-12T15:10:50.809512+00:00", "symbol": "ADA-USD"}, {"trade_id": 143223103, "side": "sell", "size": "1.60000000", "price": "0.70280000", "time": "2025-07-12T15:09:35.721521Z", "fetched_at": "2025-07-12T15:10:50.809512+00:00", "symbol": "ADA-USD"}, {"trade_id": 143223102, "side": "sell", "size": "0.00001646", "price": "0.70270000", "time": "2025-07-12T15:09:35.721521Z", "fetched_at": "2025-07-12T15:10:50.809512+00:00", "symbol": "ADA-USD"}, {"trade_id": 143223101, "side": "sell", "size": "43.37090000", "price": "0.70270000", "time": "2025-07-12T15:09:35.715457Z", "fetched_at": "2025-07-12T15:10:50.809512+00:00", "symbol": "ADA-USD"}, {"trade_id": 143223100, "side": "sell", "size": "224.31079413", "price": "0.70260000", "time": "2025-07-12T15:09:35.712829Z", "fetched_at": "2025-07-12T15:10:50.809512+00:00", "symbol": "ADA-USD"}, {"trade_id": 143223099, "side": "sell", "size": "50.00000000", "price": "0.70260000", "time": "2025-07-12T15:09:35.708375Z", "fetched_at": "2025-07-12T15:10:50.809512+00:00", "symbol": "ADA-USD"}, {"trade_id": 143223098, "side": "sell", "size": "50.00000000", "price": "0.70260000", "time": "2025-07-12T15:09:35.697694Z", "fetched_at": "2025-07-12T15:10:50.809512+00:00", "symbol": "ADA-USD"}, {"trade_id": 143223097, "side": "sell", "size": "800.00000000", "price": "0.70250000", "time": "2025-07-12T15:09:35.697694Z", "fetched_at": "2025-07-12T15:10:50.809512+00:00", "symbol": "ADA-USD"}, {"trade_id": 143223096, "side": "sell", "size": "5.10093406", "price": "0.70270000", "time": "2025-07-12T15:09:35.691368Z", "fetched_at": "2025-07-12T15:10:50.809512+00:00", "symbol": "ADA-USD"}, {"trade_id": 143223095, "side": "sell", "size": "1.60000000", "price": "0.70270000", "time": "2025-07-12T15:09:35.691368Z", "fetched_at": "2025-07-12T15:10:50.809512+00:00", "symbol": "ADA-USD"}, {"trade_id": 143223094, "side": "sell", "size": "1455.67769000", "price": "0.70270000", "time": "2025-07-12T15:09:35.691368Z", "fetched_at": "2025-07-12T15:10:50.809512+00:00", "symbol": "ADA-USD"}, {"trade_id": 143223093, "side": "sell", "size": "274.31079413", "price": "0.70260000", "time": "2025-07-12T15:09:35.691368Z", "fetched_at": "2025-07-12T15:10:50.809512+00:00", "symbol": "ADA-USD"}, {"trade_id": 143223092, "side": "sell", "size": "719.37967815", "price": "0.70260000", "time": "2025-07-12T15:09:35.682822Z", "fetched_at": "2025-07-12T15:10:50.809512+00:00", "symbol": "ADA-USD"}, {"trade_id": 143223091, "side": "sell", "size": "1.60000000", "price": "0.70260000", "time": "2025-07-12T15:09:35.682822Z", "fetched_at": "2025-07-12T15:10:50.809512+00:00", "symbol": "ADA-USD"}, {"trade_id": 143223090, "side": "sell", "size": "1212.13663122", "price": "0.70260000", "time": "2025-07-12T15:09:35.682822Z", "fetched_at": "2025-07-12T15:10:50.809512+00:00", "symbol": "ADA-USD"}, {"trade_id": 143223089, "side": "sell", "size": "243.54105878", "price": "0.70260000", "time": "2025-07-12T15:09:35.676487Z", "fetched_at": "2025-07-12T15:10:50.809512+00:00", "symbol": "ADA-USD"}, {"trade_id": 143223088, "side": "sell", "size": "274.31079413", "price": "0.70250000", "time": "2025-07-12T15:09:35.676487Z", "fetched_at": "2025-07-12T15:10:50.809512+00:00", "symbol": "ADA-USD"}, {"trade_id": 143223087, "side": "sell", "size": "0.00013406", "price": "0.70250000", "time": "2025-07-12T15:09:35.676487Z", "fetched_at": "2025-07-12T15:10:50.809512+00:00", "symbol": "ADA-USD"}, {"trade_id": 143223086, "side": "sell", "size": "1666.80277594", "price": "0.70250000", "time": "2025-07-12T15:09:35.676123Z", "fetched_at": "2025-07-12T15:10:50.809512+00:00", "symbol": "ADA-USD"}, {"trade_id": 143223085, "side": "sell", "size": "110.16822406", "price": "0.70250000", "time": "2025-07-12T15:09:35.676123Z", "fetched_at": "2025-07-12T15:10:50.809512+00:00", "symbol": "ADA-USD"}, {"trade_id": 143223084, "side": "sell", "size": "601.65289951", "price": "0.70250000", "time": "2025-07-12T15:09:35.675127Z", "fetched_at": "2025-07-12T15:10:50.809512+00:00", "symbol": "ADA-USD"}, {"trade_id": 143223083, "side": "sell", "size": "1.60000000", "price": "0.70250000", "time": "2025-07-12T15:09:35.675127Z", "fetched_at": "2025-07-12T15:10:50.809512+00:00", "symbol": "ADA-USD"}, {"trade_id": 143223082, "side": "sell", "size": "123.77200049", "price": "0.70250000", "time": "2025-07-12T15:09:35.675127Z", "fetched_at": "2025-07-12T15:10:50.809512+00:00", "symbol": "ADA-USD"}, {"trade_id": 143223081, "side": "sell", "size": "1331.90568951", "price": "0.70250000", "time": "2025-07-12T15:09:35.668261Z", "fetched_at": "2025-07-12T15:10:50.809512+00:00", "symbol": "ADA-USD"}, {"trade_id": 143223080, "side": "sell", "size": "274.31079413", "price": "0.70250000", "time": "2025-07-12T15:09:35.668261Z", "fetched_at": "2025-07-12T15:10:50.809512+00:00", "symbol": "ADA-USD"}, {"trade_id": 143223079, "side": "sell", "size": "1.60000000", "price": "0.70240000", "time": "2025-07-12T15:09:35.668261Z", "fetched_at": "2025-07-12T15:10:50.809512+00:00", "symbol": "ADA-USD"}, {"trade_id": 143223078, "side": "sell", "size": "1281.50363092", "price": "0.70230000", "time": "2025-07-12T15:09:35.566735Z", "fetched_at": "2025-07-12T15:10:50.809512+00:00", "symbol": "ADA-USD"}, {"trade_id": 143223077, "side": "buy", "size": "69.93006000", "price": "0.70190000", "time": "2025-07-12T15:09:34.787364Z", "fetched_at": "2025-07-12T15:10:50.809512+00:00", "symbol": "ADA-USD"}, {"trade_id": 143223076, "side": "sell", "size": "3.50607077", "price": "0.70190000", "time": "2025-07-12T15:09:34.751937Z", "fetched_at": "2025-07-12T15:10:50.809512+00:00", "symbol": "ADA-USD"}, {"trade_id": 143223075, "side": "sell", "size": "3.50607077", "price": "0.70190000", "time": "2025-07-12T15:09:34.741282Z", "fetched_at": "2025-07-12T15:10:50.809512+00:00", "symbol": "ADA-USD"}, {"trade_id": 143223074, "side": "sell", "size": "3.39376691", "price": "0.70190000", "time": "2025-07-12T15:09:34.651641Z", "fetched_at": "2025-07-12T15:10:50.809512+00:00", "symbol": "ADA-USD"}, {"trade_id": 143223073, "side": "buy", "size": "1070.28448322", "price": "0.70170000", "time": "2025-07-12T15:09:34.352385Z", "fetched_at": "2025-07-12T15:10:50.809512+00:00", "symbol": "ADA-USD"}, {"trade_id": 143223072, "side": "buy", "size": "529.71551678", "price": "0.70170000", "time": "2025-07-12T15:09:34.352159Z", "fetched_at": "2025-07-12T15:10:50.809512+00:00", "symbol": "ADA-USD"}, {"trade_id": 143223071, "side": "buy", "size": "274.31079413", "price": "0.70170000", "time": "2025-07-12T15:09:34.352159Z", "fetched_at": "2025-07-12T15:10:50.809512+00:00", "symbol": "ADA-USD"}, {"trade_id": 143223070, "side": "buy", "size": "351.00000000", "price": "0.70170000", "time": "2025-07-12T15:09:34.352159Z", "fetched_at": "2025-07-12T15:10:50.809512+00:00", "symbol": "ADA-USD"}, {"trade_id": 143223069, "side": "buy", "size": "712.43909353", "price": "0.70180000", "time": "2025-07-12T15:09:34.352159Z", "fetched_at": "2025-07-12T15:10:50.809512+00:00", "symbol": "ADA-USD"}, {"trade_id": 143223068, "side": "sell", "size": "100.52550000", "price": "0.70210000", "time": "2025-07-12T15:09:34.317357Z", "fetched_at": "2025-07-12T15:10:50.809512+00:00", "symbol": "ADA-USD"}, {"trade_id": 143223067, "side": "sell", "size": "886.45697021", "price": "0.70210000", "time": "2025-07-12T15:09:34.315451Z", "fetched_at": "2025-07-12T15:10:50.809512+00:00", "symbol": "ADA-USD"}, {"trade_id": 143223066, "side": "sell", "size": "166.54312979", "price": "0.70210000", "time": "2025-07-12T15:09:34.315451Z", "fetched_at": "2025-07-12T15:10:50.809512+00:00", "symbol": "ADA-USD"}, {"trade_id": 143223065, "side": "sell", "size": "552.21184760", "price": "0.70210000", "time": "2025-07-12T15:09:34.311382Z", "fetched_at": "2025-07-12T15:10:50.809512+00:00", "symbol": "ADA-USD"}, {"trade_id": 143223064, "side": "sell", "size": "435.18515240", "price": "0.70210000", "time": "2025-07-12T15:09:34.311382Z", "fetched_at": "2025-07-12T15:10:50.809512+00:00", "symbol": "ADA-USD"}, {"trade_id": 143223063, "side": "sell", "size": "14.24393162", "price": "0.70200000", "time": "2025-07-12T15:09:34.276231Z", "fetched_at": "2025-07-12T15:10:50.809512+00:00", "symbol": "ADA-USD"}, {"trade_id": 143223062, "side": "sell", "size": "14.24393162", "price": "0.70200000", "time": "2025-07-12T15:09:34.264817Z", "fetched_at": "2025-07-12T15:10:50.809512+00:00", "symbol": "ADA-USD"}, {"trade_id": 143223061, "side": "sell", "size": "859.28877701", "price": "0.70200000", "time": "2025-07-12T15:09:33.920943Z", "fetched_at": "2025-07-12T15:10:50.809512+00:00", "symbol": "ADA-USD"}, {"trade_id": 143223060, "side": "sell", "size": "196.38849688", "price": "0.70200000", "time": "2025-07-12T15:09:33.917646Z", "fetched_at": "2025-07-12T15:10:50.809512+00:00", "symbol": "ADA-USD"}, {"trade_id": 143223059, "side": "sell", "size": "2055.99007520", "price": "0.70200000", "time": "2025-07-12T15:09:33.917646Z", "fetched_at": "2025-07-12T15:10:50.809512+00:00", "symbol": "ADA-USD"}, {"trade_id": 143223058, "side": "sell", "size": "3250.60992480", "price": "0.70200000", "time": "2025-07-12T15:09:33.917525Z", "fetched_at": "2025-07-12T15:10:50.809512+00:00", "symbol": "ADA-USD"}, {"trade_id": 143223057, "side": "sell", "size": "762.81293913", "price": "0.70200000", "time": "2025-07-12T15:09:33.917525Z", "fetched_at": "2025-07-12T15:10:50.809512+00:00", "symbol": "ADA-USD"}, {"trade_id": 143223056, "side": "sell", "size": "61.25579181", "price": "0.70200000", "time": "2025-07-12T15:09:33.917525Z", "fetched_at": "2025-07-12T15:10:50.809512+00:00", "symbol": "ADA-USD"}, {"trade_id": 143223055, "side": "sell", "size": "3.74845442", "price": "0.70190000", "time": "2025-07-12T15:09:33.917525Z", "fetched_at": "2025-07-12T15:10:50.809512+00:00", "symbol": "ADA-USD"}, {"trade_id": 143223054, "side": "sell", "size": "657.49918558", "price": "0.70200000", "time": "2025-07-12T15:09:33.892305Z", "fetched_at": "2025-07-12T15:10:50.809512+00:00", "symbol": "ADA-USD"}, {"trade_id": 143223053, "side": "sell", "size": "51.00306000", "price": "0.70190000", "time": "2025-07-12T15:09:33.892305Z", "fetched_at": "2025-07-12T15:10:50.809512+00:00", "symbol": "ADA-USD"}, {"trade_id": 143223052, "side": "sell", "size": "3.74845442", "price": "0.70190000", "time": "2025-07-12T15:09:33.892305Z", "fetched_at": "2025-07-12T15:10:50.809512+00:00", "symbol": "ADA-USD"}, {"trade_id": 143223051, "side": "buy", "size": "5.24372977", "price": "0.70170000", "time": "2025-07-12T15:09:33.704742Z", "fetched_at": "2025-07-12T15:10:50.809512+00:00", "symbol": "ADA-USD"}, {"trade_id": 143223050, "side": "buy", "size": "345.75627023", "price": "0.70170000", "time": "2025-07-12T15:09:33.704742Z", "fetched_at": "2025-07-12T15:10:50.809512+00:00", "symbol": "ADA-USD"}, {"trade_id": 143223049, "side": "buy", "size": "5.24372977", "price": "0.70170000", "time": "2025-07-12T15:09:33.704322Z", "fetched_at": "2025-07-12T15:10:50.809512+00:00", "symbol": "ADA-USD"}, {"trade_id": 143223048, "side": "buy", "size": "1.60000000", "price": "0.70170000", "time": "2025-07-12T15:09:33.704322Z", "fetched_at": "2025-07-12T15:10:50.809512+00:00", "symbol": "ADA-USD"}, {"trade_id": 143223047, "side": "buy", "size": "0.00003122", "price": "0.70170000", "time": "2025-07-12T15:09:33.704322Z", "fetched_at": "2025-07-12T15:10:50.809512+00:00", "symbol": "ADA-USD"}, {"trade_id": 143223046, "side": "buy", "size": "0.00105824", "price": "0.70170000", "time": "2025-07-12T15:09:33.704322Z", "fetched_at": "2025-07-12T15:10:50.809512+00:00", "symbol": "ADA-USD"}, {"trade_id": 143223045, "side": "buy", "size": "0.00057046", "price": "0.70170000", "time": "2025-07-12T15:09:33.704322Z", "fetched_at": "2025-07-12T15:10:50.809512+00:00", "symbol": "ADA-USD"}, {"trade_id": 143223044, "side": "buy", "size": "351.00000000", "price": "0.70180000", "time": "2025-07-12T15:09:33.704322Z", "fetched_at": "2025-07-12T15:10:50.809512+00:00", "symbol": "ADA-USD"}, {"trade_id": 143223043, "side": "buy", "size": "5.24298259", "price": "0.70180000", "time": "2025-07-12T15:09:33.688033Z", "fetched_at": "2025-07-12T15:10:50.809512+00:00", "symbol": "ADA-USD"}, {"trade_id": 143223042, "side": "buy", "size": "747.58388147", "price": "0.70180000", "time": "2025-07-12T15:09:33.688033Z", "fetched_at": "2025-07-12T15:10:50.809512+00:00", "symbol": "ADA-USD"}, {"trade_id": 143223041, "side": "buy", "size": "351.00000000", "price": "0.70180000", "time": "2025-07-12T15:09:33.613762Z", "fetched_at": "2025-07-12T15:10:50.809512+00:00", "symbol": "ADA-USD"}, {"trade_id": 143223040, "side": "sell", "size": "11.12736540", "price": "0.70190000", "time": "2025-07-12T15:09:33.535749Z", "fetched_at": "2025-07-12T15:10:50.809512+00:00", "symbol": "ADA-USD"}, {"trade_id": 143223039, "side": "buy", "size": "5.24298259", "price": "0.70180000", "time": "2025-07-12T15:09:33.512480Z", "fetched_at": "2025-07-12T15:10:50.809512+00:00", "symbol": "ADA-USD"}, {"trade_id": 143223038, "side": "buy", "size": "5.89575866", "price": "0.70180000", "time": "2025-07-12T15:09:33.420124Z", "fetched_at": "2025-07-12T15:10:50.809512+00:00", "symbol": "ADA-USD"}, {"trade_id": 143223037, "side": "buy", "size": "6.82589115", "price": "0.70180000", "time": "2025-07-12T15:09:33.396877Z", "fetched_at": "2025-07-12T15:10:50.809512+00:00", "symbol": "ADA-USD"}, {"trade_id": 143223036, "side": "buy", "size": "6.82589115", "price": "0.70180000", "time": "2025-07-12T15:09:33.387094Z", "fetched_at": "2025-07-12T15:10:50.809512+00:00", "symbol": "ADA-USD"}, {"trade_id": 143223035, "side": "buy", "size": "1.60000000", "price": "0.70180000", "time": "2025-07-12T15:09:33.387094Z", "fetched_at": "2025-07-12T15:10:50.809512+00:00", "symbol": "ADA-USD"}, {"trade_id": 143223034, "side": "buy", "size": "1.95321062", "price": "0.70180000", "time": "2025-07-12T15:09:33.387094Z", "fetched_at": "2025-07-12T15:10:50.809512+00:00", "symbol": "ADA-USD"}, {"trade_id": 143223033, "side": "buy", "size": "0.00008549", "price": "0.70180000", "time": "2025-07-12T15:09:33.387094Z", "fetched_at": "2025-07-12T15:10:50.809512+00:00", "symbol": "ADA-USD"}, {"trade_id": 143223032, "side": "buy", "size": "0.32379595", "price": "0.70180000", "time": "2025-07-12T15:09:33.387094Z", "fetched_at": "2025-07-12T15:10:50.809512+00:00", "symbol": "ADA-USD"}, {"trade_id": 143223031, "side": "buy", "size": "6.82491866", "price": "0.70190000", "time": "2025-07-12T15:09:33.288306Z", "fetched_at": "2025-07-12T15:10:50.809512+00:00", "symbol": "ADA-USD"}, {"trade_id": 143223030, "side": "buy", "size": "1.60000000", "price": "0.70190000", "time": "2025-07-12T15:09:33.288306Z", "fetched_at": "2025-07-12T15:10:50.809512+00:00", "symbol": "ADA-USD"}, {"trade_id": 143223029, "side": "buy", "size": "0.00000271", "price": "0.70190000", "time": "2025-07-12T15:09:33.288306Z", "fetched_at": "2025-07-12T15:10:50.809512+00:00", "symbol": "ADA-USD"}, {"trade_id": 143223028, "side": "buy", "size": "6.92789926", "price": "0.70200000", "time": "2025-07-12T15:09:33.256219Z", "fetched_at": "2025-07-12T15:10:50.809512+00:00", "symbol": "ADA-USD"}, {"trade_id": 143223027, "side": "buy", "size": "835.20000000", "price": "0.70200000", "time": "2025-07-12T15:09:33.256219Z", "fetched_at": "2025-07-12T15:10:50.809512+00:00", "symbol": "ADA-USD"}, {"trade_id": 143223026, "side": "buy", "size": "1.60000000", "price": "0.70200000", "time": "2025-07-12T15:09:33.256219Z", "fetched_at": "2025-07-12T15:10:50.809512+00:00", "symbol": "ADA-USD"}, {"trade_id": 143223025, "side": "buy", "size": "0.00009564", "price": "0.70200000", "time": "2025-07-12T15:09:33.256219Z", "fetched_at": "2025-07-12T15:10:50.809512+00:00", "symbol": "ADA-USD"}, {"trade_id": 143223024, "side": "buy", "size": "0.00001240", "price": "0.70200000", "time": "2025-07-12T15:09:33.256219Z", "fetched_at": "2025-07-12T15:10:50.809512+00:00", "symbol": "ADA-USD"}, {"trade_id": 143223023, "side": "buy", "size": "141.88034188", "price": "0.70200000", "time": "2025-07-12T15:09:33.256219Z", "fetched_at": "2025-07-12T15:10:50.809512+00:00", "symbol": "ADA-USD"}, {"trade_id": 143223022, "side": "buy", "size": "33.48445441", "price": "0.70200000", "time": "2025-07-12T15:09:33.256219Z", "fetched_at": "2025-07-12T15:10:50.809512+00:00", "symbol": "ADA-USD"}, {"trade_id": 143223021, "side": "buy", "size": "10.00000000", "price": "0.70200000", "time": "2025-07-12T15:09:33.256219Z", "fetched_at": "2025-07-12T15:10:50.809512+00:00", "symbol": "ADA-USD"}, {"trade_id": 143223020, "side": "sell", "size": "69.93006000", "price": "0.70210000", "time": "2025-07-12T15:09:33.080049Z", "fetched_at": "2025-07-12T15:10:50.809512+00:00", "symbol": "ADA-USD"}, {"trade_id": 143223019, "side": "sell", "size": "133.89895197", "price": "0.70230000", "time": "2025-07-12T15:09:31.300108Z", "fetched_at": "2025-07-12T15:10:50.809512+00:00", "symbol": "ADA-USD"}, {"trade_id": 143223018, "side": "sell", "size": "718.75497739", "price": "0.70230000", "time": "2025-07-12T15:09:31.300108Z", "fetched_at": "2025-07-12T15:10:50.809512+00:00", "symbol": "ADA-USD"}, {"trade_id": 143223017, "side": "sell", "size": "571.44177064", "price": "0.70220000", "time": "2025-07-12T15:09:31.300108Z", "fetched_at": "2025-07-12T15:10:50.809512+00:00", "symbol": "ADA-USD"}, {"trade_id": 143223016, "side": "sell", "size": "5.37194886", "price": "0.70220000", "time": "2025-07-12T15:09:31.249768Z", "fetched_at": "2025-07-12T15:10:50.809512+00:00", "symbol": "ADA-USD"}, {"trade_id": 143223015, "side": "sell", "size": "69.93006000", "price": "0.70220000", "time": "2025-07-12T15:09:31.217338Z", "fetched_at": "2025-07-12T15:10:50.809512+00:00", "symbol": "ADA-USD"}, {"trade_id": 143223014, "side": "buy", "size": "1.60000000", "price": "0.70230000", "time": "2025-07-12T15:09:29.508539Z", "fetched_at": "2025-07-12T15:10:50.809512+00:00", "symbol": "ADA-USD"}, {"trade_id": 143223013, "side": "buy", "size": "0.02857450", "price": "0.70240000", "time": "2025-07-12T15:09:29.348719Z", "fetched_at": "2025-07-12T15:10:50.809512+00:00", "symbol": "ADA-USD"}, {"trade_id": 143223012, "side": "sell", "size": "9.35297500", "price": "0.70250000", "time": "2025-07-12T15:09:28.941249Z", "fetched_at": "2025-07-12T15:10:50.809512+00:00", "symbol": "ADA-USD"}, {"trade_id": 143223011, "side": "sell", "size": "660.41523684", "price": "0.70260000", "time": "2025-07-12T15:09:28.330661Z", "fetched_at": "2025-07-12T15:10:50.809512+00:00", "symbol": "ADA-USD"}, {"trade_id": 143223010, "side": "sell", "size": "68.33006000", "price": "0.70260000", "time": "2025-07-12T15:09:27.954030Z", "fetched_at": "2025-07-12T15:10:50.809512+00:00", "symbol": "ADA-USD"}, {"trade_id": 143223009, "side": "sell", "size": "1.60000000", "price": "0.70260000", "time": "2025-07-12T15:09:27.954030Z", "fetched_at": "2025-07-12T15:10:50.809512+00:00", "symbol": "ADA-USD"}, {"trade_id": 143223008, "side": "sell", "size": "3.03346443", "price": "0.70250000", "time": "2025-07-12T15:09:27.883251Z", "fetched_at": "2025-07-12T15:10:50.809512+00:00", "symbol": "ADA-USD"}, {"trade_id": 143223007, "side": "sell", "size": "3.03346443", "price": "0.70250000", "time": "2025-07-12T15:09:27.870993Z", "fetched_at": "2025-07-12T15:10:50.809512+00:00", "symbol": "ADA-USD"}, {"trade_id": 143223006, "side": "sell", "size": "3.03346443", "price": "0.70250000", "time": "2025-07-12T15:09:27.857473Z", "fetched_at": "2025-07-12T15:10:50.809512+00:00", "symbol": "ADA-USD"}, {"trade_id": 143223005, "side": "sell", "size": "3.03346443", "price": "0.70250000", "time": "2025-07-12T15:09:27.844896Z", "fetched_at": "2025-07-12T15:10:50.809512+00:00", "symbol": "ADA-USD"}, {"trade_id": 143223004, "side": "sell", "size": "1.60000000", "price": "0.70250000", "time": "2025-07-12T15:09:27.461836Z", "fetched_at": "2025-07-12T15:10:50.809512+00:00", "symbol": "ADA-USD"}, {"trade_id": 143223003, "side": "sell", "size": "3764.15835128", "price": "0.70240000", "time": "2025-07-12T15:09:27.381660Z", "fetched_at": "2025-07-12T15:10:50.809512+00:00", "symbol": "ADA-USD"}, {"trade_id": 143223002, "side": "sell", "size": "718.75497739", "price": "0.70240000", "time": "2025-07-12T15:09:27.381660Z", "fetched_at": "2025-07-12T15:10:50.809512+00:00", "symbol": "ADA-USD"}, {"trade_id": 143223001, "side": "sell", "size": "9.33634431", "price": "0.70230000", "time": "2025-07-12T15:09:27.377148Z", "fetched_at": "2025-07-12T15:10:50.809512+00:00", "symbol": "ADA-USD"}, {"trade_id": 143223000, "side": "sell", "size": "824.26980149", "price": "0.70230000", "time": "2025-07-12T15:09:27.377148Z", "fetched_at": "2025-07-12T15:10:50.809512+00:00", "symbol": "ADA-USD"}, {"trade_id": 143222999, "side": "sell", "size": "260.29274670", "price": "0.70220000", "time": "2025-07-12T15:09:27.354884Z", "fetched_at": "2025-07-12T15:10:50.809512+00:00", "symbol": "ADA-USD"}, {"trade_id": 143222998, "side": "sell", "size": "9.33634431", "price": "0.70220000", "time": "2025-07-12T15:09:27.354884Z", "fetched_at": "2025-07-12T15:10:50.809512+00:00", "symbol": "ADA-USD"}, {"trade_id": 143222997, "side": "buy", "size": "8.98878361", "price": "0.70210000", "time": "2025-07-12T15:09:27.327687Z", "fetched_at": "2025-07-12T15:10:50.809512+00:00", "symbol": "ADA-USD"}, {"trade_id": 143222996, "side": "buy", "size": "0.35561878", "price": "0.70220000", "time": "2025-07-12T15:09:27.130463Z", "fetched_at": "2025-07-12T15:10:50.809512+00:00", "symbol": "ADA-USD"}, {"trade_id": 143222995, "side": "sell", "size": "6.78786761", "price": "0.70230000", "time": "2025-07-12T15:09:26.288837Z", "fetched_at": "2025-07-12T15:10:50.809512+00:00", "symbol": "ADA-USD"}, {"trade_id": 143222994, "side": "buy", "size": "14.12066290", "price": "0.70210000", "time": "2025-07-12T15:09:25.913251Z", "fetched_at": "2025-07-12T15:10:50.809512+00:00", "symbol": "ADA-USD"}, {"trade_id": 143222993, "side": "buy", "size": "1.60000000", "price": "0.70210000", "time": "2025-07-12T15:09:25.913251Z", "fetched_at": "2025-07-12T15:10:50.809512+00:00", "symbol": "ADA-USD"}, {"trade_id": 143222992, "side": "buy", "size": "50.00000000", "price": "0.70220000", "time": "2025-07-12T15:09:25.913251Z", "fetched_at": "2025-07-12T15:10:50.809512+00:00", "symbol": "ADA-USD"}, {"trade_id": 143222991, "side": "buy", "size": "51.00306000", "price": "0.70220000", "time": "2025-07-12T15:09:25.913251Z", "fetched_at": "2025-07-12T15:10:50.809512+00:00", "symbol": "ADA-USD"}, {"trade_id": 143222990, "side": "buy", "size": "351.00000000", "price": "0.70220000", "time": "2025-07-12T15:09:25.913251Z", "fetched_at": "2025-07-12T15:10:50.809512+00:00", "symbol": "ADA-USD"}, {"trade_id": 143222989, "side": "buy", "size": "14.24095700", "price": "0.70220000", "time": "2025-07-12T15:09:25.913251Z", "fetched_at": "2025-07-12T15:10:50.809512+00:00", "symbol": "ADA-USD"}, {"trade_id": 143222988, "side": "buy", "size": "9.75802010", "price": "0.70220000", "time": "2025-07-12T15:09:25.913251Z", "fetched_at": "2025-07-12T15:10:50.809512+00:00", "symbol": "ADA-USD"}, {"trade_id": 143222987, "side": "buy", "size": "751.54520000", "price": "0.70230000", "time": "2025-07-12T15:09:25.087172Z", "fetched_at": "2025-07-12T15:10:50.809512+00:00", "symbol": "ADA-USD"}, {"trade_id": 143222986, "side": "buy", "size": "69.93006000", "price": "0.70230000", "time": "2025-07-12T15:09:24.513513Z", "fetched_at": "2025-07-12T15:10:50.809512+00:00", "symbol": "ADA-USD"}, {"trade_id": 143222985, "side": "sell", "size": "13.42473729", "price": "0.70230000", "time": "2025-07-12T15:09:24.181785Z", "fetched_at": "2025-07-12T15:10:50.809512+00:00", "symbol": "ADA-USD"}, {"trade_id": 143222984, "side": "sell", "size": "13.50492196", "price": "0.70230000", "time": "2025-07-12T15:09:23.916289Z", "fetched_at": "2025-07-12T15:10:50.809512+00:00", "symbol": "ADA-USD"}, {"trade_id": 143222983, "side": "sell", "size": "14.24197990", "price": "0.70220000", "time": "2025-07-12T15:09:23.148454Z", "fetched_at": "2025-07-12T15:10:50.809512+00:00", "symbol": "ADA-USD"}, {"trade_id": 143222982, "side": "sell", "size": "698.83141780", "price": "0.70230000", "time": "2025-07-12T15:09:22.856221Z", "fetched_at": "2025-07-12T15:10:50.809512+00:00", "symbol": "ADA-USD"}, {"trade_id": 143222981, "side": "sell", "size": "711.06827568", "price": "0.70230000", "time": "2025-07-12T15:09:22.856221Z", "fetched_at": "2025-07-12T15:10:50.809512+00:00", "symbol": "ADA-USD"}, {"trade_id": 143222980, "side": "sell", "size": "14.19600652", "price": "0.70220000", "time": "2025-07-12T15:09:22.856221Z", "fetched_at": "2025-07-12T15:10:50.809512+00:00", "symbol": "ADA-USD"}, {"trade_id": 143222979, "side": "sell", "size": "0.04516180", "price": "0.70220000", "time": "2025-07-12T15:09:22.800931Z", "fetched_at": "2025-07-12T15:10:50.809512+00:00", "symbol": "ADA-USD"}, {"trade_id": 143222978, "side": "sell", "size": "115.84502261", "price": "0.70220000", "time": "2025-07-12T15:09:22.228679Z", "fetched_at": "2025-07-12T15:10:50.809512+00:00", "symbol": "ADA-USD"}, {"trade_id": 143222977, "side": "sell", "size": "718.75497739", "price": "0.70220000", "time": "2025-07-12T15:09:22.228679Z", "fetched_at": "2025-07-12T15:10:50.809512+00:00", "symbol": "ADA-USD"}, {"trade_id": 143222976, "side": "sell", "size": "7.68670171", "price": "0.70230000", "time": "2025-07-12T15:09:21.531072Z", "fetched_at": "2025-07-12T15:10:50.809512+00:00", "symbol": "ADA-USD"}, {"trade_id": 143222975, "side": "sell", "size": "678.87182027", "price": "0.70230000", "time": "2025-07-12T15:09:20.672058Z", "fetched_at": "2025-07-12T15:10:50.809512+00:00", "symbol": "ADA-USD"}, {"trade_id": 143222974, "side": "sell", "size": "718.75497739", "price": "0.70230000", "time": "2025-07-12T15:09:20.672058Z", "fetched_at": "2025-07-12T15:10:50.809512+00:00", "symbol": "ADA-USD"}, {"trade_id": 143222973, "side": "sell", "size": "50.00000000", "price": "0.70230000", "time": "2025-07-12T15:09:20.672058Z", "fetched_at": "2025-07-12T15:10:50.809512+00:00", "symbol": "ADA-USD"}, {"trade_id": 143222972, "side": "buy", "size": "248.82286210", "price": "0.70210000", "time": "2025-07-12T15:09:20.222078Z", "fetched_at": "2025-07-12T15:10:50.809512+00:00", "symbol": "ADA-USD"}, {"trade_id": 143222971, "side": "buy", "size": "1.60000000", "price": "0.70210000", "time": "2025-07-12T15:09:20.222078Z", "fetched_at": "2025-07-12T15:10:50.809512+00:00", "symbol": "ADA-USD"}, {"trade_id": 143222970, "side": "buy", "size": "0.00001078", "price": "0.70210000", "time": "2025-07-12T15:09:20.222078Z", "fetched_at": "2025-07-12T15:10:50.809512+00:00", "symbol": "ADA-USD"}, {"trade_id": 143222969, "side": "buy", "size": "0.00000835", "price": "0.70210000", "time": "2025-07-12T15:09:20.222078Z", "fetched_at": "2025-07-12T15:10:50.809512+00:00", "symbol": "ADA-USD"}, {"trade_id": 143222968, "side": "buy", "size": "51.00306000", "price": "0.70220000", "time": "2025-07-12T15:09:20.222078Z", "fetched_at": "2025-07-12T15:10:50.809512+00:00", "symbol": "ADA-USD"}, {"trade_id": 143222967, "side": "buy", "size": "50.00000000", "price": "0.70220000", "time": "2025-07-12T15:09:20.222078Z", "fetched_at": "2025-07-12T15:10:50.809512+00:00", "symbol": "ADA-USD"}, {"trade_id": 143222966, "side": "buy", "size": "1.60000000", "price": "0.70220000", "time": "2025-07-12T15:09:20.222078Z", "fetched_at": "2025-07-12T15:10:50.809512+00:00", "symbol": "ADA-USD"}, {"trade_id": 143222965, "side": "buy", "size": "0.00000045", "price": "0.70220000", "time": "2025-07-12T15:09:20.222078Z", "fetched_at": "2025-07-12T15:10:50.809512+00:00", "symbol": "ADA-USD"}, {"trade_id": 143222964, "side": "buy", "size": "0.00000772", "price": "0.70220000", "time": "2025-07-12T15:09:20.222078Z", "fetched_at": "2025-07-12T15:10:50.809512+00:00", "symbol": "ADA-USD"}, {"trade_id": 143222963, "side": "buy", "size": "0.00007466", "price": "0.70220000", "time": "2025-07-12T15:09:20.222078Z", "fetched_at": "2025-07-12T15:10:50.809512+00:00", "symbol": "ADA-USD"}, {"trade_id": 143222962, "side": "buy", "size": "0.00022615", "price": "0.70220000", "time": "2025-07-12T15:09:20.222078Z", "fetched_at": "2025-07-12T15:10:50.809512+00:00", "symbol": "ADA-USD"}, {"trade_id": 143222961, "side": "buy", "size": "103.73647109", "price": "0.70220000", "time": "2025-07-12T15:09:20.222078Z", "fetched_at": "2025-07-12T15:10:50.809512+00:00", "symbol": "ADA-USD"}, {"trade_id": 143222960, "side": "buy", "size": "16.71984570", "price": "0.70220000", "time": "2025-07-12T15:09:20.222078Z", "fetched_at": "2025-07-12T15:10:50.809512+00:00", "symbol": "ADA-USD"}, {"trade_id": 143222959, "side": "sell", "size": "230.66225400", "price": "0.70230000", "time": "2025-07-12T15:09:20.110326Z", "fetched_at": "2025-07-12T15:10:50.809512+00:00", "symbol": "ADA-USD"}, {"trade_id": 143222958, "side": "sell", "size": "121.68653000", "price": "0.70230000", "time": "2025-07-12T15:09:20.110326Z", "fetched_at": "2025-07-12T15:10:50.809512+00:00", "symbol": "ADA-USD"}, {"trade_id": 143222957, "side": "buy", "size": "1.60448939", "price": "0.70230000", "time": "2025-07-12T15:09:19.880943Z", "fetched_at": "2025-07-12T15:10:50.809512+00:00", "symbol": "ADA-USD"}, {"trade_id": 143222956, "side": "buy", "size": "1.60448939", "price": "0.70230000", "time": "2025-07-12T15:09:19.825501Z", "fetched_at": "2025-07-12T15:10:50.809512+00:00", "symbol": "ADA-USD"}, {"trade_id": 143222955, "side": "buy", "size": "1.60000000", "price": "0.70230000", "time": "2025-07-12T15:09:19.825501Z", "fetched_at": "2025-07-12T15:10:50.809512+00:00", "symbol": "ADA-USD"}, {"trade_id": 143222954, "side": "buy", "size": "0.00107778", "price": "0.70230000", "time": "2025-07-12T15:09:19.825501Z", "fetched_at": "2025-07-12T15:10:50.809512+00:00", "symbol": "ADA-USD"}, {"trade_id": 143222953, "side": "buy", "size": "19.60170669", "price": "0.70230000", "time": "2025-07-12T15:09:19.825501Z", "fetched_at": "2025-07-12T15:10:50.809512+00:00", "symbol": "ADA-USD"}, {"trade_id": 143222952, "side": "buy", "size": "0.63527890", "price": "0.70230000", "time": "2025-07-12T15:09:19.825501Z", "fetched_at": "2025-07-12T15:10:50.809512+00:00", "symbol": "ADA-USD"}, {"trade_id": 143222951, "side": "sell", "size": "0.02648063", "price": "0.70240000", "time": "2025-07-12T15:09:19.776844Z", "fetched_at": "2025-07-12T15:10:50.809512+00:00", "symbol": "ADA-USD"}, {"trade_id": 143222950, "side": "buy", "size": "1.60426096", "price": "0.70240000", "time": "2025-07-12T15:09:19.742601Z", "fetched_at": "2025-07-12T15:10:50.809512+00:00", "symbol": "ADA-USD"}, {"trade_id": 143222949, "side": "buy", "size": "1.60000000", "price": "0.70240000", "time": "2025-07-12T15:09:19.742601Z", "fetched_at": "2025-07-12T15:10:50.809512+00:00", "symbol": "ADA-USD"}, {"trade_id": 143222948, "side": "buy", "size": "24.14051822", "price": "0.70240000", "time": "2025-07-12T15:09:19.742601Z", "fetched_at": "2025-07-12T15:10:50.809512+00:00", "symbol": "ADA-USD"}, {"trade_id": 143222947, "side": "buy", "size": "0.00014376", "price": "0.70240000", "time": "2025-07-12T15:09:19.742601Z", "fetched_at": "2025-07-12T15:10:50.809512+00:00", "symbol": "ADA-USD"}, {"trade_id": 143222946, "side": "buy", "size": "0.00000313", "price": "0.70240000", "time": "2025-07-12T15:09:19.742601Z", "fetched_at": "2025-07-12T15:10:50.809512+00:00", "symbol": "ADA-USD"}, {"trade_id": 143222945, "side": "buy", "size": "0.00002907", "price": "0.70250000", "time": "2025-07-12T15:09:19.393089Z", "fetched_at": "2025-07-12T15:10:50.809512+00:00", "symbol": "ADA-USD"}, {"trade_id": 143222944, "side": "buy", "size": "4.03139985", "price": "0.70250000", "time": "2025-07-12T15:09:19.391651Z", "fetched_at": "2025-07-12T15:10:50.809512+00:00", "symbol": "ADA-USD"}, {"trade_id": 143222943, "side": "buy", "size": "1.60000000", "price": "0.70250000", "time": "2025-07-12T15:09:19.391651Z", "fetched_at": "2025-07-12T15:10:50.809512+00:00", "symbol": "ADA-USD"}, {"trade_id": 143222942, "side": "buy", "size": "0.00000510", "price": "0.70250000", "time": "2025-07-12T15:09:19.391651Z", "fetched_at": "2025-07-12T15:10:50.809512+00:00", "symbol": "ADA-USD"}, {"trade_id": 143222941, "side": "buy", "size": "0.00039850", "price": "0.70250000", "time": "2025-07-12T15:09:19.391651Z", "fetched_at": "2025-07-12T15:10:50.809512+00:00", "symbol": "ADA-USD"}, {"trade_id": 143222940, "side": "buy", "size": "0.00008319", "price": "0.70250000", "time": "2025-07-12T15:09:19.391651Z", "fetched_at": "2025-07-12T15:10:50.809512+00:00", "symbol": "ADA-USD"}, {"trade_id": 143222939, "side": "buy", "size": "50.28278336", "price": "0.70250000", "time": "2025-07-12T15:09:19.391651Z", "fetched_at": "2025-07-12T15:10:50.809512+00:00", "symbol": "ADA-USD"}, {"trade_id": 143222938, "side": "buy", "size": "69.93006000", "price": "0.70250000", "time": "2025-07-12T15:09:19.378268Z", "fetched_at": "2025-07-12T15:10:50.809512+00:00", "symbol": "ADA-USD"}, {"trade_id": 143222937, "side": "sell", "size": "11.81704231", "price": "0.70260000", "time": "2025-07-12T15:09:19.329794Z", "fetched_at": "2025-07-12T15:10:50.809512+00:00", "symbol": "ADA-USD"}, {"trade_id": 143222936, "side": "buy", "size": "0.00004128", "price": "0.70260000", "time": "2025-07-12T15:09:19.270252Z", "fetched_at": "2025-07-12T15:10:50.809512+00:00", "symbol": "ADA-USD"}, {"trade_id": 143222935, "side": "buy", "size": "4.03081386", "price": "0.70260000", "time": "2025-07-12T15:09:19.252133Z", "fetched_at": "2025-07-12T15:10:50.809512+00:00", "symbol": "ADA-USD"}, {"trade_id": 143222934, "side": "buy", "size": "1.60000000", "price": "0.70260000", "time": "2025-07-12T15:09:19.252133Z", "fetched_at": "2025-07-12T15:10:50.809512+00:00", "symbol": "ADA-USD"}, {"trade_id": 143222933, "side": "buy", "size": "0.00013524", "price": "0.70260000", "time": "2025-07-12T15:09:19.252133Z", "fetched_at": "2025-07-12T15:10:50.809512+00:00", "symbol": "ADA-USD"}, {"trade_id": 143222932, "side": "buy", "size": "0.00010874", "price": "0.70260000", "time": "2025-07-12T15:09:19.252133Z", "fetched_at": "2025-07-12T15:10:50.809512+00:00", "symbol": "ADA-USD"}, {"trade_id": 143222931, "side": "buy", "size": "0.00567578", "price": "0.70260000", "time": "2025-07-12T15:09:19.252133Z", "fetched_at": "2025-07-12T15:10:50.809512+00:00", "symbol": "ADA-USD"}, {"trade_id": 143222930, "side": "buy", "size": "0.00000761", "price": "0.70260000", "time": "2025-07-12T15:09:19.252133Z", "fetched_at": "2025-07-12T15:10:50.809512+00:00", "symbol": "ADA-USD"}, {"trade_id": 143222929, "side": "buy", "size": "52.83721877", "price": "0.70260000", "time": "2025-07-12T15:09:19.252133Z", "fetched_at": "2025-07-12T15:10:50.809512+00:00", "symbol": "ADA-USD"}, {"trade_id": 143222928, "side": "buy", "size": "591.63004350", "price": "0.70270000", "time": "2025-07-12T15:09:19.091536Z", "fetched_at": "2025-07-12T15:10:50.809512+00:00", "symbol": "ADA-USD"}, {"trade_id": 143222927, "side": "buy", "size": "834.40000000", "price": "0.70270000", "time": "2025-07-12T15:09:19.091536Z", "fetched_at": "2025-07-12T15:10:50.809512+00:00", "symbol": "ADA-USD"}, {"trade_id": 143222926, "side": "buy", "size": "1.60000000", "price": "0.70270000", "time": "2025-07-12T15:09:19.091536Z", "fetched_at": "2025-07-12T15:10:50.809512+00:00", "symbol": "ADA-USD"}, {"trade_id": 143222925, "side": "buy", "size": "0.00000013", "price": "0.70270000", "time": "2025-07-12T15:09:19.091536Z", "fetched_at": "2025-07-12T15:10:50.809512+00:00", "symbol": "ADA-USD"}, {"trade_id": 143222924, "side": "buy", "size": "0.00004128", "price": "0.70270000", "time": "2025-07-12T15:09:19.091536Z", "fetched_at": "2025-07-12T15:10:50.809512+00:00", "symbol": "ADA-USD"}, {"trade_id": 143222923, "side": "buy", "size": "1.60000000", "price": "0.70280000", "time": "2025-07-12T15:09:19.091536Z", "fetched_at": "2025-07-12T15:10:50.809512+00:00", "symbol": "ADA-USD"}, {"trade_id": 143222922, "side": "buy", "size": "4.02913475", "price": "0.70290000", "time": "2025-07-12T15:09:19.091536Z", "fetched_at": "2025-07-12T15:10:50.809512+00:00", "symbol": "ADA-USD"}, {"trade_id": 143222921, "side": "buy", "size": "10.71614147", "price": "0.70290000", "time": "2025-07-12T15:09:18.993813Z", "fetched_at": "2025-07-12T15:10:50.809512+00:00", "symbol": "ADA-USD"}, {"trade_id": 143222920, "side": "buy", "size": "1.60000000", "price": "0.70290000", "time": "2025-07-12T15:09:18.993813Z", "fetched_at": "2025-07-12T15:10:50.809512+00:00", "symbol": "ADA-USD"}, {"trade_id": 143222919, "side": "buy", "size": "14.22475107", "price": "0.70300000", "time": "2025-07-12T15:09:17.722739Z", "fetched_at": "2025-07-12T15:10:50.809512+00:00", "symbol": "ADA-USD"}, {"trade_id": 143222918, "side": "sell", "size": "0.25342231", "price": "0.70310000", "time": "2025-07-12T15:09:17.042606Z", "fetched_at": "2025-07-12T15:10:50.809512+00:00", "symbol": "ADA-USD"}, {"trade_id": 143222917, "side": "sell", "size": "13.48577913", "price": "0.70310000", "time": "2025-07-12T15:09:17.042606Z", "fetched_at": "2025-07-12T15:10:50.809512+00:00", "symbol": "ADA-USD"}, {"trade_id": 143222916, "side": "sell", "size": "20.26727092", "price": "0.70300000", "time": "2025-07-12T15:09:16.340507Z", "fetched_at": "2025-07-12T15:10:50.809512+00:00", "symbol": "ADA-USD"}, {"trade_id": 143222915, "side": "sell", "size": "412.49587462", "price": "0.70300000", "time": "2025-07-12T15:09:16.272656Z", "fetched_at": "2025-07-12T15:10:50.809512+00:00", "symbol": "ADA-USD"}, {"trade_id": 143222914, "side": "buy", "size": "14.22272792", "price": "0.70310000", "time": "2025-07-12T15:09:15.746293Z", "fetched_at": "2025-07-12T15:10:50.809512+00:00", "symbol": "ADA-USD"}, {"trade_id": 143222913, "side": "sell", "size": "221.35065506", "price": "0.70320000", "time": "2025-07-12T15:09:14.987317Z", "fetched_at": "2025-07-12T15:10:50.809512+00:00", "symbol": "ADA-USD"}, {"trade_id": 143222912, "side": "sell", "size": "791.55037734", "price": "0.70320000", "time": "2025-07-12T15:09:14.987317Z", "fetched_at": "2025-07-12T15:10:50.809512+00:00", "symbol": "ADA-USD"}, {"trade_id": 143222911, "side": "sell", "size": "50.00000000", "price": "0.70320000", "time": "2025-07-12T15:09:14.987317Z", "fetched_at": "2025-07-12T15:10:50.809512+00:00", "symbol": "ADA-USD"}, {"trade_id": 143222910, "side": "sell", "size": "351.00000000", "price": "0.70320000", "time": "2025-07-12T15:09:14.987317Z", "fetched_at": "2025-07-12T15:10:50.809512+00:00", "symbol": "ADA-USD"}, {"trade_id": 143222909, "side": "sell", "size": "8.16946760", "price": "0.70320000", "time": "2025-07-12T15:09:14.987317Z", "fetched_at": "2025-07-12T15:10:50.809512+00:00", "symbol": "ADA-USD"}, {"trade_id": 143222908, "side": "sell", "size": "4.59464440", "price": "0.70320000", "time": "2025-07-12T15:09:14.983606Z", "fetched_at": "2025-07-12T15:10:50.809512+00:00", "symbol": "ADA-USD"}, {"trade_id": 143222907, "side": "sell", "size": "2.89243608", "price": "0.70320000", "time": "2025-07-12T15:09:13.064427Z", "fetched_at": "2025-07-12T15:10:50.809512+00:00", "symbol": "ADA-USD"}, {"trade_id": 143222906, "side": "sell", "size": "6.98097162", "price": "0.70310000", "time": "2025-07-12T15:09:12.775486Z", "fetched_at": "2025-07-12T15:10:50.809512+00:00", "symbol": "ADA-USD"}, {"trade_id": 143222905, "side": "buy", "size": "127.80233093", "price": "0.70290000", "time": "2025-07-12T15:09:12.517271Z", "fetched_at": "2025-07-12T15:10:50.809512+00:00", "symbol": "ADA-USD"}, {"trade_id": 143222904, "side": "buy", "size": "14.22475107", "price": "0.70300000", "time": "2025-07-12T15:09:12.517271Z", "fetched_at": "2025-07-12T15:10:50.809512+00:00", "symbol": "ADA-USD"}, {"trade_id": 143222903, "side": "buy", "size": "1.60000000", "price": "0.70300000", "time": "2025-07-12T15:09:12.517271Z", "fetched_at": "2025-07-12T15:10:50.809512+00:00", "symbol": "ADA-USD"}, {"trade_id": 143222902, "side": "buy", "size": "0.35551763", "price": "0.70320000", "time": "2025-07-12T15:09:12.495988Z", "fetched_at": "2025-07-12T15:10:50.809512+00:00", "symbol": "ADA-USD"}, {"trade_id": 143222901, "side": "sell", "size": "13.12487833", "price": "0.70330000", "time": "2025-07-12T15:09:12.325887Z", "fetched_at": "2025-07-12T15:10:50.809512+00:00", "symbol": "ADA-USD"}, {"trade_id": 143222900, "side": "buy", "size": "300.03102900", "price": "0.70320000", "time": "2025-07-12T15:09:11.199937Z", "fetched_at": "2025-07-12T15:10:50.809512+00:00", "symbol": "ADA-USD"}, {"trade_id": 143222899, "side": "sell", "size": "13.88793421", "price": "0.70330000", "time": "2025-07-12T15:09:10.945955Z", "fetched_at": "2025-07-12T15:10:50.809512+00:00", "symbol": "ADA-USD"}, {"trade_id": 143222898, "side": "buy", "size": "2669.05300595", "price": "0.70300000", "time": "2025-07-12T15:09:10.891029Z", "fetched_at": "2025-07-12T15:10:50.809512+00:00", "symbol": "ADA-USD"}, {"trade_id": 143222897, "side": "buy", "size": "720.57458005", "price": "0.70300000", "time": "2025-07-12T15:09:10.891029Z", "fetched_at": "2025-07-12T15:10:50.809512+00:00", "symbol": "ADA-USD"}, {"trade_id": 143222896, "side": "buy", "size": "569.96233998", "price": "0.70310000", "time": "2025-07-12T15:09:10.891029Z", "fetched_at": "2025-07-12T15:10:50.809512+00:00", "symbol": "ADA-USD"}, {"trade_id": 143222895, "side": "buy", "size": "400.00000000", "price": "0.70310000", "time": "2025-07-12T15:09:10.891029Z", "fetched_at": "2025-07-12T15:10:50.809512+00:00", "symbol": "ADA-USD"}, {"trade_id": 143222894, "side": "buy", "size": "351.00000000", "price": "0.70310000", "time": "2025-07-12T15:09:10.891029Z", "fetched_at": "2025-07-12T15:10:50.809512+00:00", "symbol": "ADA-USD"}, {"trade_id": 143222893, "side": "buy", "size": "981.50000000", "price": "0.70310000", "time": "2025-07-12T15:09:10.891029Z", "fetched_at": "2025-07-12T15:10:50.809512+00:00", "symbol": "ADA-USD"}, {"trade_id": 143222892, "side": "buy", "size": "274.31079413", "price": "0.70310000", "time": "2025-07-12T15:09:10.891029Z", "fetched_at": "2025-07-12T15:10:50.809512+00:00", "symbol": "ADA-USD"}, {"trade_id": 143222891, "side": "buy", "size": "703.47962413", "price": "0.70320000", "time": "2025-07-12T15:09:10.891029Z", "fetched_at": "2025-07-12T15:10:50.809512+00:00", "symbol": "ADA-USD"}, {"trade_id": 143222890, "side": "buy", "size": "7.08605576", "price": "0.70320000", "time": "2025-07-12T15:09:10.891029Z", "fetched_at": "2025-07-12T15:10:50.809512+00:00", "symbol": "ADA-USD"}, {"trade_id": 143222889, "side": "buy", "size": "351.00000000", "price": "0.70320000", "time": "2025-07-12T15:09:10.891029Z", "fetched_at": "2025-07-12T15:10:50.809512+00:00", "symbol": "ADA-USD"}, {"trade_id": 143222888, "side": "buy", "size": "500.00000000", "price": "0.70320000", "time": "2025-07-12T15:09:10.891029Z", "fetched_at": "2025-07-12T15:10:50.809512+00:00", "symbol": "ADA-USD"}, {"trade_id": 143222887, "side": "buy", "size": "194.86827761", "price": "0.70290000", "time": "2025-07-12T15:09:10.869330Z", "fetched_at": "2025-07-12T15:10:50.809512+00:00", "symbol": "ADA-USD"}, {"trade_id": 143222886, "side": "buy", "size": "351.00000000", "price": "0.70290000", "time": "2025-07-12T15:09:10.869330Z", "fetched_at": "2025-07-12T15:10:50.809512+00:00", "symbol": "ADA-USD"}, {"trade_id": 143222885, "side": "buy", "size": "1.60000000", "price": "0.70290000", "time": "2025-07-12T15:09:10.869330Z", "fetched_at": "2025-07-12T15:10:50.809512+00:00", "symbol": "ADA-USD"}, {"trade_id": 143222884, "side": "buy", "size": "284.31435119", "price": "0.70300000", "time": "2025-07-12T15:09:10.869330Z", "fetched_at": "2025-07-12T15:10:50.809512+00:00", "symbol": "ADA-USD"}, {"trade_id": 143222883, "side": "buy", "size": "718.75497739", "price": "0.70300000", "time": "2025-07-12T15:09:10.869330Z", "fetched_at": "2025-07-12T15:10:50.809512+00:00", "symbol": "ADA-USD"}, {"trade_id": 143222882, "side": "buy", "size": "274.31079413", "price": "0.70300000", "time": "2025-07-12T15:09:10.869330Z", "fetched_at": "2025-07-12T15:10:50.809512+00:00", "symbol": "ADA-USD"}, {"trade_id": 143222881, "side": "buy", "size": "351.00000000", "price": "0.70300000", "time": "2025-07-12T15:09:10.869330Z", "fetched_at": "2025-07-12T15:10:50.809512+00:00", "symbol": "ADA-USD"}, {"trade_id": 143222880, "side": "buy", "size": "548.92918402", "price": "0.70300000", "time": "2025-07-12T15:09:10.869330Z", "fetched_at": "2025-07-12T15:10:50.809512+00:00", "symbol": "ADA-USD"}, {"trade_id": 143222879, "side": "buy", "size": "712.68463961", "price": "0.70310000", "time": "2025-07-12T15:09:10.869330Z", "fetched_at": "2025-07-12T15:10:50.809512+00:00", "symbol": "ADA-USD"}, {"trade_id": 143222878, "side": "buy", "size": "800.00000000", "price": "0.70310000", "time": "2025-07-12T15:09:10.869330Z", "fetched_at": "2025-07-12T15:10:50.809512+00:00", "symbol": "ADA-USD"}, {"trade_id": 143222877, "side": "buy", "size": "351.00000000", "price": "0.70310000", "time": "2025-07-12T15:09:10.869330Z", "fetched_at": "2025-07-12T15:10:50.809512+00:00", "symbol": "ADA-USD"}, {"trade_id": 143222876, "side": "buy", "size": "7.08605576", "price": "0.70320000", "time": "2025-07-12T15:09:10.869330Z", "fetched_at": "2025-07-12T15:10:50.809512+00:00", "symbol": "ADA-USD"}, {"trade_id": 143222875, "side": "buy", "size": "711.01603883", "price": "0.70320000", "time": "2025-07-12T15:09:10.869330Z", "fetched_at": "2025-07-12T15:10:50.809512+00:00", "symbol": "ADA-USD"}, {"trade_id": 143222874, "side": "buy", "size": "777.94712146", "price": "0.70320000", "time": "2025-07-12T15:09:10.869330Z", "fetched_at": "2025-07-12T15:10:50.809512+00:00", "symbol": "ADA-USD"}, {"trade_id": 143222873, "side": "buy", "size": "351.00000000", "price": "0.70320000", "time": "2025-07-12T15:09:10.869330Z", "fetched_at": "2025-07-12T15:10:50.809512+00:00", "symbol": "ADA-USD"}, {"trade_id": 143222872, "side": "buy", "size": "51.00306000", "price": "0.70320000", "time": "2025-07-12T15:09:10.869330Z", "fetched_at": "2025-07-12T15:10:50.809512+00:00", "symbol": "ADA-USD"}, {"trade_id": 143222871, "side": "sell", "size": "369.57823126", "price": "0.70330000", "time": "2025-07-12T15:09:10.798767Z", "fetched_at": "2025-07-12T15:10:50.809512+00:00", "symbol": "ADA-USD"}, {"trade_id": 143222870, "side": "sell", "size": "405.21475529", "price": "0.70330000", "time": "2025-07-12T15:09:10.798767Z", "fetched_at": "2025-07-12T15:10:50.809512+00:00", "symbol": "ADA-USD"}, {"trade_id": 143222869, "side": "sell", "size": "13.88793421", "price": "0.70320000", "time": "2025-07-12T15:09:10.669022Z", "fetched_at": "2025-07-12T15:10:50.809512+00:00", "symbol": "ADA-USD"}, {"trade_id": 143222868, "side": "sell", "size": "9.60122271", "price": "0.70320000", "time": "2025-07-12T15:09:10.418731Z", "fetched_at": "2025-07-12T15:10:50.809512+00:00", "symbol": "ADA-USD"}, {"trade_id": 143222867, "side": "buy", "size": "451.07081598", "price": "0.70300000", "time": "2025-07-12T15:09:09.540319Z", "fetched_at": "2025-07-12T15:10:50.809512+00:00", "symbol": "ADA-USD"}, {"trade_id": 143222866, "side": "buy", "size": "1.60000000", "price": "0.70300000", "time": "2025-07-12T15:09:09.540319Z", "fetched_at": "2025-07-12T15:10:50.809512+00:00", "symbol": "ADA-USD"}, {"trade_id": 143222865, "side": "buy", "size": "3.46488402", "price": "0.70310000", "time": "2025-07-12T15:09:09.540319Z", "fetched_at": "2025-07-12T15:10:50.809512+00:00", "symbol": "ADA-USD"}, {"trade_id": 143222864, "side": "buy", "size": "1.60000000", "price": "0.70310000", "time": "2025-07-12T15:09:09.540319Z", "fetched_at": "2025-07-12T15:10:50.809512+00:00", "symbol": "ADA-USD"}, {"trade_id": 143222863, "side": "buy", "size": "1.60000000", "price": "0.70320000", "time": "2025-07-12T15:09:08.715328Z", "fetched_at": "2025-07-12T15:10:50.809512+00:00", "symbol": "ADA-USD"}, {"trade_id": 143222862, "side": "sell", "size": "13.25572353", "price": "0.70330000", "time": "2025-07-12T15:09:07.647090Z", "fetched_at": "2025-07-12T15:10:50.809512+00:00", "symbol": "ADA-USD"}, {"trade_id": 143222861, "side": "sell", "size": "34.05989700", "price": "0.70330000", "time": "2025-07-12T15:09:07.642943Z", "fetched_at": "2025-07-12T15:10:50.809512+00:00", "symbol": "ADA-USD"}, {"trade_id": 143222860, "side": "buy", "size": "11.05821937", "price": "0.70330000", "time": "2025-07-12T15:09:07.544069Z", "fetched_at": "2025-07-12T15:10:50.809512+00:00", "symbol": "ADA-USD"}