[{"trade_id": 143241436, "side": "sell", "size": "48.69994489", "price": "0.70150000", "time": "2025-07-12T16:39:31.194695Z", "fetched_at": "2025-07-12T16:39:33.690667+00:00", "symbol": "ADA-USD"}, {"trade_id": 143241435, "side": "sell", "size": "11.35704104", "price": "0.70160000", "time": "2025-07-12T16:39:25.481926Z", "fetched_at": "2025-07-12T16:39:33.690667+00:00", "symbol": "ADA-USD"}, {"trade_id": 143241434, "side": "sell", "size": "27.70306500", "price": "0.70160000", "time": "2025-07-12T16:39:24.964258Z", "fetched_at": "2025-07-12T16:39:33.690667+00:00", "symbol": "ADA-USD"}, {"trade_id": 143241433, "side": "buy", "size": "81.20261011", "price": "0.70140000", "time": "2025-07-12T16:39:23.341293Z", "fetched_at": "2025-07-12T16:39:33.690667+00:00", "symbol": "ADA-USD"}, {"trade_id": 143241432, "side": "buy", "size": "96.06624189", "price": "0.70140000", "time": "2025-07-12T16:39:23.341293Z", "fetched_at": "2025-07-12T16:39:33.690667+00:00", "symbol": "ADA-USD"}, {"trade_id": 143241431, "side": "buy", "size": "1.60000000", "price": "0.70140000", "time": "2025-07-12T16:39:23.341293Z", "fetched_at": "2025-07-12T16:39:33.690667+00:00", "symbol": "ADA-USD"}, {"trade_id": 143241430, "side": "buy", "size": "99.79064853", "price": "0.70160000", "time": "2025-07-12T16:39:20.843643Z", "fetched_at": "2025-07-12T16:39:33.690667+00:00", "symbol": "ADA-USD"}, {"trade_id": 143241429, "side": "buy", "size": "131.83151900", "price": "0.70160000", "time": "2025-07-12T16:39:16.383305Z", "fetched_at": "2025-07-12T16:39:33.690667+00:00", "symbol": "ADA-USD"}, {"trade_id": 143241428, "side": "buy", "size": "50.00000000", "price": "0.70160000", "time": "2025-07-12T16:39:16.383305Z", "fetched_at": "2025-07-12T16:39:33.690667+00:00", "symbol": "ADA-USD"}, {"trade_id": 143241427, "side": "buy", "size": "222.68520100", "price": "0.70160000", "time": "2025-07-12T16:39:16.383305Z", "fetched_at": "2025-07-12T16:39:33.690667+00:00", "symbol": "ADA-USD"}, {"trade_id": 143241426, "side": "buy", "size": "128.31479900", "price": "0.70160000", "time": "2025-07-12T16:39:15.502200Z", "fetched_at": "2025-07-12T16:39:33.690667+00:00", "symbol": "ADA-USD"}, {"trade_id": 143241425, "side": "sell", "size": "87.12759989", "price": "0.70160000", "time": "2025-07-12T16:39:13.366884Z", "fetched_at": "2025-07-12T16:39:33.690667+00:00", "symbol": "ADA-USD"}, {"trade_id": 143241424, "side": "sell", "size": "1.60000000", "price": "0.70160000", "time": "2025-07-12T16:39:13.366884Z", "fetched_at": "2025-07-12T16:39:33.690667+00:00", "symbol": "ADA-USD"}, {"trade_id": 143241423, "side": "sell", "size": "736.25748387", "price": "0.70160000", "time": "2025-07-12T16:39:13.366884Z", "fetched_at": "2025-07-12T16:39:33.690667+00:00", "symbol": "ADA-USD"}, {"trade_id": 143241422, "side": "sell", "size": "99.84105450", "price": "0.70150000", "time": "2025-07-12T16:39:12.109491Z", "fetched_at": "2025-07-12T16:39:33.690667+00:00", "symbol": "ADA-USD"}, {"trade_id": 143241421, "side": "sell", "size": "1.60000000", "price": "0.70150000", "time": "2025-07-12T16:39:12.109491Z", "fetched_at": "2025-07-12T16:39:33.690667+00:00", "symbol": "ADA-USD"}, {"trade_id": 143241420, "side": "sell", "size": "741.47538085", "price": "0.70140000", "time": "2025-07-12T16:39:10.868960Z", "fetched_at": "2025-07-12T16:39:33.690667+00:00", "symbol": "ADA-USD"}, {"trade_id": 143241419, "side": "sell", "size": "64.93325985", "price": "0.70140000", "time": "2025-07-12T16:39:10.868960Z", "fetched_at": "2025-07-12T16:39:33.690667+00:00", "symbol": "ADA-USD"}, {"trade_id": 143241418, "side": "sell", "size": "50.00000000", "price": "0.70130000", "time": "2025-07-12T16:39:09.924060Z", "fetched_at": "2025-07-12T16:39:33.690667+00:00", "symbol": "ADA-USD"}, {"trade_id": 143241417, "side": "buy", "size": "97.50721223", "price": "0.70140000", "time": "2025-07-12T16:39:09.908688Z", "fetched_at": "2025-07-12T16:39:33.690667+00:00", "symbol": "ADA-USD"}, {"trade_id": 143241416, "side": "buy", "size": "2.31189100", "price": "0.70140000", "time": "2025-07-12T16:39:08.398677Z", "fetched_at": "2025-07-12T16:39:33.690667+00:00", "symbol": "ADA-USD"}, {"trade_id": 143241415, "side": "buy", "size": "500.00000000", "price": "0.70150000", "time": "2025-07-12T16:39:07.636056Z", "fetched_at": "2025-07-12T16:39:33.690667+00:00", "symbol": "ADA-USD"}, {"trade_id": 143241414, "side": "buy", "size": "99.80487385", "price": "0.70150000", "time": "2025-07-12T16:39:07.636056Z", "fetched_at": "2025-07-12T16:39:33.690667+00:00", "symbol": "ADA-USD"}, {"trade_id": 143241413, "side": "sell", "size": "14.08610121", "price": "0.70150000", "time": "2025-07-12T16:39:04.399133Z", "fetched_at": "2025-07-12T16:39:33.690667+00:00", "symbol": "ADA-USD"}, {"trade_id": 143241412, "side": "sell", "size": "1.60000000", "price": "0.70150000", "time": "2025-07-12T16:39:02.642797Z", "fetched_at": "2025-07-12T16:39:33.690667+00:00", "symbol": "ADA-USD"}, {"trade_id": 143241411, "side": "sell", "size": "5.51861900", "price": "0.70150000", "time": "2025-07-12T16:38:59.597732Z", "fetched_at": "2025-07-12T16:39:33.690667+00:00", "symbol": "ADA-USD"}, {"trade_id": 143241410, "side": "sell", "size": "12.16765100", "price": "0.70150000", "time": "2025-07-12T16:38:57.727270Z", "fetched_at": "2025-07-12T16:39:33.690667+00:00", "symbol": "ADA-USD"}, {"trade_id": 143241409, "side": "sell", "size": "1.60000000", "price": "0.70140000", "time": "2025-07-12T16:38:57.727270Z", "fetched_at": "2025-07-12T16:39:33.690667+00:00", "symbol": "ADA-USD"}, {"trade_id": 143241408, "side": "sell", "size": "1.60000000", "price": "0.70120000", "time": "2025-07-12T16:38:52.818543Z", "fetched_at": "2025-07-12T16:39:33.690667+00:00", "symbol": "ADA-USD"}, {"trade_id": 143241407, "side": "sell", "size": "1.60000000", "price": "0.70110000", "time": "2025-07-12T16:38:52.748723Z", "fetched_at": "2025-07-12T16:39:33.690667+00:00", "symbol": "ADA-USD"}, {"trade_id": 143241406, "side": "sell", "size": "1.85454398", "price": "0.70100000", "time": "2025-07-12T16:38:52.595072Z", "fetched_at": "2025-07-12T16:39:33.690667+00:00", "symbol": "ADA-USD"}, {"trade_id": 143241405, "side": "sell", "size": "2.78954360", "price": "0.70100000", "time": "2025-07-12T16:38:51.865426Z", "fetched_at": "2025-07-12T16:39:33.690667+00:00", "symbol": "ADA-USD"}, {"trade_id": 143241404, "side": "sell", "size": "12.93521021", "price": "0.70100000", "time": "2025-07-12T16:38:40.086893Z", "fetched_at": "2025-07-12T16:39:33.690667+00:00", "symbol": "ADA-USD"}, {"trade_id": 143241403, "side": "sell", "size": "1.60000000", "price": "0.70100000", "time": "2025-07-12T16:38:37.020410Z", "fetched_at": "2025-07-12T16:39:33.690667+00:00", "symbol": "ADA-USD"}, {"trade_id": 143241402, "side": "sell", "size": "0.00000173", "price": "0.70090000", "time": "2025-07-12T16:38:36.690036Z", "fetched_at": "2025-07-12T16:39:33.690667+00:00", "symbol": "ADA-USD"}, {"trade_id": 143241401, "side": "sell", "size": "59.34555000", "price": "0.70090000", "time": "2025-07-12T16:38:36.661992Z", "fetched_at": "2025-07-12T16:39:33.690667+00:00", "symbol": "ADA-USD"}, {"trade_id": 143241400, "side": "sell", "size": "917.27653085", "price": "0.70090000", "time": "2025-07-12T16:38:31.407575Z", "fetched_at": "2025-07-12T16:39:33.690667+00:00", "symbol": "ADA-USD"}, {"trade_id": 143241399, "side": "sell", "size": "691.49777650", "price": "0.70090000", "time": "2025-07-12T16:38:31.407036Z", "fetched_at": "2025-07-12T16:39:33.690667+00:00", "symbol": "ADA-USD"}, {"trade_id": 143241398, "side": "sell", "size": "59.93839371", "price": "0.70090000", "time": "2025-07-12T16:38:31.407036Z", "fetched_at": "2025-07-12T16:39:33.690667+00:00", "symbol": "ADA-USD"}, {"trade_id": 143241397, "side": "sell", "size": "99.89810397", "price": "0.70080000", "time": "2025-07-12T16:38:31.407036Z", "fetched_at": "2025-07-12T16:39:33.690667+00:00", "symbol": "ADA-USD"}, {"trade_id": 143241396, "side": "sell", "size": "20.95475200", "price": "0.70080000", "time": "2025-07-12T16:38:29.829523Z", "fetched_at": "2025-07-12T16:39:33.690667+00:00", "symbol": "ADA-USD"}, {"trade_id": 143241395, "side": "buy", "size": "68.33006000", "price": "0.70080000", "time": "2025-07-12T16:38:27.617220Z", "fetched_at": "2025-07-12T16:39:33.690667+00:00", "symbol": "ADA-USD"}, {"trade_id": 143241394, "side": "buy", "size": "1.60000000", "price": "0.70080000", "time": "2025-07-12T16:38:27.617220Z", "fetched_at": "2025-07-12T16:39:33.690667+00:00", "symbol": "ADA-USD"}, {"trade_id": 143241393, "side": "buy", "size": "500.00000000", "price": "0.70090000", "time": "2025-07-12T16:38:26.023173Z", "fetched_at": "2025-07-12T16:39:33.690667+00:00", "symbol": "ADA-USD"}, {"trade_id": 143241392, "side": "buy", "size": "1.60000000", "price": "0.70090000", "time": "2025-07-12T16:38:26.023173Z", "fetched_at": "2025-07-12T16:39:33.690667+00:00", "symbol": "ADA-USD"}, {"trade_id": 143241391, "side": "buy", "size": "0.00000135", "price": "0.70100000", "time": "2025-07-12T16:38:26.023173Z", "fetched_at": "2025-07-12T16:39:33.690667+00:00", "symbol": "ADA-USD"}, {"trade_id": 143241390, "side": "buy", "size": "99.87606000", "price": "0.70100000", "time": "2025-07-12T16:38:26.022649Z", "fetched_at": "2025-07-12T16:39:33.690667+00:00", "symbol": "ADA-USD"}, {"trade_id": 143241389, "side": "buy", "size": "1.60000000", "price": "0.70100000", "time": "2025-07-12T16:38:26.022649Z", "fetched_at": "2025-07-12T16:39:33.690667+00:00", "symbol": "ADA-USD"}, {"trade_id": 143241388, "side": "sell", "size": "217.67062000", "price": "0.70110000", "time": "2025-07-12T16:38:22.993804Z", "fetched_at": "2025-07-12T16:39:33.690667+00:00", "symbol": "ADA-USD"}, {"trade_id": 143241387, "side": "buy", "size": "4218.82081843", "price": "0.70110000", "time": "2025-07-12T16:38:22.987794Z", "fetched_at": "2025-07-12T16:39:33.690667+00:00", "symbol": "ADA-USD"}, {"trade_id": 143241386, "side": "buy", "size": "905.47918157", "price": "0.70110000", "time": "2025-07-12T16:38:22.986887Z", "fetched_at": "2025-07-12T16:39:33.690667+00:00", "symbol": "ADA-USD"}, {"trade_id": 143241385, "side": "buy", "size": "703.39845955", "price": "0.70110000", "time": "2025-07-12T16:38:22.986887Z", "fetched_at": "2025-07-12T16:39:33.690667+00:00", "symbol": "ADA-USD"}, {"trade_id": 143241384, "side": "buy", "size": "547.81589944", "price": "0.70110000", "time": "2025-07-12T16:38:22.986887Z", "fetched_at": "2025-07-12T16:39:33.690667+00:00", "symbol": "ADA-USD"}, {"trade_id": 143241383, "side": "buy", "size": "713.15626747", "price": "0.70110000", "time": "2025-07-12T16:38:22.986887Z", "fetched_at": "2025-07-12T16:39:33.690667+00:00", "symbol": "ADA-USD"}, {"trade_id": 143241382, "side": "buy", "size": "691.49777650", "price": "0.70110000", "time": "2025-07-12T16:38:22.986887Z", "fetched_at": "2025-07-12T16:39:33.690667+00:00", "symbol": "ADA-USD"}, {"trade_id": 143241381, "side": "buy", "size": "175.70388210", "price": "0.70110000", "time": "2025-07-12T16:38:22.986887Z", "fetched_at": "2025-07-12T16:39:33.690667+00:00", "symbol": "ADA-USD"}, {"trade_id": 143241380, "side": "buy", "size": "69.93006000", "price": "0.70110000", "time": "2025-07-12T16:38:22.986122Z", "fetched_at": "2025-07-12T16:39:33.690667+00:00", "symbol": "ADA-USD"}, {"trade_id": 143241379, "side": "buy", "size": "43.15387105", "price": "0.70110000", "time": "2025-07-12T16:38:22.985989Z", "fetched_at": "2025-07-12T16:39:33.690667+00:00", "symbol": "ADA-USD"}, {"trade_id": 143241378, "side": "buy", "size": "26.77618895", "price": "0.70110000", "time": "2025-07-12T16:38:22.985989Z", "fetched_at": "2025-07-12T16:39:33.690667+00:00", "symbol": "ADA-USD"}, {"trade_id": 143241377, "side": "buy", "size": "51.00306000", "price": "0.70120000", "time": "2025-07-12T16:38:22.985389Z", "fetched_at": "2025-07-12T16:39:33.690667+00:00", "symbol": "ADA-USD"}, {"trade_id": 143241376, "side": "buy", "size": "50.00000000", "price": "0.70120000", "time": "2025-07-12T16:38:22.985389Z", "fetched_at": "2025-07-12T16:39:33.690667+00:00", "symbol": "ADA-USD"}, {"trade_id": 143241375, "side": "buy", "size": "99.84757417", "price": "0.70120000", "time": "2025-07-12T16:38:22.985389Z", "fetched_at": "2025-07-12T16:39:33.690667+00:00", "symbol": "ADA-USD"}, {"trade_id": 143241374, "side": "buy", "size": "500.00000000", "price": "0.70120000", "time": "2025-07-12T16:38:22.985389Z", "fetched_at": "2025-07-12T16:39:33.690667+00:00", "symbol": "ADA-USD"}, {"trade_id": 143241373, "side": "sell", "size": "358.33692778", "price": "0.70140000", "time": "2025-07-12T16:38:22.788384Z", "fetched_at": "2025-07-12T16:39:33.690667+00:00", "symbol": "ADA-USD"}, {"trade_id": 143241372, "side": "sell", "size": "50.00000000", "price": "0.70130000", "time": "2025-07-12T16:38:22.788384Z", "fetched_at": "2025-07-12T16:39:33.690667+00:00", "symbol": "ADA-USD"}, {"trade_id": 143241371, "side": "sell", "size": "650.72736722", "price": "0.70130000", "time": "2025-07-12T16:38:22.788384Z", "fetched_at": "2025-07-12T16:39:33.690667+00:00", "symbol": "ADA-USD"}, {"trade_id": 143241370, "side": "sell", "size": "351.00000000", "price": "0.70130000", "time": "2025-07-12T16:38:22.788384Z", "fetched_at": "2025-07-12T16:39:33.690667+00:00", "symbol": "ADA-USD"}, {"trade_id": 143241369, "side": "sell", "size": "1.60000000", "price": "0.70130000", "time": "2025-07-12T16:38:22.788384Z", "fetched_at": "2025-07-12T16:39:33.690667+00:00", "symbol": "ADA-USD"}, {"trade_id": 143241368, "side": "sell", "size": "1.71596126", "price": "0.70120000", "time": "2025-07-12T16:38:18.870957Z", "fetched_at": "2025-07-12T16:39:33.690667+00:00", "symbol": "ADA-USD"}, {"trade_id": 143241367, "side": "sell", "size": "1.13982560", "price": "0.70130000", "time": "2025-07-12T16:38:13.867910Z", "fetched_at": "2025-07-12T16:39:33.690667+00:00", "symbol": "ADA-USD"}, {"trade_id": 143241366, "side": "sell", "size": "4.32353040", "price": "0.70120000", "time": "2025-07-12T16:38:13.867910Z", "fetched_at": "2025-07-12T16:39:33.690667+00:00", "symbol": "ADA-USD"}, {"trade_id": 143241365, "side": "sell", "size": "1.60000000", "price": "0.70120000", "time": "2025-07-12T16:38:13.867910Z", "fetched_at": "2025-07-12T16:39:33.690667+00:00", "symbol": "ADA-USD"}, {"trade_id": 143241364, "side": "sell", "size": "10.44084883", "price": "0.70110000", "time": "2025-07-12T16:38:12.554530Z", "fetched_at": "2025-07-12T16:39:33.690667+00:00", "symbol": "ADA-USD"}, {"trade_id": 143241363, "side": "sell", "size": "0.00000944", "price": "0.70110000", "time": "2025-07-12T16:38:10.021319Z", "fetched_at": "2025-07-12T16:39:33.690667+00:00", "symbol": "ADA-USD"}, {"trade_id": 143241362, "side": "sell", "size": "71.11486337", "price": "0.70110000", "time": "2025-07-12T16:38:10.018042Z", "fetched_at": "2025-07-12T16:39:33.690667+00:00", "symbol": "ADA-USD"}, {"trade_id": 143241361, "side": "sell", "size": "1.49658663", "price": "0.70110000", "time": "2025-07-12T16:38:10.018042Z", "fetched_at": "2025-07-12T16:39:33.690667+00:00", "symbol": "ADA-USD"}, {"trade_id": 143241360, "side": "sell", "size": "1.60000000", "price": "0.70110000", "time": "2025-07-12T16:38:10.018042Z", "fetched_at": "2025-07-12T16:39:33.690667+00:00", "symbol": "ADA-USD"}, {"trade_id": 143241359, "side": "sell", "size": "1.60000000", "price": "0.70100000", "time": "2025-07-12T16:38:09.885905Z", "fetched_at": "2025-07-12T16:39:33.690667+00:00", "symbol": "ADA-USD"}, {"trade_id": 143241358, "side": "buy", "size": "0.14265300", "price": "0.70080000", "time": "2025-07-12T16:38:08.711113Z", "fetched_at": "2025-07-12T16:39:33.690667+00:00", "symbol": "ADA-USD"}, {"trade_id": 143241357, "side": "sell", "size": "21.54917917", "price": "0.70080000", "time": "2025-07-12T16:38:08.703053Z", "fetched_at": "2025-07-12T16:39:33.690667+00:00", "symbol": "ADA-USD"}, {"trade_id": 143241356, "side": "sell", "size": "99.89830000", "price": "0.70080000", "time": "2025-07-12T16:38:08.673728Z", "fetched_at": "2025-07-12T16:39:33.690667+00:00", "symbol": "ADA-USD"}, {"trade_id": 143241355, "side": "sell", "size": "83.13882700", "price": "0.70090000", "time": "2025-07-12T16:38:02.789667Z", "fetched_at": "2025-07-12T16:39:33.690667+00:00", "symbol": "ADA-USD"}, {"trade_id": 143241354, "side": "sell", "size": "6.22299100", "price": "0.70090000", "time": "2025-07-12T16:38:02.416940Z", "fetched_at": "2025-07-12T16:39:33.690667+00:00", "symbol": "ADA-USD"}, {"trade_id": 143241353, "side": "buy", "size": "500.00000000", "price": "0.70090000", "time": "2025-07-12T16:38:02.133118Z", "fetched_at": "2025-07-12T16:39:33.690667+00:00", "symbol": "ADA-USD"}, {"trade_id": 143241352, "side": "buy", "size": "39.49513240", "price": "0.70090000", "time": "2025-07-12T16:38:02.133118Z", "fetched_at": "2025-07-12T16:39:33.690667+00:00", "symbol": "ADA-USD"}, {"trade_id": 143241351, "side": "buy", "size": "69.93006000", "price": "0.70100000", "time": "2025-07-12T16:38:00.259397Z", "fetched_at": "2025-07-12T16:39:33.690667+00:00", "symbol": "ADA-USD"}, {"trade_id": 143241350, "side": "buy", "size": "0.00000135", "price": "0.70100000", "time": "2025-07-12T16:37:54.993543Z", "fetched_at": "2025-07-12T16:39:33.690667+00:00", "symbol": "ADA-USD"}, {"trade_id": 143241349, "side": "buy", "size": "99.87606000", "price": "0.70100000", "time": "2025-07-12T16:37:54.989136Z", "fetched_at": "2025-07-12T16:39:33.690667+00:00", "symbol": "ADA-USD"}, {"trade_id": 143241348, "side": "buy", "size": "15.92666574", "price": "0.70100000", "time": "2025-07-12T16:37:42.191427Z", "fetched_at": "2025-07-12T16:39:33.690667+00:00", "symbol": "ADA-USD"}, {"trade_id": 143241347, "side": "buy", "size": "35.70158526", "price": "0.70100000", "time": "2025-07-12T16:37:42.191427Z", "fetched_at": "2025-07-12T16:39:33.690667+00:00", "symbol": "ADA-USD"}, {"trade_id": 143241346, "side": "sell", "size": "1.77025155", "price": "0.70100000", "time": "2025-07-12T16:37:35.569118Z", "fetched_at": "2025-07-12T16:39:33.690667+00:00", "symbol": "ADA-USD"}, {"trade_id": 143241345, "side": "sell", "size": "4.46212023", "price": "0.70100000", "time": "2025-07-12T16:37:31.786862Z", "fetched_at": "2025-07-12T16:39:33.690667+00:00", "symbol": "ADA-USD"}, {"trade_id": 143241344, "side": "sell", "size": "13.88035400", "price": "0.70100000", "time": "2025-07-12T16:37:30.384664Z", "fetched_at": "2025-07-12T16:39:33.690667+00:00", "symbol": "ADA-USD"}, {"trade_id": 143241343, "side": "sell", "size": "1.60000000", "price": "0.70100000", "time": "2025-07-12T16:37:29.391877Z", "fetched_at": "2025-07-12T16:39:33.690667+00:00", "symbol": "ADA-USD"}, {"trade_id": 143241342, "side": "sell", "size": "10.93410990", "price": "0.70090000", "time": "2025-07-12T16:37:29.366852Z", "fetched_at": "2025-07-12T16:39:33.690667+00:00", "symbol": "ADA-USD"}, {"trade_id": 143241341, "side": "sell", "size": "1.60000000", "price": "0.70090000", "time": "2025-07-12T16:37:29.366852Z", "fetched_at": "2025-07-12T16:39:33.690667+00:00", "symbol": "ADA-USD"}, {"trade_id": 143241340, "side": "buy", "size": "4.58047900", "price": "0.70070000", "time": "2025-07-12T16:37:27.041096Z", "fetched_at": "2025-07-12T16:39:33.690667+00:00", "symbol": "ADA-USD"}, {"trade_id": 143241339, "side": "sell", "size": "29.49928600", "price": "0.70080000", "time": "2025-07-12T16:37:23.593819Z", "fetched_at": "2025-07-12T16:39:33.690667+00:00", "symbol": "ADA-USD"}, {"trade_id": 143241338, "side": "sell", "size": "55.02537500", "price": "0.70080000", "time": "2025-07-12T16:37:22.750265Z", "fetched_at": "2025-07-12T16:39:33.690667+00:00", "symbol": "ADA-USD"}, {"trade_id": 143241337, "side": "sell", "size": "1.60000000", "price": "0.70080000", "time": "2025-07-12T16:37:22.750265Z", "fetched_at": "2025-07-12T16:39:33.690667+00:00", "symbol": "ADA-USD"}, {"trade_id": 143241336, "side": "sell", "size": "11.87619065", "price": "0.70070000", "time": "2025-07-12T16:37:22.376173Z", "fetched_at": "2025-07-12T16:39:33.690667+00:00", "symbol": "ADA-USD"}, {"trade_id": 143241335, "side": "sell", "size": "1.60000000", "price": "0.70070000", "time": "2025-07-12T16:37:22.376173Z", "fetched_at": "2025-07-12T16:39:33.690667+00:00", "symbol": "ADA-USD"}, {"trade_id": 143241334, "side": "sell", "size": "28.78771328", "price": "0.70060000", "time": "2025-07-12T16:37:18.935121Z", "fetched_at": "2025-07-12T16:39:33.690667+00:00", "symbol": "ADA-USD"}, {"trade_id": 143241333, "side": "sell", "size": "1.60000000", "price": "0.70060000", "time": "2025-07-12T16:37:18.935121Z", "fetched_at": "2025-07-12T16:39:33.690667+00:00", "symbol": "ADA-USD"}, {"trade_id": 143241332, "side": "sell", "size": "99.97036515", "price": "0.70050000", "time": "2025-07-12T16:37:17.739528Z", "fetched_at": "2025-07-12T16:39:33.690667+00:00", "symbol": "ADA-USD"}, {"trade_id": 143241331, "side": "sell", "size": "1.60000000", "price": "0.70050000", "time": "2025-07-12T16:37:17.739528Z", "fetched_at": "2025-07-12T16:39:33.690667+00:00", "symbol": "ADA-USD"}, {"trade_id": 143241330, "side": "sell", "size": "99.99823281", "price": "0.70040000", "time": "2025-07-12T16:37:15.996982Z", "fetched_at": "2025-07-12T16:39:33.690667+00:00", "symbol": "ADA-USD"}, {"trade_id": 143241329, "side": "sell", "size": "1.60000000", "price": "0.70040000", "time": "2025-07-12T16:37:15.996982Z", "fetched_at": "2025-07-12T16:39:33.690667+00:00", "symbol": "ADA-USD"}, {"trade_id": 143241328, "side": "buy", "size": "340.95401200", "price": "0.70030000", "time": "2025-07-12T16:37:14.904108Z", "fetched_at": "2025-07-12T16:39:33.690667+00:00", "symbol": "ADA-USD"}, {"trade_id": 143241327, "side": "buy", "size": "1.60000000", "price": "0.70020000", "time": "2025-07-12T16:37:12.383809Z", "fetched_at": "2025-07-12T16:39:33.690667+00:00", "symbol": "ADA-USD"}, {"trade_id": 143241326, "side": "buy", "size": "10.30206793", "price": "0.70020000", "time": "2025-07-12T16:37:12.383799Z", "fetched_at": "2025-07-12T16:39:33.690667+00:00", "symbol": "ADA-USD"}, {"trade_id": 143241325, "side": "buy", "size": "351.00000000", "price": "0.70020000", "time": "2025-07-12T16:37:12.383799Z", "fetched_at": "2025-07-12T16:39:33.690667+00:00", "symbol": "ADA-USD"}, {"trade_id": 143241324, "side": "buy", "size": "1.60000000", "price": "0.70020000", "time": "2025-07-12T16:37:12.383799Z", "fetched_at": "2025-07-12T16:39:33.690667+00:00", "symbol": "ADA-USD"}, {"trade_id": 143241323, "side": "buy", "size": "1.60000000", "price": "0.70030000", "time": "2025-07-12T16:37:12.383799Z", "fetched_at": "2025-07-12T16:39:33.690667+00:00", "symbol": "ADA-USD"}, {"trade_id": 143241322, "side": "sell", "size": "138.66780800", "price": "0.70040000", "time": "2025-07-12T16:37:10.907619Z", "fetched_at": "2025-07-12T16:39:33.690667+00:00", "symbol": "ADA-USD"}, {"trade_id": 143241321, "side": "sell", "size": "219.95028000", "price": "0.70040000", "time": "2025-07-12T16:37:10.560437Z", "fetched_at": "2025-07-12T16:39:33.690667+00:00", "symbol": "ADA-USD"}, {"trade_id": 143241320, "side": "buy", "size": "69.93006000", "price": "0.70030000", "time": "2025-07-12T16:37:10.555605Z", "fetched_at": "2025-07-12T16:39:33.690667+00:00", "symbol": "ADA-USD"}, {"trade_id": 143241319, "side": "buy", "size": "500.00000000", "price": "0.70040000", "time": "2025-07-12T16:37:10.555185Z", "fetched_at": "2025-07-12T16:39:33.690667+00:00", "symbol": "ADA-USD"}, {"trade_id": 143241318, "side": "buy", "size": "16.31013936", "price": "0.70040000", "time": "2025-07-12T16:37:10.555185Z", "fetched_at": "2025-07-12T16:39:33.690667+00:00", "symbol": "ADA-USD"}, {"trade_id": 143241317, "side": "buy", "size": "1.60000000", "price": "0.70040000", "time": "2025-07-12T16:37:10.555185Z", "fetched_at": "2025-07-12T16:39:33.690667+00:00", "symbol": "ADA-USD"}, {"trade_id": 143241316, "side": "buy", "size": "100.00000000", "price": "0.70040000", "time": "2025-07-12T16:37:10.555185Z", "fetched_at": "2025-07-12T16:39:33.690667+00:00", "symbol": "ADA-USD"}, {"trade_id": 143241315, "side": "buy", "size": "22.97842113", "price": "0.70050000", "time": "2025-07-12T16:37:09.007451Z", "fetched_at": "2025-07-12T16:39:33.690667+00:00", "symbol": "ADA-USD"}, {"trade_id": 143241314, "side": "buy", "size": "1.60000000", "price": "0.70050000", "time": "2025-07-12T16:37:09.007451Z", "fetched_at": "2025-07-12T16:39:33.690667+00:00", "symbol": "ADA-USD"}, {"trade_id": 143241313, "side": "buy", "size": "99.93308451", "price": "0.70060000", "time": "2025-07-12T16:37:08.876099Z", "fetched_at": "2025-07-12T16:39:33.690667+00:00", "symbol": "ADA-USD"}, {"trade_id": 143241312, "side": "buy", "size": "1.60000000", "price": "0.70060000", "time": "2025-07-12T16:37:08.876099Z", "fetched_at": "2025-07-12T16:39:33.690667+00:00", "symbol": "ADA-USD"}, {"trade_id": 143241311, "side": "sell", "size": "0.00000943", "price": "0.70090000", "time": "2025-07-12T16:37:00.722013Z", "fetched_at": "2025-07-12T16:39:33.690667+00:00", "symbol": "ADA-USD"}, {"trade_id": 143241310, "side": "sell", "size": "99.92397000", "price": "0.70090000", "time": "2025-07-12T16:37:00.721086Z", "fetched_at": "2025-07-12T16:39:33.690667+00:00", "symbol": "ADA-USD"}, {"trade_id": 143241309, "side": "sell", "size": "39.20690300", "price": "0.70080000", "time": "2025-07-12T16:36:58.501554Z", "fetched_at": "2025-07-12T16:39:33.690667+00:00", "symbol": "ADA-USD"}, {"trade_id": 143241308, "side": "buy", "size": "99.90456479", "price": "0.70080000", "time": "2025-07-12T16:36:58.093530Z", "fetched_at": "2025-07-12T16:39:33.690667+00:00", "symbol": "ADA-USD"}, {"trade_id": 143241307, "side": "buy", "size": "500.00000000", "price": "0.70080000", "time": "2025-07-12T16:36:58.093530Z", "fetched_at": "2025-07-12T16:39:33.690667+00:00", "symbol": "ADA-USD"}, {"trade_id": 143241306, "side": "buy", "size": "9.51497900", "price": "0.70080000", "time": "2025-07-12T16:36:56.739007Z", "fetched_at": "2025-07-12T16:39:33.690667+00:00", "symbol": "ADA-USD"}, {"trade_id": 143241305, "side": "sell", "size": "13.52567000", "price": "0.70090000", "time": "2025-07-12T16:36:54.447879Z", "fetched_at": "2025-07-12T16:39:33.690667+00:00", "symbol": "ADA-USD"}, {"trade_id": 143241304, "side": "buy", "size": "52.52593918", "price": "0.70090000", "time": "2025-07-12T16:36:52.079984Z", "fetched_at": "2025-07-12T16:39:33.690667+00:00", "symbol": "ADA-USD"}, {"trade_id": 143241303, "side": "sell", "size": "99.92642000", "price": "0.70080000", "time": "2025-07-12T16:36:48.495734Z", "fetched_at": "2025-07-12T16:39:33.690667+00:00", "symbol": "ADA-USD"}, {"trade_id": 143241302, "side": "sell", "size": "50.00000000", "price": "0.70070000", "time": "2025-07-12T16:36:46.535147Z", "fetched_at": "2025-07-12T16:39:33.690667+00:00", "symbol": "ADA-USD"}, {"trade_id": 143241301, "side": "sell", "size": "6.15119100", "price": "0.70070000", "time": "2025-07-12T16:36:45.121946Z", "fetched_at": "2025-07-12T16:39:33.690667+00:00", "symbol": "ADA-USD"}, {"trade_id": 143241300, "side": "sell", "size": "5131.80000000", "price": "0.70070000", "time": "2025-07-12T16:36:43.795494Z", "fetched_at": "2025-07-12T16:39:33.690667+00:00", "symbol": "ADA-USD"}, {"trade_id": 143241299, "side": "sell", "size": "99.95497590", "price": "0.70070000", "time": "2025-07-12T16:36:43.795494Z", "fetched_at": "2025-07-12T16:39:33.690667+00:00", "symbol": "ADA-USD"}, {"trade_id": 143241298, "side": "sell", "size": "1.60000000", "price": "0.70070000", "time": "2025-07-12T16:36:43.795494Z", "fetched_at": "2025-07-12T16:39:33.690667+00:00", "symbol": "ADA-USD"}, {"trade_id": 143241297, "side": "sell", "size": "629.38861439", "price": "0.70050000", "time": "2025-07-12T16:36:41.362124Z", "fetched_at": "2025-07-12T16:39:33.690667+00:00", "symbol": "ADA-USD"}, {"trade_id": 143241296, "side": "sell", "size": "51.00306000", "price": "0.70050000", "time": "2025-07-12T16:36:41.362124Z", "fetched_at": "2025-07-12T16:39:33.690667+00:00", "symbol": "ADA-USD"}, {"trade_id": 143241295, "side": "sell", "size": "145.11375000", "price": "0.70050000", "time": "2025-07-12T16:36:41.362124Z", "fetched_at": "2025-07-12T16:39:33.690667+00:00", "symbol": "ADA-USD"}, {"trade_id": 143241294, "side": "sell", "size": "146.63352000", "price": "0.70050000", "time": "2025-07-12T16:36:41.362124Z", "fetched_at": "2025-07-12T16:39:33.690667+00:00", "symbol": "ADA-USD"}, {"trade_id": 143241293, "side": "sell", "size": "64.27879361", "price": "0.70050000", "time": "2025-07-12T16:36:41.362124Z", "fetched_at": "2025-07-12T16:39:33.690667+00:00", "symbol": "ADA-USD"}, {"trade_id": 143241292, "side": "sell", "size": "146.66897000", "price": "0.70050000", "time": "2025-07-12T16:36:41.362124Z", "fetched_at": "2025-07-12T16:39:33.690667+00:00", "symbol": "ADA-USD"}, {"trade_id": 143241291, "side": "buy", "size": "2500.00000000", "price": "0.70050000", "time": "2025-07-12T16:36:41.063288Z", "fetched_at": "2025-07-12T16:39:33.690667+00:00", "symbol": "ADA-USD"}, {"trade_id": 143241290, "side": "buy", "size": "351.00000000", "price": "0.70050000", "time": "2025-07-12T16:36:41.063288Z", "fetched_at": "2025-07-12T16:39:33.690667+00:00", "symbol": "ADA-USD"}, {"trade_id": 143241289, "side": "buy", "size": "1.60000000", "price": "0.70050000", "time": "2025-07-12T16:36:41.063288Z", "fetched_at": "2025-07-12T16:39:33.690667+00:00", "symbol": "ADA-USD"}, {"trade_id": 143241288, "side": "buy", "size": "500.00000000", "price": "0.70060000", "time": "2025-07-12T16:36:41.061160Z", "fetched_at": "2025-07-12T16:39:33.690667+00:00", "symbol": "ADA-USD"}, {"trade_id": 143241287, "side": "buy", "size": "5.90547046", "price": "0.70060000", "time": "2025-07-12T16:36:41.061160Z", "fetched_at": "2025-07-12T16:39:33.690667+00:00", "symbol": "ADA-USD"}, {"trade_id": 143241286, "side": "buy", "size": "1.60000000", "price": "0.70060000", "time": "2025-07-12T16:36:41.061160Z", "fetched_at": "2025-07-12T16:39:33.690667+00:00", "symbol": "ADA-USD"}, {"trade_id": 143241285, "side": "buy", "size": "6.38765367", "price": "0.70070000", "time": "2025-07-12T16:36:40.258747Z", "fetched_at": "2025-07-12T16:39:33.690667+00:00", "symbol": "ADA-USD"}, {"trade_id": 143241284, "side": "buy", "size": "1.60000000", "price": "0.70070000", "time": "2025-07-12T16:36:40.258747Z", "fetched_at": "2025-07-12T16:39:33.690667+00:00", "symbol": "ADA-USD"}, {"trade_id": 143241283, "side": "buy", "size": "7.28839605", "price": "0.70080000", "time": "2025-07-12T16:36:39.883295Z", "fetched_at": "2025-07-12T16:39:33.690667+00:00", "symbol": "ADA-USD"}, {"trade_id": 143241282, "side": "buy", "size": "1.60000000", "price": "0.70080000", "time": "2025-07-12T16:36:39.883295Z", "fetched_at": "2025-07-12T16:39:33.690667+00:00", "symbol": "ADA-USD"}, {"trade_id": 143241281, "side": "buy", "size": "8.88031102", "price": "0.70090000", "time": "2025-07-12T16:36:37.530966Z", "fetched_at": "2025-07-12T16:39:33.690667+00:00", "symbol": "ADA-USD"}, {"trade_id": 143241280, "side": "buy", "size": "1.60000000", "price": "0.70090000", "time": "2025-07-12T16:36:37.530966Z", "fetched_at": "2025-07-12T16:39:33.690667+00:00", "symbol": "ADA-USD"}, {"trade_id": 143241279, "side": "buy", "size": "6.90964808", "price": "0.70100000", "time": "2025-07-12T16:36:37.383085Z", "fetched_at": "2025-07-12T16:39:33.690667+00:00", "symbol": "ADA-USD"}, {"trade_id": 143241278, "side": "buy", "size": "1.60000000", "price": "0.70100000", "time": "2025-07-12T16:36:37.383085Z", "fetched_at": "2025-07-12T16:39:33.690667+00:00", "symbol": "ADA-USD"}, {"trade_id": 143241277, "side": "buy", "size": "8.66270807", "price": "0.70110000", "time": "2025-07-12T16:36:35.691618Z", "fetched_at": "2025-07-12T16:39:33.690667+00:00", "symbol": "ADA-USD"}, {"trade_id": 143241276, "side": "buy", "size": "500.00000000", "price": "0.70110000", "time": "2025-07-12T16:36:35.691618Z", "fetched_at": "2025-07-12T16:39:33.690667+00:00", "symbol": "ADA-USD"}, {"trade_id": 143241275, "side": "sell", "size": "20.27982900", "price": "0.70120000", "time": "2025-07-12T16:36:28.514909Z", "fetched_at": "2025-07-12T16:39:33.690667+00:00", "symbol": "ADA-USD"}, {"trade_id": 143241274, "side": "buy", "size": "76.80196675", "price": "0.70110000", "time": "2025-07-12T16:36:26.695381Z", "fetched_at": "2025-07-12T16:39:33.690667+00:00", "symbol": "ADA-USD"}, {"trade_id": 143241273, "side": "buy", "size": "1.60000000", "price": "0.70110000", "time": "2025-07-12T16:36:26.695381Z", "fetched_at": "2025-07-12T16:39:33.690667+00:00", "symbol": "ADA-USD"}, {"trade_id": 143241272, "side": "buy", "size": "9.22021325", "price": "0.70120000", "time": "2025-07-12T16:36:26.695381Z", "fetched_at": "2025-07-12T16:39:33.690667+00:00", "symbol": "ADA-USD"}, {"trade_id": 143241271, "side": "buy", "size": "1.60000000", "price": "0.70120000", "time": "2025-07-12T16:36:26.695381Z", "fetched_at": "2025-07-12T16:39:33.690667+00:00", "symbol": "ADA-USD"}, {"trade_id": 143241270, "side": "sell", "size": "95.25834152", "price": "0.70130000", "time": "2025-07-12T16:36:22.774776Z", "fetched_at": "2025-07-12T16:39:33.690667+00:00", "symbol": "ADA-USD"}, {"trade_id": 143241269, "side": "sell", "size": "146.63352000", "price": "0.70130000", "time": "2025-07-12T16:36:22.774776Z", "fetched_at": "2025-07-12T16:39:33.690667+00:00", "symbol": "ADA-USD"}, {"trade_id": 143241268, "side": "sell", "size": "145.11375000", "price": "0.70130000", "time": "2025-07-12T16:36:22.774776Z", "fetched_at": "2025-07-12T16:39:33.690667+00:00", "symbol": "ADA-USD"}, {"trade_id": 143241267, "side": "sell", "size": "131.57203000", "price": "0.70130000", "time": "2025-07-12T16:36:22.774776Z", "fetched_at": "2025-07-12T16:39:33.690667+00:00", "symbol": "ADA-USD"}, {"trade_id": 143241266, "side": "sell", "size": "15.09694000", "price": "0.70130000", "time": "2025-07-12T16:36:20.036169Z", "fetched_at": "2025-07-12T16:39:33.690667+00:00", "symbol": "ADA-USD"}, {"trade_id": 143241265, "side": "sell", "size": "51.00306000", "price": "0.70130000", "time": "2025-07-12T16:36:20.036169Z", "fetched_at": "2025-07-12T16:39:33.690667+00:00", "symbol": "ADA-USD"}, {"trade_id": 143241264, "side": "buy", "size": "11.76504022", "price": "0.70130000", "time": "2025-07-12T16:36:19.856548Z", "fetched_at": "2025-07-12T16:39:33.690667+00:00", "symbol": "ADA-USD"}, {"trade_id": 143241263, "side": "buy", "size": "1.60000000", "price": "0.70130000", "time": "2025-07-12T16:36:19.856548Z", "fetched_at": "2025-07-12T16:39:33.690667+00:00", "symbol": "ADA-USD"}, {"trade_id": 143241262, "side": "buy", "size": "1.60000000", "price": "0.70140000", "time": "2025-07-12T16:36:19.770271Z", "fetched_at": "2025-07-12T16:39:33.690667+00:00", "symbol": "ADA-USD"}, {"trade_id": 143241261, "side": "buy", "size": "21.01585635", "price": "0.70150000", "time": "2025-07-12T16:36:16.510184Z", "fetched_at": "2025-07-12T16:39:33.690667+00:00", "symbol": "ADA-USD"}, {"trade_id": 143241260, "side": "sell", "size": "1.60000000", "price": "0.70160000", "time": "2025-07-12T16:36:12.683487Z", "fetched_at": "2025-07-12T16:39:33.690667+00:00", "symbol": "ADA-USD"}, {"trade_id": 143241259, "side": "buy", "size": "9.10240000", "price": "0.70150000", "time": "2025-07-12T16:36:08.987442Z", "fetched_at": "2025-07-12T16:39:33.690667+00:00", "symbol": "ADA-USD"}, {"trade_id": 143241258, "side": "buy", "size": "500.00000000", "price": "0.70150000", "time": "2025-07-12T16:36:08.987442Z", "fetched_at": "2025-07-12T16:39:33.690667+00:00", "symbol": "ADA-USD"}, {"trade_id": 143241257, "side": "buy", "size": "8.95352500", "price": "0.70150000", "time": "2025-07-12T16:36:07.631783Z", "fetched_at": "2025-07-12T16:39:33.690667+00:00", "symbol": "ADA-USD"}, {"trade_id": 143241256, "side": "buy", "size": "500.00000000", "price": "0.70140000", "time": "2025-07-12T16:36:04.370396Z", "fetched_at": "2025-07-12T16:39:33.690667+00:00", "symbol": "ADA-USD"}, {"trade_id": 143241255, "side": "buy", "size": "99.81910323", "price": "0.70140000", "time": "2025-07-12T16:36:04.370396Z", "fetched_at": "2025-07-12T16:39:33.690667+00:00", "symbol": "ADA-USD"}, {"trade_id": 143241254, "side": "buy", "size": "2769.97260722", "price": "0.70140000", "time": "2025-07-12T16:36:04.365883Z", "fetched_at": "2025-07-12T16:39:33.690667+00:00", "symbol": "ADA-USD"}, {"trade_id": 143241253, "side": "buy", "size": "1.60000000", "price": "0.70140000", "time": "2025-07-12T16:36:04.365883Z", "fetched_at": "2025-07-12T16:39:33.690667+00:00", "symbol": "ADA-USD"}, {"trade_id": 143241252, "side": "buy", "size": "800.00000000", "price": "0.70150000", "time": "2025-07-12T16:36:03.939266Z", "fetched_at": "2025-07-12T16:39:33.690667+00:00", "symbol": "ADA-USD"}, {"trade_id": 143241251, "side": "buy", "size": "1048.35766741", "price": "0.70150000", "time": "2025-07-12T16:36:03.939266Z", "fetched_at": "2025-07-12T16:39:33.690667+00:00", "symbol": "ADA-USD"}, {"trade_id": 143241250, "side": "buy", "size": "704.18344935", "price": "0.70150000", "time": "2025-07-12T16:36:03.939266Z", "fetched_at": "2025-07-12T16:39:33.690667+00:00", "symbol": "ADA-USD"}, {"trade_id": 143241249, "side": "buy", "size": "712.75837491", "price": "0.70150000", "time": "2025-07-12T16:36:03.939266Z", "fetched_at": "2025-07-12T16:39:33.690667+00:00", "symbol": "ADA-USD"}, {"trade_id": 143241248, "side": "buy", "size": "5.31696937", "price": "0.70150000", "time": "2025-07-12T16:36:03.939266Z", "fetched_at": "2025-07-12T16:39:33.690667+00:00", "symbol": "ADA-USD"}, {"trade_id": 143241247, "side": "buy", "size": "5132.30000000", "price": "0.70150000", "time": "2025-07-12T16:36:03.939266Z", "fetched_at": "2025-07-12T16:39:33.690667+00:00", "symbol": "ADA-USD"}, {"trade_id": 143241246, "side": "buy", "size": "20.85887978", "price": "0.70150000", "time": "2025-07-12T16:36:03.939266Z", "fetched_at": "2025-07-12T16:39:33.690667+00:00", "symbol": "ADA-USD"}, {"trade_id": 143241245, "side": "buy", "size": "99.79064853", "price": "0.70160000", "time": "2025-07-12T16:36:03.939266Z", "fetched_at": "2025-07-12T16:39:33.690667+00:00", "symbol": "ADA-USD"}, {"trade_id": 143241244, "side": "sell", "size": "2.34191447", "price": "0.70160000", "time": "2025-07-12T16:36:03.691955Z", "fetched_at": "2025-07-12T16:39:33.690667+00:00", "symbol": "ADA-USD"}, {"trade_id": 143241243, "side": "sell", "size": "1.60000000", "price": "0.70160000", "time": "2025-07-12T16:35:57.701047Z", "fetched_at": "2025-07-12T16:39:33.690667+00:00", "symbol": "ADA-USD"}, {"trade_id": 143241242, "side": "sell", "size": "10.70610096", "price": "0.70150000", "time": "2025-07-12T16:35:57.594208Z", "fetched_at": "2025-07-12T16:39:33.690667+00:00", "symbol": "ADA-USD"}, {"trade_id": 143241241, "side": "sell", "size": "1.60000000", "price": "0.70150000", "time": "2025-07-12T16:35:57.594208Z", "fetched_at": "2025-07-12T16:39:33.690667+00:00", "symbol": "ADA-USD"}, {"trade_id": 143241240, "side": "sell", "size": "1.60000000", "price": "0.70140000", "time": "2025-07-12T16:35:57.465438Z", "fetched_at": "2025-07-12T16:39:33.690667+00:00", "symbol": "ADA-USD"}, {"trade_id": 143241239, "side": "sell", "size": "87.86434239", "price": "0.70130000", "time": "2025-07-12T16:35:57.011053Z", "fetched_at": "2025-07-12T16:39:33.690667+00:00", "symbol": "ADA-USD"}, {"trade_id": 143241238, "side": "sell", "size": "1.60000000", "price": "0.70130000", "time": "2025-07-12T16:35:57.011053Z", "fetched_at": "2025-07-12T16:39:33.690667+00:00", "symbol": "ADA-USD"}, {"trade_id": 143241237, "side": "buy", "size": "99.84757000", "price": "0.70120000", "time": "2025-07-12T16:35:50.066345Z", "fetched_at": "2025-07-12T16:39:33.690667+00:00", "symbol": "ADA-USD"}, {"trade_id": 143241236, "side": "sell", "size": "4.19045594", "price": "0.70120000", "time": "2025-07-12T16:35:48.822172Z", "fetched_at": "2025-07-12T16:39:33.690667+00:00", "symbol": "ADA-USD"}, {"trade_id": 143241235, "side": "sell", "size": "70.58320300", "price": "0.70120000", "time": "2025-07-12T16:35:48.088397Z", "fetched_at": "2025-07-12T16:39:33.690667+00:00", "symbol": "ADA-USD"}, {"trade_id": 143241234, "side": "sell", "size": "6.76573000", "price": "0.70120000", "time": "2025-07-12T16:35:37.901882Z", "fetched_at": "2025-07-12T16:39:33.690667+00:00", "symbol": "ADA-USD"}, {"trade_id": 143241233, "side": "sell", "size": "20.00000000", "price": "0.70130000", "time": "2025-07-12T16:35:37.200965Z", "fetched_at": "2025-07-12T16:39:33.690667+00:00", "symbol": "ADA-USD"}, {"trade_id": 143241232, "side": "sell", "size": "5.04737590", "price": "0.70120000", "time": "2025-07-12T16:35:36.592238Z", "fetched_at": "2025-07-12T16:39:33.690667+00:00", "symbol": "ADA-USD"}, {"trade_id": 143241231, "side": "sell", "size": "5.04737590", "price": "0.70120000", "time": "2025-07-12T16:35:36.581335Z", "fetched_at": "2025-07-12T16:39:33.690667+00:00", "symbol": "ADA-USD"}, {"trade_id": 143241230, "side": "sell", "size": "15.53705228", "price": "0.70120000", "time": "2025-07-12T16:35:35.738768Z", "fetched_at": "2025-07-12T16:39:33.690667+00:00", "symbol": "ADA-USD"}, {"trade_id": 143241229, "side": "sell", "size": "1.60000000", "price": "0.70120000", "time": "2025-07-12T16:35:35.738768Z", "fetched_at": "2025-07-12T16:39:33.690667+00:00", "symbol": "ADA-USD"}, {"trade_id": 143241228, "side": "sell", "size": "1.60000000", "price": "0.70110000", "time": "2025-07-12T16:35:35.606229Z", "fetched_at": "2025-07-12T16:39:33.690667+00:00", "symbol": "ADA-USD"}, {"trade_id": 143241227, "side": "sell", "size": "99.91126720", "price": "0.70100000", "time": "2025-07-12T16:35:35.576973Z", "fetched_at": "2025-07-12T16:39:33.690667+00:00", "symbol": "ADA-USD"}, {"trade_id": 143241226, "side": "sell", "size": "1.60000000", "price": "0.70100000", "time": "2025-07-12T16:35:33.723482Z", "fetched_at": "2025-07-12T16:39:33.690667+00:00", "symbol": "ADA-USD"}, {"trade_id": 143241225, "side": "sell", "size": "593.24245364", "price": "0.70090000", "time": "2025-07-12T16:35:33.705338Z", "fetched_at": "2025-07-12T16:39:33.690667+00:00", "symbol": "ADA-USD"}, {"trade_id": 143241224, "side": "sell", "size": "2879.25190809", "price": "0.70090000", "time": "2025-07-12T16:35:33.705265Z", "fetched_at": "2025-07-12T16:39:33.690667+00:00", "symbol": "ADA-USD"}, {"trade_id": 143241223, "side": "sell", "size": "704.18344935", "price": "0.70090000", "time": "2025-07-12T16:35:33.705265Z", "fetched_at": "2025-07-12T16:39:33.690667+00:00", "symbol": "ADA-USD"}, {"trade_id": 143241222, "side": "sell", "size": "99.86878795", "price": "0.70080000", "time": "2025-07-12T16:35:33.705265Z", "fetched_at": "2025-07-12T16:39:33.690667+00:00", "symbol": "ADA-USD"}, {"trade_id": 143241221, "side": "buy", "size": "1871.22004148", "price": "0.70080000", "time": "2025-07-12T16:35:30.844551Z", "fetched_at": "2025-07-12T16:39:33.690667+00:00", "symbol": "ADA-USD"}, {"trade_id": 143241220, "side": "buy", "size": "3128.77995852", "price": "0.70080000", "time": "2025-07-12T16:35:30.776425Z", "fetched_at": "2025-07-12T16:39:33.690667+00:00", "symbol": "ADA-USD"}, {"trade_id": 143241219, "side": "buy", "size": "17.30478055", "price": "0.70080000", "time": "2025-07-12T16:35:30.776425Z", "fetched_at": "2025-07-12T16:39:33.690667+00:00", "symbol": "ADA-USD"}, {"trade_id": 143241218, "side": "buy", "size": "1.60000000", "price": "0.70080000", "time": "2025-07-12T16:35:30.776425Z", "fetched_at": "2025-07-12T16:39:33.690667+00:00", "symbol": "ADA-USD"}, {"trade_id": 143241217, "side": "buy", "size": "99.89031104", "price": "0.70090000", "time": "2025-07-12T16:35:29.478064Z", "fetched_at": "2025-07-12T16:39:33.690667+00:00", "symbol": "ADA-USD"}, {"trade_id": 143241216, "side": "buy", "size": "500.00000000", "price": "0.70090000", "time": "2025-07-12T16:35:29.478064Z", "fetched_at": "2025-07-12T16:39:33.690667+00:00", "symbol": "ADA-USD"}, {"trade_id": 143241215, "side": "buy", "size": "0.00000135", "price": "0.70100000", "time": "2025-07-12T16:35:29.460456Z", "fetched_at": "2025-07-12T16:39:33.690667+00:00", "symbol": "ADA-USD"}, {"trade_id": 143241214, "side": "buy", "size": "99.87606000", "price": "0.70100000", "time": "2025-07-12T16:35:29.457247Z", "fetched_at": "2025-07-12T16:39:33.690667+00:00", "symbol": "ADA-USD"}, {"trade_id": 143241213, "side": "sell", "size": "1.60000000", "price": "0.70100000", "time": "2025-07-12T16:35:26.647539Z", "fetched_at": "2025-07-12T16:39:33.690667+00:00", "symbol": "ADA-USD"}, {"trade_id": 143241212, "side": "sell", "size": "91.36232961", "price": "0.70090000", "time": "2025-07-12T16:35:26.625474Z", "fetched_at": "2025-07-12T16:39:33.690667+00:00", "symbol": "ADA-USD"}, {"trade_id": 143241211, "side": "buy", "size": "79.40479301", "price": "0.70070000", "time": "2025-07-12T16:35:23.907194Z", "fetched_at": "2025-07-12T16:39:33.690667+00:00", "symbol": "ADA-USD"}, {"trade_id": 143241210, "side": "buy", "size": "34.90113220", "price": "0.70070000", "time": "2025-07-12T16:35:23.907194Z", "fetched_at": "2025-07-12T16:39:33.690667+00:00", "symbol": "ADA-USD"}, {"trade_id": 143241209, "side": "buy", "size": "99.90456479", "price": "0.70080000", "time": "2025-07-12T16:35:23.907194Z", "fetched_at": "2025-07-12T16:39:33.690667+00:00", "symbol": "ADA-USD"}, {"trade_id": 143241208, "side": "sell", "size": "7.06459000", "price": "0.70090000", "time": "2025-07-12T16:35:19.947841Z", "fetched_at": "2025-07-12T16:39:33.690667+00:00", "symbol": "ADA-USD"}, {"trade_id": 143241207, "side": "buy", "size": "500.00000000", "price": "0.70100000", "time": "2025-07-12T16:35:17.891441Z", "fetched_at": "2025-07-12T16:39:33.690667+00:00", "symbol": "ADA-USD"}, {"trade_id": 143241206, "side": "sell", "size": "18.90474473", "price": "0.70100000", "time": "2025-07-12T16:35:17.571571Z", "fetched_at": "2025-07-12T16:39:33.690667+00:00", "symbol": "ADA-USD"}, {"trade_id": 143241205, "side": "sell", "size": "1.60000000", "price": "0.70100000", "time": "2025-07-12T16:35:17.571571Z", "fetched_at": "2025-07-12T16:39:33.690667+00:00", "symbol": "ADA-USD"}, {"trade_id": 143241204, "side": "sell", "size": "1289.35870303", "price": "0.70080000", "time": "2025-07-12T16:35:17.308157Z", "fetched_at": "2025-07-12T16:39:33.690667+00:00", "symbol": "ADA-USD"}, {"trade_id": 143241203, "side": "sell", "size": "0.00000530", "price": "0.70070000", "time": "2025-07-12T16:35:17.308157Z", "fetched_at": "2025-07-12T16:39:33.690667+00:00", "symbol": "ADA-USD"}, {"trade_id": 143241202, "side": "sell", "size": "99.95424000", "price": "0.70070000", "time": "2025-07-12T16:35:17.296981Z", "fetched_at": "2025-07-12T16:39:33.690667+00:00", "symbol": "ADA-USD"}, {"trade_id": 143241201, "side": "buy", "size": "16.17880340", "price": "0.70070000", "time": "2025-07-12T16:35:15.057076Z", "fetched_at": "2025-07-12T16:39:33.690667+00:00", "symbol": "ADA-USD"}, {"trade_id": 143241200, "side": "buy", "size": "500.00000000", "price": "0.70070000", "time": "2025-07-12T16:35:15.057076Z", "fetched_at": "2025-07-12T16:39:33.690667+00:00", "symbol": "ADA-USD"}, {"trade_id": 143241199, "side": "buy", "size": "32.21642972", "price": "0.70070000", "time": "2025-07-12T16:35:15.057076Z", "fetched_at": "2025-07-12T16:39:33.690667+00:00", "symbol": "ADA-USD"}, {"trade_id": 143241198, "side": "sell", "size": "67.77350100", "price": "0.70090000", "time": "2025-07-12T16:35:12.973387Z", "fetched_at": "2025-07-12T16:39:33.690667+00:00", "symbol": "ADA-USD"}, {"trade_id": 143241197, "side": "sell", "size": "1.60000000", "price": "0.70090000", "time": "2025-07-12T16:35:12.973387Z", "fetched_at": "2025-07-12T16:39:33.690667+00:00", "symbol": "ADA-USD"}, {"trade_id": 143241196, "side": "sell", "size": "1.60000000", "price": "0.70080000", "time": "2025-07-12T16:35:11.903823Z", "fetched_at": "2025-07-12T16:39:33.690667+00:00", "symbol": "ADA-USD"}, {"trade_id": 143241195, "side": "sell", "size": "137.14132300", "price": "0.70080000", "time": "2025-07-12T16:35:08.056232Z", "fetched_at": "2025-07-12T16:39:33.690667+00:00", "symbol": "ADA-USD"}, {"trade_id": 143241194, "side": "sell", "size": "1.60000000", "price": "0.70070000", "time": "2025-07-12T16:35:08.056232Z", "fetched_at": "2025-07-12T16:39:33.690667+00:00", "symbol": "ADA-USD"}, {"trade_id": 143241193, "side": "sell", "size": "99.92545981", "price": "0.70050000", "time": "2025-07-12T16:35:07.101072Z", "fetched_at": "2025-07-12T16:39:33.690667+00:00", "symbol": "ADA-USD"}, {"trade_id": 143241192, "side": "buy", "size": "713.77587437", "price": "0.70050000", "time": "2025-07-12T16:35:04.075619Z", "fetched_at": "2025-07-12T16:39:33.690667+00:00", "symbol": "ADA-USD"}, {"trade_id": 143241191, "side": "buy", "size": "99.93308451", "price": "0.70060000", "time": "2025-07-12T16:35:04.073373Z", "fetched_at": "2025-07-12T16:39:33.690667+00:00", "symbol": "ADA-USD"}, {"trade_id": 143241190, "side": "buy", "size": "39.65099043", "price": "0.70060000", "time": "2025-07-12T16:35:04.073373Z", "fetched_at": "2025-07-12T16:39:33.690667+00:00", "symbol": "ADA-USD"}, {"trade_id": 143241189, "side": "sell", "size": "1.60000000", "price": "0.70060000", "time": "2025-07-12T16:35:02.369713Z", "fetched_at": "2025-07-12T16:39:33.690667+00:00", "symbol": "ADA-USD"}, {"trade_id": 143241188, "side": "sell", "size": "0.00000510", "price": "0.70040000", "time": "2025-07-12T16:35:02.021317Z", "fetched_at": "2025-07-12T16:39:33.690667+00:00", "symbol": "ADA-USD"}, {"trade_id": 143241187, "side": "sell", "size": "99.96880000", "price": "0.70040000", "time": "2025-07-12T16:35:02.021128Z", "fetched_at": "2025-07-12T16:39:33.690667+00:00", "symbol": "ADA-USD"}, {"trade_id": 143241186, "side": "buy", "size": "99.08518203", "price": "0.70040000", "time": "2025-07-12T16:34:59.142043Z", "fetched_at": "2025-07-12T16:39:33.690667+00:00", "symbol": "ADA-USD"}, {"trade_id": 143241185, "side": "sell", "size": "146.66897000", "price": "0.70040000", "time": "2025-07-12T16:34:59.094581Z", "fetched_at": "2025-07-12T16:39:33.690667+00:00", "symbol": "ADA-USD"}, {"trade_id": 143241184, "side": "sell", "size": "99.95478553", "price": "0.70040000", "time": "2025-07-12T16:34:58.365454Z", "fetched_at": "2025-07-12T16:39:33.690667+00:00", "symbol": "ADA-USD"}, {"trade_id": 143241183, "side": "buy", "size": "18.52101365", "price": "0.70040000", "time": "2025-07-12T16:34:57.118975Z", "fetched_at": "2025-07-12T16:39:33.690667+00:00", "symbol": "ADA-USD"}, {"trade_id": 143241182, "side": "buy", "size": "1.60000000", "price": "0.70040000", "time": "2025-07-12T16:34:57.118975Z", "fetched_at": "2025-07-12T16:39:33.690667+00:00", "symbol": "ADA-USD"}, {"trade_id": 143241181, "side": "buy", "size": "67.26906000", "price": "0.70050000", "time": "2025-07-12T16:34:56.144533Z", "fetched_at": "2025-07-12T16:39:33.690667+00:00", "symbol": "ADA-USD"}, {"trade_id": 143241180, "side": "buy", "size": "1.60000000", "price": "0.70050000", "time": "2025-07-12T16:34:56.144533Z", "fetched_at": "2025-07-12T16:39:33.690667+00:00", "symbol": "ADA-USD"}, {"trade_id": 143241179, "side": "buy", "size": "1.60000000", "price": "0.70060000", "time": "2025-07-12T16:34:55.005147Z", "fetched_at": "2025-07-12T16:39:33.690667+00:00", "symbol": "ADA-USD"}, {"trade_id": 143241178, "side": "sell", "size": "99.89805868", "price": "0.70070000", "time": "2025-07-12T16:34:53.676690Z", "fetched_at": "2025-07-12T16:39:33.690667+00:00", "symbol": "ADA-USD"}, {"trade_id": 143241177, "side": "sell", "size": "99.89777934", "price": "0.70070000", "time": "2025-07-12T16:34:48.987272Z", "fetched_at": "2025-07-12T16:39:33.690667+00:00", "symbol": "ADA-USD"}, {"trade_id": 143241176, "side": "sell", "size": "7.05731400", "price": "0.70070000", "time": "2025-07-12T16:34:47.386986Z", "fetched_at": "2025-07-12T16:39:33.690667+00:00", "symbol": "ADA-USD"}, {"trade_id": 143241175, "side": "buy", "size": "4.82217422", "price": "0.70070000", "time": "2025-07-12T16:34:46.209956Z", "fetched_at": "2025-07-12T16:39:33.690667+00:00", "symbol": "ADA-USD"}, {"trade_id": 143241174, "side": "buy", "size": "4.84647984", "price": "0.70080000", "time": "2025-07-12T16:34:46.154336Z", "fetched_at": "2025-07-12T16:39:33.690667+00:00", "symbol": "ADA-USD"}, {"trade_id": 143241173, "side": "sell", "size": "42.35596100", "price": "0.70090000", "time": "2025-07-12T16:34:46.042139Z", "fetched_at": "2025-07-12T16:39:33.690667+00:00", "symbol": "ADA-USD"}, {"trade_id": 143241172, "side": "buy", "size": "41.40282273", "price": "0.70070000", "time": "2025-07-12T16:34:42.776012Z", "fetched_at": "2025-07-12T16:39:33.690667+00:00", "symbol": "ADA-USD"}, {"trade_id": 143241171, "side": "buy", "size": "1.60000000", "price": "0.70070000", "time": "2025-07-12T16:34:42.776012Z", "fetched_at": "2025-07-12T16:39:33.690667+00:00", "symbol": "ADA-USD"}, {"trade_id": 143241170, "side": "buy", "size": "5.79637927", "price": "0.70080000", "time": "2025-07-12T16:34:42.776012Z", "fetched_at": "2025-07-12T16:39:33.690667+00:00", "symbol": "ADA-USD"}, {"trade_id": 143241169, "side": "buy", "size": "1.60000000", "price": "0.70080000", "time": "2025-07-12T16:34:42.776012Z", "fetched_at": "2025-07-12T16:39:33.690667+00:00", "symbol": "ADA-USD"}, {"trade_id": 143241168, "side": "buy", "size": "6.17224447", "price": "0.70090000", "time": "2025-07-12T16:34:42.116452Z", "fetched_at": "2025-07-12T16:39:33.690667+00:00", "symbol": "ADA-USD"}, {"trade_id": 143241167, "side": "buy", "size": "1.60000000", "price": "0.70090000", "time": "2025-07-12T16:34:42.116452Z", "fetched_at": "2025-07-12T16:39:33.690667+00:00", "symbol": "ADA-USD"}, {"trade_id": 143241166, "side": "buy", "size": "6.71800743", "price": "0.70100000", "time": "2025-07-12T16:34:40.813960Z", "fetched_at": "2025-07-12T16:39:33.690667+00:00", "symbol": "ADA-USD"}, {"trade_id": 143241165, "side": "buy", "size": "1.60000000", "price": "0.70100000", "time": "2025-07-12T16:34:40.813960Z", "fetched_at": "2025-07-12T16:39:33.690667+00:00", "symbol": "ADA-USD"}, {"trade_id": 143241164, "side": "buy", "size": "8.35350890", "price": "0.70110000", "time": "2025-07-12T16:34:40.190376Z", "fetched_at": "2025-07-12T16:39:33.690667+00:00", "symbol": "ADA-USD"}, {"trade_id": 143241163, "side": "buy", "size": "499.99999110", "price": "0.70110000", "time": "2025-07-12T16:34:40.104213Z", "fetched_at": "2025-07-12T16:39:33.690667+00:00", "symbol": "ADA-USD"}, {"trade_id": 143241162, "side": "buy", "size": "8.35350890", "price": "0.70110000", "time": "2025-07-12T16:34:40.104213Z", "fetched_at": "2025-07-12T16:39:33.690667+00:00", "symbol": "ADA-USD"}, {"trade_id": 143241161, "side": "buy", "size": "1.60000000", "price": "0.70110000", "time": "2025-07-12T16:34:40.104213Z", "fetched_at": "2025-07-12T16:39:33.690667+00:00", "symbol": "ADA-USD"}, {"trade_id": 143241160, "side": "sell", "size": "35.49536707", "price": "0.70120000", "time": "2025-07-12T16:34:39.763266Z", "fetched_at": "2025-07-12T16:39:33.690667+00:00", "symbol": "ADA-USD"}, {"trade_id": 143241159, "side": "buy", "size": "10.23962953", "price": "0.70120000", "time": "2025-07-12T16:34:38.096733Z", "fetched_at": "2025-07-12T16:39:33.690667+00:00", "symbol": "ADA-USD"}, {"trade_id": 143241158, "side": "buy", "size": "1.60000000", "price": "0.70120000", "time": "2025-07-12T16:34:38.096733Z", "fetched_at": "2025-07-12T16:39:33.690667+00:00", "symbol": "ADA-USD"}, {"trade_id": 143241157, "side": "buy", "size": "10.25254150", "price": "0.70130000", "time": "2025-07-12T16:34:38.080395Z", "fetched_at": "2025-07-12T16:39:33.690667+00:00", "symbol": "ADA-USD"}, {"trade_id": 143241156, "side": "buy", "size": "1.60000000", "price": "0.70130000", "time": "2025-07-12T16:34:38.080395Z", "fetched_at": "2025-07-12T16:39:33.690667+00:00", "symbol": "ADA-USD"}, {"trade_id": 143241155, "side": "buy", "size": "13.10933476", "price": "0.70140000", "time": "2025-07-12T16:34:34.538572Z", "fetched_at": "2025-07-12T16:39:33.690667+00:00", "symbol": "ADA-USD"}, {"trade_id": 143241154, "side": "buy", "size": "1.60000000", "price": "0.70140000", "time": "2025-07-12T16:34:34.538572Z", "fetched_at": "2025-07-12T16:39:33.690667+00:00", "symbol": "ADA-USD"}, {"trade_id": 143241153, "side": "buy", "size": "11.99227248", "price": "0.70150000", "time": "2025-07-12T16:34:34.142750Z", "fetched_at": "2025-07-12T16:39:33.690667+00:00", "symbol": "ADA-USD"}, {"trade_id": 143241152, "side": "buy", "size": "1.60000000", "price": "0.70150000", "time": "2025-07-12T16:34:34.142750Z", "fetched_at": "2025-07-12T16:39:33.690667+00:00", "symbol": "ADA-USD"}, {"trade_id": 143241151, "side": "buy", "size": "19.83416752", "price": "0.70160000", "time": "2025-07-12T16:34:32.971780Z", "fetched_at": "2025-07-12T16:39:33.690667+00:00", "symbol": "ADA-USD"}, {"trade_id": 143241150, "side": "buy", "size": "99.77642000", "price": "0.70170000", "time": "2025-07-12T16:34:32.459171Z", "fetched_at": "2025-07-12T16:39:33.690667+00:00", "symbol": "ADA-USD"}, {"trade_id": 143241149, "side": "buy", "size": "174.55089735", "price": "0.70160000", "time": "2025-07-12T16:34:31.611944Z", "fetched_at": "2025-07-12T16:39:33.690667+00:00", "symbol": "ADA-USD"}, {"trade_id": 143241148, "side": "buy", "size": "351.00000000", "price": "0.70170000", "time": "2025-07-12T16:34:31.611944Z", "fetched_at": "2025-07-12T16:39:33.690667+00:00", "symbol": "ADA-USD"}, {"trade_id": 143241147, "side": "buy", "size": "45.07739265", "price": "0.70170000", "time": "2025-07-12T16:34:31.611944Z", "fetched_at": "2025-07-12T16:39:33.690667+00:00", "symbol": "ADA-USD"}, {"trade_id": 143241146, "side": "buy", "size": "51.00306000", "price": "0.70170000", "time": "2025-07-12T16:34:31.611944Z", "fetched_at": "2025-07-12T16:39:33.690667+00:00", "symbol": "ADA-USD"}, {"trade_id": 143241145, "side": "sell", "size": "99.81138727", "price": "0.70170000", "time": "2025-07-12T16:34:31.417614Z", "fetched_at": "2025-07-12T16:39:33.690667+00:00", "symbol": "ADA-USD"}, {"trade_id": 143241144, "side": "buy", "size": "5.97780000", "price": "0.70160000", "time": "2025-07-12T16:34:31.233159Z", "fetched_at": "2025-07-12T16:39:33.690667+00:00", "symbol": "ADA-USD"}, {"trade_id": 143241143, "side": "buy", "size": "500.00000000", "price": "0.70160000", "time": "2025-07-12T16:34:31.233159Z", "fetched_at": "2025-07-12T16:39:33.690667+00:00", "symbol": "ADA-USD"}, {"trade_id": 143241142, "side": "sell", "size": "99.81138727", "price": "0.70170000", "time": "2025-07-12T16:34:25.789112Z", "fetched_at": "2025-07-12T16:39:33.690667+00:00", "symbol": "ADA-USD"}, {"trade_id": 143241141, "side": "sell", "size": "99.81174291", "price": "0.70160000", "time": "2025-07-12T16:34:25.758301Z", "fetched_at": "2025-07-12T16:39:33.690667+00:00", "symbol": "ADA-USD"}, {"trade_id": 143241140, "side": "sell", "size": "146.66897000", "price": "0.70160000", "time": "2025-07-12T16:34:25.758301Z", "fetched_at": "2025-07-12T16:39:33.690667+00:00", "symbol": "ADA-USD"}, {"trade_id": 143241139, "side": "buy", "size": "6000.00000000", "price": "0.70150000", "time": "2025-07-12T16:34:22.654677Z", "fetched_at": "2025-07-12T16:39:33.690667+00:00", "symbol": "ADA-USD"}, {"trade_id": 143241138, "side": "buy", "size": "1.60000000", "price": "0.70150000", "time": "2025-07-12T16:34:22.654677Z", "fetched_at": "2025-07-12T16:39:33.690667+00:00", "symbol": "ADA-USD"}, {"trade_id": 143241137, "side": "buy", "size": "4.07626968", "price": "0.70160000", "time": "2025-07-12T16:34:22.653087Z", "fetched_at": "2025-07-12T16:39:33.690667+00:00", "symbol": "ADA-USD"}, {"trade_id": 143241136, "side": "buy", "size": "294.28558500", "price": "0.70160000", "time": "2025-07-12T16:34:22.653087Z", "fetched_at": "2025-07-12T16:39:33.690667+00:00", "symbol": "ADA-USD"}, {"trade_id": 143241135, "side": "buy", "size": "28.83956400", "price": "0.70160000", "time": "2025-07-12T16:34:21.625687Z", "fetched_at": "2025-07-12T16:39:33.690667+00:00", "symbol": "ADA-USD"}, {"trade_id": 143241134, "side": "buy", "size": "176.87485100", "price": "0.70160000", "time": "2025-07-12T16:34:20.816740Z", "fetched_at": "2025-07-12T16:39:33.690667+00:00", "symbol": "ADA-USD"}, {"trade_id": 143241133, "side": "buy", "size": "1.60000000", "price": "0.70160000", "time": "2025-07-12T16:34:20.816740Z", "fetched_at": "2025-07-12T16:39:33.690667+00:00", "symbol": "ADA-USD"}, {"trade_id": 143241132, "side": "sell", "size": "0.23131242", "price": "0.70180000", "time": "2025-07-12T16:34:14.139226Z", "fetched_at": "2025-07-12T16:39:33.690667+00:00", "symbol": "ADA-USD"}, {"trade_id": 143241131, "side": "sell", "size": "400.22313094", "price": "0.70180000", "time": "2025-07-12T16:34:14.121914Z", "fetched_at": "2025-07-12T16:39:33.690667+00:00", "symbol": "ADA-USD"}, {"trade_id": 143241130, "side": "sell", "size": "146.66897000", "price": "0.70180000", "time": "2025-07-12T16:34:14.121914Z", "fetched_at": "2025-07-12T16:39:33.690667+00:00", "symbol": "ADA-USD"}, {"trade_id": 143241129, "side": "buy", "size": "1.60000000", "price": "0.70170000", "time": "2025-07-12T16:34:11.751498Z", "fetched_at": "2025-07-12T16:39:33.690667+00:00", "symbol": "ADA-USD"}, {"trade_id": 143241128, "side": "buy", "size": "2.33789409", "price": "0.70170000", "time": "2025-07-12T16:34:11.751296Z", "fetched_at": "2025-07-12T16:39:33.690667+00:00", "symbol": "ADA-USD"}, {"trade_id": 143241127, "side": "buy", "size": "500.00000000", "price": "0.70170000", "time": "2025-07-12T16:34:11.751296Z", "fetched_at": "2025-07-12T16:39:33.690667+00:00", "symbol": "ADA-USD"}, {"trade_id": 143241126, "side": "buy", "size": "1.60000000", "price": "0.70170000", "time": "2025-07-12T16:34:11.751296Z", "fetched_at": "2025-07-12T16:39:33.690667+00:00", "symbol": "ADA-USD"}, {"trade_id": 143241125, "side": "buy", "size": "1.60000000", "price": "0.70180000", "time": "2025-07-12T16:34:11.751296Z", "fetched_at": "2025-07-12T16:39:33.690667+00:00", "symbol": "ADA-USD"}, {"trade_id": 143241124, "side": "buy", "size": "4.15841445", "price": "0.70190000", "time": "2025-07-12T16:34:08.792637Z", "fetched_at": "2025-07-12T16:39:33.690667+00:00", "symbol": "ADA-USD"}, {"trade_id": 143241123, "side": "buy", "size": "1.60000000", "price": "0.70190000", "time": "2025-07-12T16:34:08.792637Z", "fetched_at": "2025-07-12T16:39:33.690667+00:00", "symbol": "ADA-USD"}, {"trade_id": 143241122, "side": "buy", "size": "1.60000000", "price": "0.70200000", "time": "2025-07-12T16:34:08.133532Z", "fetched_at": "2025-07-12T16:39:33.690667+00:00", "symbol": "ADA-USD"}, {"trade_id": 143241121, "side": "buy", "size": "1.60000000", "price": "0.70210000", "time": "2025-07-12T16:34:07.548895Z", "fetched_at": "2025-07-12T16:39:33.690667+00:00", "symbol": "ADA-USD"}, {"trade_id": 143241120, "side": "buy", "size": "4.84790294", "price": "0.70220000", "time": "2025-07-12T16:34:06.144085Z", "fetched_at": "2025-07-12T16:39:33.690667+00:00", "symbol": "ADA-USD"}, {"trade_id": 143241119, "side": "sell", "size": "1.31890200", "price": "0.70220000", "time": "2025-07-12T16:34:05.231725Z", "fetched_at": "2025-07-12T16:39:33.690667+00:00", "symbol": "ADA-USD"}, {"trade_id": 143241118, "side": "buy", "size": "5.52662291", "price": "0.70220000", "time": "2025-07-12T16:34:02.777709Z", "fetched_at": "2025-07-12T16:39:33.690667+00:00", "symbol": "ADA-USD"}, {"trade_id": 143241117, "side": "buy", "size": "96.23130214", "price": "0.70220000", "time": "2025-07-12T16:34:01.260282Z", "fetched_at": "2025-07-12T16:39:33.690667+00:00", "symbol": "ADA-USD"}, {"trade_id": 143241116, "side": "buy", "size": "1.60000000", "price": "0.70220000", "time": "2025-07-12T16:34:01.260282Z", "fetched_at": "2025-07-12T16:39:33.690667+00:00", "symbol": "ADA-USD"}, {"trade_id": 143241115, "side": "buy", "size": "6.17469386", "price": "0.70230000", "time": "2025-07-12T16:34:01.260282Z", "fetched_at": "2025-07-12T16:39:33.690667+00:00", "symbol": "ADA-USD"}, {"trade_id": 143241114, "side": "buy", "size": "6.30900979", "price": "0.70230000", "time": "2025-07-12T16:34:00.682915Z", "fetched_at": "2025-07-12T16:39:33.690667+00:00", "symbol": "ADA-USD"}, {"trade_id": 143241113, "side": "buy", "size": "1.60000000", "price": "0.70230000", "time": "2025-07-12T16:34:00.682915Z", "fetched_at": "2025-07-12T16:39:33.690667+00:00", "symbol": "ADA-USD"}, {"trade_id": 143241112, "side": "buy", "size": "6.86524576", "price": "0.70240000", "time": "2025-07-12T16:34:00.071880Z", "fetched_at": "2025-07-12T16:39:33.690667+00:00", "symbol": "ADA-USD"}, {"trade_id": 143241111, "side": "buy", "size": "1.60000000", "price": "0.70240000", "time": "2025-07-12T16:34:00.071880Z", "fetched_at": "2025-07-12T16:39:33.690667+00:00", "symbol": "ADA-USD"}, {"trade_id": 143241110, "side": "buy", "size": "6.87725267", "price": "0.70250000", "time": "2025-07-12T16:33:58.564283Z", "fetched_at": "2025-07-12T16:39:33.690667+00:00", "symbol": "ADA-USD"}, {"trade_id": 143241109, "side": "buy", "size": "99.66280000", "price": "0.70250000", "time": "2025-07-12T16:33:57.880617Z", "fetched_at": "2025-07-12T16:39:33.690667+00:00", "symbol": "ADA-USD"}, {"trade_id": 143241108, "side": "buy", "size": "99.66280000", "price": "0.70250000", "time": "2025-07-12T16:33:57.868095Z", "fetched_at": "2025-07-12T16:39:33.690667+00:00", "symbol": "ADA-USD"}, {"trade_id": 143241107, "side": "buy", "size": "99.64861800", "price": "0.70260000", "time": "2025-07-12T16:33:57.024517Z", "fetched_at": "2025-07-12T16:39:33.690667+00:00", "symbol": "ADA-USD"}, {"trade_id": 143241106, "side": "buy", "size": "500.00000000", "price": "0.70260000", "time": "2025-07-12T16:33:57.024517Z", "fetched_at": "2025-07-12T16:39:33.690667+00:00", "symbol": "ADA-USD"}, {"trade_id": 143241105, "side": "sell", "size": "1.60000000", "price": "0.70260000", "time": "2025-07-12T16:33:55.078460Z", "fetched_at": "2025-07-12T16:39:33.690667+00:00", "symbol": "ADA-USD"}, {"trade_id": 143241104, "side": "buy", "size": "36.83230783", "price": "0.70250000", "time": "2025-07-12T16:33:54.137062Z", "fetched_at": "2025-07-12T16:39:33.690667+00:00", "symbol": "ADA-USD"}, {"trade_id": 143241103, "side": "sell", "size": "2.26134348", "price": "0.70250000", "time": "2025-07-12T16:33:53.927106Z", "fetched_at": "2025-07-12T16:39:33.690667+00:00", "symbol": "ADA-USD"}, {"trade_id": 143241102, "side": "buy", "size": "13.82456323", "price": "0.70240000", "time": "2025-07-12T16:33:53.914457Z", "fetched_at": "2025-07-12T16:39:33.690667+00:00", "symbol": "ADA-USD"}, {"trade_id": 143241101, "side": "buy", "size": "49.10974377", "price": "0.70250000", "time": "2025-07-12T16:33:53.914457Z", "fetched_at": "2025-07-12T16:39:33.690667+00:00", "symbol": "ADA-USD"}, {"trade_id": 143241100, "side": "sell", "size": "2.62972833", "price": "0.70250000", "time": "2025-07-12T16:33:53.443769Z", "fetched_at": "2025-07-12T16:39:33.690667+00:00", "symbol": "ADA-USD"}, {"trade_id": 143241099, "side": "sell", "size": "1.60000000", "price": "0.70250000", "time": "2025-07-12T16:33:53.443769Z", "fetched_at": "2025-07-12T16:39:33.690667+00:00", "symbol": "ADA-USD"}, {"trade_id": 143241098, "side": "sell", "size": "4.87843400", "price": "0.70250000", "time": "2025-07-12T16:33:52.731603Z", "fetched_at": "2025-07-12T16:39:33.690667+00:00", "symbol": "ADA-USD"}, {"trade_id": 143241097, "side": "sell", "size": "69.96742161", "price": "0.70240000", "time": "2025-07-12T16:33:52.112335Z", "fetched_at": "2025-07-12T16:39:33.690667+00:00", "symbol": "ADA-USD"}, {"trade_id": 143241096, "side": "sell", "size": "355.20246556", "price": "0.70230000", "time": "2025-07-12T16:33:49.793529Z", "fetched_at": "2025-07-12T16:39:33.690667+00:00", "symbol": "ADA-USD"}, {"trade_id": 143241095, "side": "sell", "size": "99.68378444", "price": "0.70230000", "time": "2025-07-12T16:33:49.793529Z", "fetched_at": "2025-07-12T16:39:33.690667+00:00", "symbol": "ADA-USD"}, {"trade_id": 143241094, "side": "sell", "size": "145.11375000", "price": "0.70230000", "time": "2025-07-12T16:33:49.793529Z", "fetched_at": "2025-07-12T16:39:33.690667+00:00", "symbol": "ADA-USD"}, {"trade_id": 143241093, "side": "sell", "size": "27.68333300", "price": "0.70240000", "time": "2025-07-12T16:33:47.182968Z", "fetched_at": "2025-07-12T16:39:33.690667+00:00", "symbol": "ADA-USD"}, {"trade_id": 143241092, "side": "buy", "size": "99.67699000", "price": "0.70240000", "time": "2025-07-12T16:33:46.780302Z", "fetched_at": "2025-07-12T16:39:33.690667+00:00", "symbol": "ADA-USD"}, {"trade_id": 143241091, "side": "buy", "size": "69.93006000", "price": "0.70240000", "time": "2025-07-12T16:33:46.770530Z", "fetched_at": "2025-07-12T16:39:33.690667+00:00", "symbol": "ADA-USD"}, {"trade_id": 143241090, "side": "sell", "size": "1.69430725", "price": "0.70250000", "time": "2025-07-12T16:33:45.269121Z", "fetched_at": "2025-07-12T16:39:33.690667+00:00", "symbol": "ADA-USD"}, {"trade_id": 143241089, "side": "sell", "size": "146.66897000", "price": "0.70250000", "time": "2025-07-12T16:33:45.254273Z", "fetched_at": "2025-07-12T16:39:33.690667+00:00", "symbol": "ADA-USD"}, {"trade_id": 143241088, "side": "sell", "size": "86.69183952", "price": "0.70240000", "time": "2025-07-12T16:33:43.580222Z", "fetched_at": "2025-07-12T16:39:33.690667+00:00", "symbol": "ADA-USD"}, {"trade_id": 143241087, "side": "buy", "size": "90.15383000", "price": "0.70230000", "time": "2025-07-12T16:33:42.730556Z", "fetched_at": "2025-07-12T16:39:33.690667+00:00", "symbol": "ADA-USD"}, {"trade_id": 143241086, "side": "sell", "size": "146.66897000", "price": "0.70240000", "time": "2025-07-12T16:33:41.715808Z", "fetched_at": "2025-07-12T16:39:33.690667+00:00", "symbol": "ADA-USD"}, {"trade_id": 143241085, "side": "sell", "size": "99.69893816", "price": "0.70240000", "time": "2025-07-12T16:33:41.636807Z", "fetched_at": "2025-07-12T16:39:33.690667+00:00", "symbol": "ADA-USD"}, {"trade_id": 143241084, "side": "sell", "size": "99.69779714", "price": "0.70240000", "time": "2025-07-12T16:33:41.607040Z", "fetched_at": "2025-07-12T16:39:33.690667+00:00", "symbol": "ADA-USD"}, {"trade_id": 143241083, "side": "buy", "size": "82.52496174", "price": "0.70220000", "time": "2025-07-12T16:33:40.866724Z", "fetched_at": "2025-07-12T16:39:33.690667+00:00", "symbol": "ADA-USD"}, {"trade_id": 143241082, "side": "buy", "size": "500.00000000", "price": "0.70220000", "time": "2025-07-12T16:33:40.866724Z", "fetched_at": "2025-07-12T16:39:33.690667+00:00", "symbol": "ADA-USD"}, {"trade_id": 143241081, "side": "buy", "size": "51.51403826", "price": "0.70220000", "time": "2025-07-12T16:33:40.866724Z", "fetched_at": "2025-07-12T16:39:33.690667+00:00", "symbol": "ADA-USD"}, {"trade_id": 143241080, "side": "buy", "size": "8.92872331", "price": "0.70220000", "time": "2025-07-12T16:33:39.876579Z", "fetched_at": "2025-07-12T16:39:33.690667+00:00", "symbol": "ADA-USD"}, {"trade_id": 143241079, "side": "buy", "size": "99.69118469", "price": "0.70230000", "time": "2025-07-12T16:33:39.876579Z", "fetched_at": "2025-07-12T16:39:33.690667+00:00", "symbol": "ADA-USD"}, {"trade_id": 143241078, "side": "sell", "size": "1.60000000", "price": "0.70240000", "time": "2025-07-12T16:33:39.311943Z", "fetched_at": "2025-07-12T16:39:33.690667+00:00", "symbol": "ADA-USD"}, {"trade_id": 143241077, "side": "sell", "size": "24.45540675", "price": "0.70230000", "time": "2025-07-12T16:33:39.071327Z", "fetched_at": "2025-07-12T16:39:33.690667+00:00", "symbol": "ADA-USD"}, {"trade_id": 143241076, "side": "sell", "size": "1200.70050321", "price": "0.70220000", "time": "2025-07-12T16:33:39.020530Z", "fetched_at": "2025-07-12T16:39:33.690667+00:00", "symbol": "ADA-USD"}, {"trade_id": 143241075, "side": "sell", "size": "316.47893517", "price": "0.70220000", "time": "2025-07-12T16:33:39.018377Z", "fetched_at": "2025-07-12T16:39:33.690667+00:00", "symbol": "ADA-USD"}, {"trade_id": 143241074, "side": "sell", "size": "602.23753593", "price": "0.70220000", "time": "2025-07-12T16:33:39.014009Z", "fetched_at": "2025-07-12T16:39:33.690667+00:00", "symbol": "ADA-USD"}, {"trade_id": 143241073, "side": "sell", "size": "261.54280508", "price": "0.70220000", "time": "2025-07-12T16:33:39.013373Z", "fetched_at": "2025-07-12T16:39:33.690667+00:00", "symbol": "ADA-USD"}, {"trade_id": 143241072, "side": "sell", "size": "412.54091116", "price": "0.70220000", "time": "2025-07-12T16:33:39.012884Z", "fetched_at": "2025-07-12T16:39:33.690667+00:00", "symbol": "ADA-USD"}, {"trade_id": 143241071, "side": "sell", "size": "660.02727338", "price": "0.70220000", "time": "2025-07-12T16:33:39.012884Z", "fetched_at": "2025-07-12T16:39:33.690667+00:00", "symbol": "ADA-USD"}, {"trade_id": 143241070, "side": "sell", "size": "3380.80431568", "price": "0.70220000", "time": "2025-07-12T16:33:39.012884Z", "fetched_at": "2025-07-12T16:39:33.690667+00:00", "symbol": "ADA-USD"}, {"trade_id": 143241069, "side": "sell", "size": "1750.29568432", "price": "0.70220000", "time": "2025-07-12T16:33:39.012521Z", "fetched_at": "2025-07-12T16:39:33.690667+00:00", "symbol": "ADA-USD"}, {"trade_id": 143241068, "side": "sell", "size": "1.60000000", "price": "0.70220000", "time": "2025-07-12T16:33:39.012521Z", "fetched_at": "2025-07-12T16:39:33.690667+00:00", "symbol": "ADA-USD"}, {"trade_id": 143241067, "side": "sell", "size": "696.24730587", "price": "0.70220000", "time": "2025-07-12T16:33:39.012521Z", "fetched_at": "2025-07-12T16:39:33.690667+00:00", "symbol": "ADA-USD"}, {"trade_id": 143241066, "side": "sell", "size": "704.18344935", "price": "0.70220000", "time": "2025-07-12T16:33:39.012521Z", "fetched_at": "2025-07-12T16:39:33.690667+00:00", "symbol": "ADA-USD"}, {"trade_id": 143241065, "side": "buy", "size": "43.16854300", "price": "0.70200000", "time": "2025-07-12T16:33:38.913845Z", "fetched_at": "2025-07-12T16:39:33.690667+00:00", "symbol": "ADA-USD"}, {"trade_id": 143241064, "side": "sell", "size": "25.87953498", "price": "0.70210000", "time": "2025-07-12T16:33:38.022491Z", "fetched_at": "2025-07-12T16:39:33.690667+00:00", "symbol": "ADA-USD"}, {"trade_id": 143241063, "side": "sell", "size": "34.50604663", "price": "0.70200000", "time": "2025-07-12T16:33:37.716822Z", "fetched_at": "2025-07-12T16:39:33.690667+00:00", "symbol": "ADA-USD"}, {"trade_id": 143241062, "side": "sell", "size": "30.29261730", "price": "0.70200000", "time": "2025-07-12T16:33:34.373690Z", "fetched_at": "2025-07-12T16:39:33.690667+00:00", "symbol": "ADA-USD"}, {"trade_id": 143241061, "side": "sell", "size": "70.79515670", "price": "0.70200000", "time": "2025-07-12T16:33:34.373690Z", "fetched_at": "2025-07-12T16:39:33.690667+00:00", "symbol": "ADA-USD"}, {"trade_id": 143241060, "side": "sell", "size": "280.20484330", "price": "0.70200000", "time": "2025-07-12T16:33:33.889539Z", "fetched_at": "2025-07-12T16:39:33.690667+00:00", "symbol": "ADA-USD"}, {"trade_id": 143241059, "side": "sell", "size": "28.21718700", "price": "0.70200000", "time": "2025-07-12T16:33:32.686392Z", "fetched_at": "2025-07-12T16:39:33.690667+00:00", "symbol": "ADA-USD"}, {"trade_id": 143241058, "side": "buy", "size": "445.30210000", "price": "0.70180000", "time": "2025-07-12T16:33:31.205146Z", "fetched_at": "2025-07-12T16:39:33.690667+00:00", "symbol": "ADA-USD"}, {"trade_id": 143241057, "side": "sell", "size": "1.87576861", "price": "0.70190000", "time": "2025-07-12T16:33:30.380773Z", "fetched_at": "2025-07-12T16:39:33.690667+00:00", "symbol": "ADA-USD"}, {"trade_id": 143241056, "side": "sell", "size": "1.87576861", "price": "0.70190000", "time": "2025-07-12T16:33:30.370091Z", "fetched_at": "2025-07-12T16:39:33.690667+00:00", "symbol": "ADA-USD"}, {"trade_id": 143241055, "side": "sell", "size": "1.87576861", "price": "0.70190000", "time": "2025-07-12T16:33:30.352286Z", "fetched_at": "2025-07-12T16:39:33.690667+00:00", "symbol": "ADA-USD"}, {"trade_id": 143241054, "side": "sell", "size": "1.87576861", "price": "0.70190000", "time": "2025-07-12T16:33:30.341565Z", "fetched_at": "2025-07-12T16:39:33.690667+00:00", "symbol": "ADA-USD"}, {"trade_id": 143241053, "side": "sell", "size": "1.87576861", "price": "0.70190000", "time": "2025-07-12T16:33:30.319675Z", "fetched_at": "2025-07-12T16:39:33.690667+00:00", "symbol": "ADA-USD"}, {"trade_id": 143241052, "side": "sell", "size": "99.76950201", "price": "0.70190000", "time": "2025-07-12T16:33:29.508930Z", "fetched_at": "2025-07-12T16:39:33.690667+00:00", "symbol": "ADA-USD"}, {"trade_id": 143241051, "side": "sell", "size": "99.76894230", "price": "0.70180000", "time": "2025-07-12T16:33:28.541980Z", "fetched_at": "2025-07-12T16:39:33.690667+00:00", "symbol": "ADA-USD"}, {"trade_id": 143241050, "side": "buy", "size": "99.77642000", "price": "0.70170000", "time": "2025-07-12T16:33:25.178893Z", "fetched_at": "2025-07-12T16:39:33.690667+00:00", "symbol": "ADA-USD"}, {"trade_id": 143241049, "side": "buy", "size": "1.60000000", "price": "0.70170000", "time": "2025-07-12T16:33:25.178893Z", "fetched_at": "2025-07-12T16:39:33.690667+00:00", "symbol": "ADA-USD"}, {"trade_id": 143241048, "side": "sell", "size": "81.09793681", "price": "0.70180000", "time": "2025-07-12T16:33:24.961086Z", "fetched_at": "2025-07-12T16:39:33.690667+00:00", "symbol": "ADA-USD"}, {"trade_id": 143241047, "side": "sell", "size": "51.00306000", "price": "0.70180000", "time": "2025-07-12T16:33:24.961086Z", "fetched_at": "2025-07-12T16:39:33.690667+00:00", "symbol": "ADA-USD"}, {"trade_id": 143241046, "side": "sell", "size": "99.76894230", "price": "0.70180000", "time": "2025-07-12T16:33:24.961086Z", "fetched_at": "2025-07-12T16:39:33.690667+00:00", "symbol": "ADA-USD"}, {"trade_id": 143241045, "side": "sell", "size": "38.36339389", "price": "0.70180000", "time": "2025-07-12T16:33:24.961086Z", "fetched_at": "2025-07-12T16:39:33.690667+00:00", "symbol": "ADA-USD"}, {"trade_id": 143241044, "side": "buy", "size": "99.76221000", "price": "0.70180000", "time": "2025-07-12T16:33:22.083057Z", "fetched_at": "2025-07-12T16:39:33.690667+00:00", "symbol": "ADA-USD"}, {"trade_id": 143241043, "side": "buy", "size": "99.76221000", "price": "0.70180000", "time": "2025-07-12T16:33:22.072099Z", "fetched_at": "2025-07-12T16:39:33.690667+00:00", "symbol": "ADA-USD"}, {"trade_id": 143241042, "side": "sell", "size": "99.75474140", "price": "0.70180000", "time": "2025-07-12T16:33:21.602643Z", "fetched_at": "2025-07-12T16:39:33.690667+00:00", "symbol": "ADA-USD"}, {"trade_id": 143241041, "side": "buy", "size": "500.00000000", "price": "0.70200000", "time": "2025-07-12T16:33:19.670853Z", "fetched_at": "2025-07-12T16:39:33.690667+00:00", "symbol": "ADA-USD"}, {"trade_id": 143241040, "side": "buy", "size": "99.73378776", "price": "0.70200000", "time": "2025-07-12T16:33:19.670853Z", "fetched_at": "2025-07-12T16:39:33.690667+00:00", "symbol": "ADA-USD"}, {"trade_id": 143241039, "side": "sell", "size": "4.41132410", "price": "0.70200000", "time": "2025-07-12T16:33:16.581537Z", "fetched_at": "2025-07-12T16:39:33.690667+00:00", "symbol": "ADA-USD"}, {"trade_id": 143241038, "side": "sell", "size": "4.41056186", "price": "0.70200000", "time": "2025-07-12T16:33:16.549486Z", "fetched_at": "2025-07-12T16:39:33.690667+00:00", "symbol": "ADA-USD"}, {"trade_id": 143241037, "side": "sell", "size": "1.60000000", "price": "0.70200000", "time": "2025-07-12T16:33:16.549486Z", "fetched_at": "2025-07-12T16:39:33.690667+00:00", "symbol": "ADA-USD"}, {"trade_id": 143241036, "side": "sell", "size": "140.75403481", "price": "0.70190000", "time": "2025-07-12T16:33:15.721307Z", "fetched_at": "2025-07-12T16:39:33.690667+00:00", "symbol": "ADA-USD"}, {"trade_id": 143241035, "side": "sell", "size": "14.41837919", "price": "0.70190000", "time": "2025-07-12T16:33:15.721307Z", "fetched_at": "2025-07-12T16:39:33.690667+00:00", "symbol": "ADA-USD"}, {"trade_id": 143241034, "side": "sell", "size": "779.46922081", "price": "0.70190000", "time": "2025-07-12T16:33:12.881875Z", "fetched_at": "2025-07-12T16:39:33.690667+00:00", "symbol": "ADA-USD"}, {"trade_id": 143241033, "side": "sell", "size": "1.60000000", "price": "0.70190000", "time": "2025-07-12T16:33:12.881875Z", "fetched_at": "2025-07-12T16:39:33.690667+00:00", "symbol": "ADA-USD"}, {"trade_id": 143241032, "side": "sell", "size": "99.79767383", "price": "0.70180000", "time": "2025-07-12T16:33:11.535350Z", "fetched_at": "2025-07-12T16:39:33.690667+00:00", "symbol": "ADA-USD"}, {"trade_id": 143241031, "side": "sell", "size": "99.79767383", "price": "0.70180000", "time": "2025-07-12T16:33:11.524618Z", "fetched_at": "2025-07-12T16:39:33.690667+00:00", "symbol": "ADA-USD"}, {"trade_id": 143241030, "side": "sell", "size": "1.60000000", "price": "0.70180000", "time": "2025-07-12T16:33:11.524618Z", "fetched_at": "2025-07-12T16:39:33.690667+00:00", "symbol": "ADA-USD"}, {"trade_id": 143241029, "side": "sell", "size": "146.66897000", "price": "0.70170000", "time": "2025-07-12T16:33:11.280941Z", "fetched_at": "2025-07-12T16:39:33.690667+00:00", "symbol": "ADA-USD"}, {"trade_id": 143241028, "side": "sell", "size": "99.79767456", "price": "0.70170000", "time": "2025-07-12T16:33:10.408878Z", "fetched_at": "2025-07-12T16:39:33.690667+00:00", "symbol": "ADA-USD"}, {"trade_id": 143241027, "side": "buy", "size": "5.23654994", "price": "0.70160000", "time": "2025-07-12T16:33:07.045352Z", "fetched_at": "2025-07-12T16:39:33.690667+00:00", "symbol": "ADA-USD"}, {"trade_id": 143241026, "side": "sell", "size": "140.89919800", "price": "0.70170000", "time": "2025-07-12T16:33:04.848268Z", "fetched_at": "2025-07-12T16:39:33.690667+00:00", "symbol": "ADA-USD"}, {"trade_id": 143241025, "side": "buy", "size": "5.60658800", "price": "0.70160000", "time": "2025-07-12T16:33:03.323373Z", "fetched_at": "2025-07-12T16:39:33.690667+00:00", "symbol": "ADA-USD"}, {"trade_id": 143241024, "side": "buy", "size": "1.51984700", "price": "0.70160000", "time": "2025-07-12T16:33:03.323373Z", "fetched_at": "2025-07-12T16:39:33.690667+00:00", "symbol": "ADA-USD"}, {"trade_id": 143241023, "side": "buy", "size": "0.08015300", "price": "0.70160000", "time": "2025-07-12T16:33:02.100268Z", "fetched_at": "2025-07-12T16:39:33.690667+00:00", "symbol": "ADA-USD"}, {"trade_id": 143241022, "side": "buy", "size": "6.86499665", "price": "0.70180000", "time": "2025-07-12T16:33:01.596685Z", "fetched_at": "2025-07-12T16:39:33.690667+00:00", "symbol": "ADA-USD"}, {"trade_id": 143241021, "side": "buy", "size": "1.60000000", "price": "0.70180000", "time": "2025-07-12T16:33:01.596685Z", "fetched_at": "2025-07-12T16:39:33.690667+00:00", "symbol": "ADA-USD"}, {"trade_id": 143241020, "side": "sell", "size": "1.05694000", "price": "0.70190000", "time": "2025-07-12T16:33:01.580268Z", "fetched_at": "2025-07-12T16:39:33.690667+00:00", "symbol": "ADA-USD"}, {"trade_id": 143241019, "side": "buy", "size": "12.46707315", "price": "0.70190000", "time": "2025-07-12T16:33:01.065481Z", "fetched_at": "2025-07-12T16:39:33.690667+00:00", "symbol": "ADA-USD"}, {"trade_id": 143241018, "side": "buy", "size": "1.60000000", "price": "0.70190000", "time": "2025-07-12T16:33:01.065481Z", "fetched_at": "2025-07-12T16:39:33.690667+00:00", "symbol": "ADA-USD"}, {"trade_id": 143241017, "side": "buy", "size": "1812.15759661", "price": "0.70200000", "time": "2025-07-12T16:33:00.888339Z", "fetched_at": "2025-07-12T16:39:33.690667+00:00", "symbol": "ADA-USD"}, {"trade_id": 143241016, "side": "buy", "size": "2461.65107923", "price": "0.70200000", "time": "2025-07-12T16:33:00.885609Z", "fetched_at": "2025-07-12T16:39:33.690667+00:00", "symbol": "ADA-USD"}, {"trade_id": 143241015, "side": "buy", "size": "1.60000000", "price": "0.70200000", "time": "2025-07-12T16:33:00.885609Z", "fetched_at": "2025-07-12T16:39:33.690667+00:00", "symbol": "ADA-USD"}, {"trade_id": 143241014, "side": "buy", "size": "13.26110302", "price": "0.70210000", "time": "2025-07-12T16:33:00.885609Z", "fetched_at": "2025-07-12T16:39:33.690667+00:00", "symbol": "ADA-USD"}, {"trade_id": 143241013, "side": "buy", "size": "1.60000000", "price": "0.70210000", "time": "2025-07-12T16:33:00.885609Z", "fetched_at": "2025-07-12T16:39:33.690667+00:00", "symbol": "ADA-USD"}, {"trade_id": 143241012, "side": "buy", "size": "0.00000661", "price": "0.70220000", "time": "2025-07-12T16:33:00.763698Z", "fetched_at": "2025-07-12T16:39:33.690667+00:00", "symbol": "ADA-USD"}, {"trade_id": 143241011, "side": "buy", "size": "35.63978000", "price": "0.70220000", "time": "2025-07-12T16:33:00.759298Z", "fetched_at": "2025-07-12T16:39:33.690667+00:00", "symbol": "ADA-USD"}, {"trade_id": 143241010, "side": "buy", "size": "1.60000000", "price": "0.70220000", "time": "2025-07-12T16:33:00.759298Z", "fetched_at": "2025-07-12T16:39:33.690667+00:00", "symbol": "ADA-USD"}, {"trade_id": 143241009, "side": "buy", "size": "1.60000000", "price": "0.70230000", "time": "2025-07-12T16:33:00.577258Z", "fetched_at": "2025-07-12T16:39:33.690667+00:00", "symbol": "ADA-USD"}, {"trade_id": 143241008, "side": "buy", "size": "5127.80000000", "price": "0.70230000", "time": "2025-07-12T16:33:00.577258Z", "fetched_at": "2025-07-12T16:39:33.690667+00:00", "symbol": "ADA-USD"}, {"trade_id": 143241007, "side": "buy", "size": "35.62963860", "price": "0.70240000", "time": "2025-07-12T16:33:00.574866Z", "fetched_at": "2025-07-12T16:39:33.690667+00:00", "symbol": "ADA-USD"}, {"trade_id": 143241006, "side": "buy", "size": "1.60000000", "price": "0.70240000", "time": "2025-07-12T16:33:00.574866Z", "fetched_at": "2025-07-12T16:39:33.690667+00:00", "symbol": "ADA-USD"}, {"trade_id": 143241005, "side": "buy", "size": "34.45945586", "price": "0.70250000", "time": "2025-07-12T16:33:00.517647Z", "fetched_at": "2025-07-12T16:39:33.690667+00:00", "symbol": "ADA-USD"}, {"trade_id": 143241004, "side": "sell", "size": "175.76277571", "price": "0.70260000", "time": "2025-07-12T16:32:58.677339Z", "fetched_at": "2025-07-12T16:39:33.690667+00:00", "symbol": "ADA-USD"}, {"trade_id": 143241003, "side": "sell", "size": "17.89672629", "price": "0.70260000", "time": "2025-07-12T16:32:58.677339Z", "fetched_at": "2025-07-12T16:39:33.690667+00:00", "symbol": "ADA-USD"}, {"trade_id": 143241002, "side": "buy", "size": "500.00000000", "price": "0.70250000", "time": "2025-07-12T16:32:58.129053Z", "fetched_at": "2025-07-12T16:39:33.690667+00:00", "symbol": "ADA-USD"}, {"trade_id": 143241001, "side": "buy", "size": "99.66280285", "price": "0.70250000", "time": "2025-07-12T16:32:58.129053Z", "fetched_at": "2025-07-12T16:39:33.690667+00:00", "symbol": "ADA-USD"}, {"trade_id": 143241000, "side": "buy", "size": "99.64861000", "price": "0.70260000", "time": "2025-07-12T16:32:57.186996Z", "fetched_at": "2025-07-12T16:39:33.690667+00:00", "symbol": "ADA-USD"}, {"trade_id": 143240999, "side": "sell", "size": "9.99697937", "price": "0.70260000", "time": "2025-07-12T16:32:56.552975Z", "fetched_at": "2025-07-12T16:39:33.690667+00:00", "symbol": "ADA-USD"}, {"trade_id": 143240998, "side": "sell", "size": "1.60000000", "price": "0.70260000", "time": "2025-07-12T16:32:56.552975Z", "fetched_at": "2025-07-12T16:39:33.690667+00:00", "symbol": "ADA-USD"}, {"trade_id": 143240997, "side": "sell", "size": "99.66932918", "price": "0.70250000", "time": "2025-07-12T16:32:56.167512Z", "fetched_at": "2025-07-12T16:39:33.690667+00:00", "symbol": "ADA-USD"}, {"trade_id": 143240996, "side": "sell", "size": "671.71230836", "price": "0.70250000", "time": "2025-07-12T16:32:56.167512Z", "fetched_at": "2025-07-12T16:39:33.690667+00:00", "symbol": "ADA-USD"}, {"trade_id": 143240995, "side": "sell", "size": "113.52620168", "price": "0.70250000", "time": "2025-07-12T16:32:56.167512Z", "fetched_at": "2025-07-12T16:39:33.690667+00:00", "symbol": "ADA-USD"}, {"trade_id": 143240994, "side": "sell", "size": "1.60000000", "price": "0.70250000", "time": "2025-07-12T16:32:56.167512Z", "fetched_at": "2025-07-12T16:39:33.690667+00:00", "symbol": "ADA-USD"}, {"trade_id": 143240993, "side": "buy", "size": "542.79877125", "price": "0.70230000", "time": "2025-07-12T16:32:54.768803Z", "fetched_at": "2025-07-12T16:39:33.690667+00:00", "symbol": "ADA-USD"}, {"trade_id": 143240992, "side": "buy", "size": "99.67699175", "price": "0.70240000", "time": "2025-07-12T16:32:54.768803Z", "fetched_at": "2025-07-12T16:39:33.690667+00:00", "symbol": "ADA-USD"}, {"trade_id": 143240991, "side": "sell", "size": "99.69829677", "price": "0.70240000", "time": "2025-07-12T16:32:49.029924Z", "fetched_at": "2025-07-12T16:39:33.690667+00:00", "symbol": "ADA-USD"}, {"trade_id": 143240990, "side": "sell", "size": "99.69829677", "price": "0.70240000", "time": "2025-07-12T16:32:49.019098Z", "fetched_at": "2025-07-12T16:39:33.690667+00:00", "symbol": "ADA-USD"}, {"trade_id": 143240989, "side": "sell", "size": "1.60000000", "price": "0.70240000", "time": "2025-07-12T16:32:49.019098Z", "fetched_at": "2025-07-12T16:39:33.690667+00:00", "symbol": "ADA-USD"}, {"trade_id": 143240988, "side": "sell", "size": "83.09961500", "price": "0.70230000", "time": "2025-07-12T16:32:48.363949Z", "fetched_at": "2025-07-12T16:39:33.690667+00:00", "symbol": "ADA-USD"}, {"trade_id": 143240987, "side": "sell", "size": "3.52714800", "price": "0.70230000", "time": "2025-07-12T16:32:47.761866Z", "fetched_at": "2025-07-12T16:39:33.690667+00:00", "symbol": "ADA-USD"}, {"trade_id": 143240986, "side": "buy", "size": "44.91742315", "price": "0.70210000", "time": "2025-07-12T16:32:47.694064Z", "fetched_at": "2025-07-12T16:39:33.690667+00:00", "symbol": "ADA-USD"}, {"trade_id": 143240985, "side": "buy", "size": "617.58489951", "price": "0.70210000", "time": "2025-07-12T16:32:47.694064Z", "fetched_at": "2025-07-12T16:39:33.690667+00:00", "symbol": "ADA-USD"}, {"trade_id": 143240984, "side": "buy", "size": "1.60000000", "price": "0.70210000", "time": "2025-07-12T16:32:47.694064Z", "fetched_at": "2025-07-12T16:39:33.690667+00:00", "symbol": "ADA-USD"}, {"trade_id": 143240983, "side": "buy", "size": "351.00000000", "price": "0.70210000", "time": "2025-07-12T16:32:47.694064Z", "fetched_at": "2025-07-12T16:39:33.690667+00:00", "symbol": "ADA-USD"}, {"trade_id": 143240982, "side": "buy", "size": "51.00306000", "price": "0.70220000", "time": "2025-07-12T16:32:47.694064Z", "fetched_at": "2025-07-12T16:39:33.690667+00:00", "symbol": "ADA-USD"}, {"trade_id": 143240981, "side": "buy", "size": "50.00000000", "price": "0.70220000", "time": "2025-07-12T16:32:47.694064Z", "fetched_at": "2025-07-12T16:39:33.690667+00:00", "symbol": "ADA-USD"}, {"trade_id": 143240980, "side": "buy", "size": "99.70538167", "price": "0.70220000", "time": "2025-07-12T16:32:47.694064Z", "fetched_at": "2025-07-12T16:39:33.690667+00:00", "symbol": "ADA-USD"}, {"trade_id": 143240979, "side": "buy", "size": "486.53499667", "price": "0.70220000", "time": "2025-07-12T16:32:47.694064Z", "fetched_at": "2025-07-12T16:39:33.690667+00:00", "symbol": "ADA-USD"}, {"trade_id": 143240978, "side": "buy", "size": "13.46500333", "price": "0.70220000", "time": "2025-07-12T16:32:46.604564Z", "fetched_at": "2025-07-12T16:39:33.690667+00:00", "symbol": "ADA-USD"}, {"trade_id": 143240977, "side": "buy", "size": "99.70538167", "price": "0.70220000", "time": "2025-07-12T16:32:46.604564Z", "fetched_at": "2025-07-12T16:39:33.690667+00:00", "symbol": "ADA-USD"}, {"trade_id": 143240976, "side": "sell", "size": "46.23354772", "price": "0.70230000", "time": "2025-07-12T16:32:45.785381Z", "fetched_at": "2025-07-12T16:39:33.690667+00:00", "symbol": "ADA-USD"}, {"trade_id": 143240975, "side": "buy", "size": "70.83035800", "price": "0.70220000", "time": "2025-07-12T16:32:42.423635Z", "fetched_at": "2025-07-12T16:39:33.690667+00:00", "symbol": "ADA-USD"}, {"trade_id": 143240974, "side": "sell", "size": "1.62837597", "price": "0.70230000", "time": "2025-07-12T16:32:40.321952Z", "fetched_at": "2025-07-12T16:39:33.690667+00:00", "symbol": "ADA-USD"}, {"trade_id": 143240973, "side": "sell", "size": "2.71653386", "price": "0.70220000", "time": "2025-07-12T16:32:39.593991Z", "fetched_at": "2025-07-12T16:39:33.690667+00:00", "symbol": "ADA-USD"}, {"trade_id": 143240972, "side": "sell", "size": "781.92423563", "price": "0.70220000", "time": "2025-07-12T16:32:39.593991Z", "fetched_at": "2025-07-12T16:39:33.690667+00:00", "symbol": "ADA-USD"}, {"trade_id": 143240971, "side": "buy", "size": "500.00000000", "price": "0.70220000", "time": "2025-07-12T16:32:38.014595Z", "fetched_at": "2025-07-12T16:39:33.690667+00:00", "symbol": "ADA-USD"}, {"trade_id": 143240970, "side": "sell", "size": "1.60000000", "price": "0.70230000", "time": "2025-07-12T16:32:37.883088Z", "fetched_at": "2025-07-12T16:39:33.690667+00:00", "symbol": "ADA-USD"}, {"trade_id": 143240969, "side": "sell", "size": "1767.42578000", "price": "0.70220000", "time": "2025-07-12T16:32:37.825135Z", "fetched_at": "2025-07-12T16:39:33.690667+00:00", "symbol": "ADA-USD"}, {"trade_id": 143240968, "side": "sell", "size": "1.60000000", "price": "0.70220000", "time": "2025-07-12T16:32:37.825135Z", "fetched_at": "2025-07-12T16:39:33.690667+00:00", "symbol": "ADA-USD"}, {"trade_id": 143240967, "side": "sell", "size": "4.57869872", "price": "0.70210000", "time": "2025-07-12T16:32:37.825135Z", "fetched_at": "2025-07-12T16:39:33.690667+00:00", "symbol": "ADA-USD"}, {"trade_id": 143240966, "side": "sell", "size": "1.60000000", "price": "0.70210000", "time": "2025-07-12T16:32:37.581572Z", "fetched_at": "2025-07-12T16:39:33.690667+00:00", "symbol": "ADA-USD"}, {"trade_id": 143240965, "side": "sell", "size": "7.70960807", "price": "0.70200000", "time": "2025-07-12T16:32:37.445634Z", "fetched_at": "2025-07-12T16:39:33.690667+00:00", "symbol": "ADA-USD"}, {"trade_id": 143240964, "side": "sell", "size": "33.33760854", "price": "0.70200000", "time": "2025-07-12T16:32:37.445634Z", "fetched_at": "2025-07-12T16:39:33.690667+00:00", "symbol": "ADA-USD"}, {"trade_id": 143240963, "side": "sell", "size": "1.60000000", "price": "0.70200000", "time": "2025-07-12T16:32:37.445634Z", "fetched_at": "2025-07-12T16:39:33.690667+00:00", "symbol": "ADA-USD"}, {"trade_id": 143240962, "side": "buy", "size": "49.80662789", "price": "0.70190000", "time": "2025-07-12T16:32:37.353826Z", "fetched_at": "2025-07-12T16:39:33.690667+00:00", "symbol": "ADA-USD"}, {"trade_id": 143240961, "side": "sell", "size": "50.00000000", "price": "0.70190000", "time": "2025-07-12T16:32:37.342445Z", "fetched_at": "2025-07-12T16:39:33.690667+00:00", "symbol": "ADA-USD"}, {"trade_id": 143240960, "side": "sell", "size": "1.60000000", "price": "0.70190000", "time": "2025-07-12T16:32:37.342445Z", "fetched_at": "2025-07-12T16:39:33.690667+00:00", "symbol": "ADA-USD"}, {"trade_id": 143240959, "side": "sell", "size": "1.60000000", "price": "0.70180000", "time": "2025-07-12T16:32:37.294883Z", "fetched_at": "2025-07-12T16:39:33.690667+00:00", "symbol": "ADA-USD"}, {"trade_id": 143240958, "side": "sell", "size": "82.86737149", "price": "0.70170000", "time": "2025-07-12T16:32:37.179362Z", "fetched_at": "2025-07-12T16:39:33.690667+00:00", "symbol": "ADA-USD"}, {"trade_id": 143240957, "side": "buy", "size": "99.77642000", "price": "0.70170000", "time": "2025-07-12T16:32:33.858326Z", "fetched_at": "2025-07-12T16:39:33.690667+00:00", "symbol": "ADA-USD"}, {"trade_id": 143240956, "side": "sell", "size": "374.08204900", "price": "0.70170000", "time": "2025-07-12T16:32:30.199130Z", "fetched_at": "2025-07-12T16:39:33.690667+00:00", "symbol": "ADA-USD"}, {"trade_id": 143240955, "side": "sell", "size": "1.60000000", "price": "0.70170000", "time": "2025-07-12T16:32:30.199130Z", "fetched_at": "2025-07-12T16:39:33.690667+00:00", "symbol": "ADA-USD"}, {"trade_id": 143240954, "side": "sell", "size": "1.60000000", "price": "0.70160000", "time": "2025-07-12T16:32:29.163909Z", "fetched_at": "2025-07-12T16:39:33.690667+00:00", "symbol": "ADA-USD"}, {"trade_id": 143240953, "side": "sell", "size": "2.08641204", "price": "0.70150000", "time": "2025-07-12T16:32:29.155906Z", "fetched_at": "2025-07-12T16:39:33.690667+00:00", "symbol": "ADA-USD"}, {"trade_id": 143240952, "side": "sell", "size": "395.81315043", "price": "0.70160000", "time": "2025-07-12T16:32:28.039777Z", "fetched_at": "2025-07-12T16:39:33.690667+00:00", "symbol": "ADA-USD"}, {"trade_id": 143240951, "side": "sell", "size": "4.18684957", "price": "0.70150000", "time": "2025-07-12T16:32:28.039777Z", "fetched_at": "2025-07-12T16:39:33.690667+00:00", "symbol": "ADA-USD"}, {"trade_id": 143240950, "side": "sell", "size": "8.39746010", "price": "0.70150000", "time": "2025-07-12T16:32:27.565169Z", "fetched_at": "2025-07-12T16:39:33.690667+00:00", "symbol": "ADA-USD"}, {"trade_id": 143240949, "side": "sell", "size": "16.84340987", "price": "0.70150000", "time": "2025-07-12T16:32:27.461715Z", "fetched_at": "2025-07-12T16:39:33.690667+00:00", "symbol": "ADA-USD"}, {"trade_id": 143240948, "side": "sell", "size": "1.60000000", "price": "0.70150000", "time": "2025-07-12T16:32:27.461715Z", "fetched_at": "2025-07-12T16:39:33.690667+00:00", "symbol": "ADA-USD"}, {"trade_id": 143240947, "side": "sell", "size": "99.84070671", "price": "0.70140000", "time": "2025-07-12T16:32:26.427399Z", "fetched_at": "2025-07-12T16:39:33.690667+00:00", "symbol": "ADA-USD"}, {"trade_id": 143240946, "side": "sell", "size": "1.60000000", "price": "0.70140000", "time": "2025-07-12T16:32:26.427399Z", "fetched_at": "2025-07-12T16:39:33.690667+00:00", "symbol": "ADA-USD"}, {"trade_id": 143240945, "side": "sell", "size": "99.83856556", "price": "0.70130000", "time": "2025-07-12T16:32:26.391180Z", "fetched_at": "2025-07-12T16:39:33.690667+00:00", "symbol": "ADA-USD"}, {"trade_id": 143240944, "side": "sell", "size": "719.21201018", "price": "0.70120000", "time": "2025-07-12T16:32:22.607978Z", "fetched_at": "2025-07-12T16:39:33.690667+00:00", "symbol": "ADA-USD"}, {"trade_id": 143240943, "side": "buy", "size": "28.78930721", "price": "0.70120000", "time": "2025-07-12T16:32:20.635316Z", "fetched_at": "2025-07-12T16:39:33.690667+00:00", "symbol": "ADA-USD"}, {"trade_id": 143240942, "side": "buy", "size": "500.00000000", "price": "0.70120000", "time": "2025-07-12T16:32:20.635316Z", "fetched_at": "2025-07-12T16:39:33.690667+00:00", "symbol": "ADA-USD"}, {"trade_id": 143240941, "side": "buy", "size": "1.60000000", "price": "0.70120000", "time": "2025-07-12T16:32:20.635316Z", "fetched_at": "2025-07-12T16:39:33.690667+00:00", "symbol": "ADA-USD"}, {"trade_id": 143240940, "side": "buy", "size": "99.81910000", "price": "0.70140000", "time": "2025-07-12T16:32:16.655837Z", "fetched_at": "2025-07-12T16:39:33.690667+00:00", "symbol": "ADA-USD"}, {"trade_id": 143240939, "side": "buy", "size": "99.80487385", "price": "0.70150000", "time": "2025-07-12T16:32:16.553870Z", "fetched_at": "2025-07-12T16:39:33.690667+00:00", "symbol": "ADA-USD"}, {"trade_id": 143240938, "side": "buy", "size": "500.00000000", "price": "0.70150000", "time": "2025-07-12T16:32:16.553870Z", "fetched_at": "2025-07-12T16:39:33.690667+00:00", "symbol": "ADA-USD"}, {"trade_id": 143240937, "side": "buy", "size": "81.73395347", "price": "0.70150000", "time": "2025-07-12T16:32:16.553870Z", "fetched_at": "2025-07-12T16:39:33.690667+00:00", "symbol": "ADA-USD"}, {"trade_id": 143240936, "side": "sell", "size": "3.91162258", "price": "0.70160000", "time": "2025-07-12T16:32:13.761615Z", "fetched_at": "2025-07-12T16:39:33.690667+00:00", "symbol": "ADA-USD"}, {"trade_id": 143240935, "side": "sell", "size": "1.60000000", "price": "0.70160000", "time": "2025-07-12T16:32:11.986461Z", "fetched_at": "2025-07-12T16:39:33.690667+00:00", "symbol": "ADA-USD"}, {"trade_id": 143240934, "side": "sell", "size": "8.57911519", "price": "0.70150000", "time": "2025-07-12T16:32:11.879730Z", "fetched_at": "2025-07-12T16:39:33.690667+00:00", "symbol": "ADA-USD"}, {"trade_id": 143240933, "side": "sell", "size": "13.93614159", "price": "0.70150000", "time": "2025-07-12T16:32:06.803750Z", "fetched_at": "2025-07-12T16:39:33.690667+00:00", "symbol": "ADA-USD"}, {"trade_id": 143240932, "side": "sell", "size": "25.14917242", "price": "0.70150000", "time": "2025-07-12T16:32:06.200661Z", "fetched_at": "2025-07-12T16:39:33.690667+00:00", "symbol": "ADA-USD"}, {"trade_id": 143240931, "side": "sell", "size": "99.83328490", "price": "0.70150000", "time": "2025-07-12T16:32:06.033009Z", "fetched_at": "2025-07-12T16:39:33.690667+00:00", "symbol": "ADA-USD"}, {"trade_id": 143240930, "side": "sell", "size": "99.83328490", "price": "0.70150000", "time": "2025-07-12T16:32:06.020637Z", "fetched_at": "2025-07-12T16:39:33.690667+00:00", "symbol": "ADA-USD"}, {"trade_id": 143240929, "side": "buy", "size": "241.70309773", "price": "0.70110000", "time": "2025-07-12T16:32:04.009700Z", "fetched_at": "2025-07-12T16:39:33.690667+00:00", "symbol": "ADA-USD"}, {"trade_id": 143240928, "side": "buy", "size": "1458.27276000", "price": "0.70110000", "time": "2025-07-12T16:32:04.009700Z", "fetched_at": "2025-07-12T16:39:33.690667+00:00", "symbol": "ADA-USD"}