[{"trade_id": 143215912, "side": "buy", "size": "13.70150605", "price": "0.71670000", "time": "2025-07-12T14:10:48.422390Z", "fetched_at": "2025-07-12T14:10:52.676981+00:00", "symbol": "ADA-USD"}, {"trade_id": 143215911, "side": "sell", "size": "127.77168000", "price": "0.71670000", "time": "2025-07-12T14:10:48.416459Z", "fetched_at": "2025-07-12T14:10:52.676981+00:00", "symbol": "ADA-USD"}, {"trade_id": 143215910, "side": "buy", "size": "981.50000000", "price": "0.71670000", "time": "2025-07-12T14:10:48.411860Z", "fetched_at": "2025-07-12T14:10:52.676981+00:00", "symbol": "ADA-USD"}, {"trade_id": 143215909, "side": "buy", "size": "13.70150605", "price": "0.71670000", "time": "2025-07-12T14:10:48.411860Z", "fetched_at": "2025-07-12T14:10:52.676981+00:00", "symbol": "ADA-USD"}, {"trade_id": 143215908, "side": "buy", "size": "13.95089286", "price": "0.71680000", "time": "2025-07-12T14:10:48.262796Z", "fetched_at": "2025-07-12T14:10:52.676981+00:00", "symbol": "ADA-USD"}, {"trade_id": 143215907, "side": "sell", "size": "323.47669742", "price": "0.71690000", "time": "2025-07-12T14:10:47.805984Z", "fetched_at": "2025-07-12T14:10:52.676981+00:00", "symbol": "ADA-USD"}, {"trade_id": 143215906, "side": "sell", "size": "113.42605600", "price": "0.71690000", "time": "2025-07-12T14:10:47.805984Z", "fetched_at": "2025-07-12T14:10:52.676981+00:00", "symbol": "ADA-USD"}, {"trade_id": 143215905, "side": "sell", "size": "18.58815245", "price": "0.71690000", "time": "2025-07-12T14:10:47.805984Z", "fetched_at": "2025-07-12T14:10:52.676981+00:00", "symbol": "ADA-USD"}, {"trade_id": 143215904, "side": "sell", "size": "56.45354457", "price": "0.71690000", "time": "2025-07-12T14:10:47.805984Z", "fetched_at": "2025-07-12T14:10:52.676981+00:00", "symbol": "ADA-USD"}, {"trade_id": 143215903, "side": "sell", "size": "0.05554956", "price": "0.71690000", "time": "2025-07-12T14:10:47.805984Z", "fetched_at": "2025-07-12T14:10:52.676981+00:00", "symbol": "ADA-USD"}, {"trade_id": 143215902, "side": "sell", "size": "13.22190512", "price": "0.71680000", "time": "2025-07-12T14:10:47.682244Z", "fetched_at": "2025-07-12T14:10:52.676981+00:00", "symbol": "ADA-USD"}, {"trade_id": 143215901, "side": "buy", "size": "62.55872744", "price": "0.71640000", "time": "2025-07-12T14:10:47.638199Z", "fetched_at": "2025-07-12T14:10:52.676981+00:00", "symbol": "ADA-USD"}, {"trade_id": 143215900, "side": "buy", "size": "351.00000000", "price": "0.71640000", "time": "2025-07-12T14:10:47.638199Z", "fetched_at": "2025-07-12T14:10:52.676981+00:00", "symbol": "ADA-USD"}, {"trade_id": 143215899, "side": "buy", "size": "1426.93401000", "price": "0.71650000", "time": "2025-07-12T14:10:47.638199Z", "fetched_at": "2025-07-12T14:10:52.676981+00:00", "symbol": "ADA-USD"}, {"trade_id": 143215898, "side": "buy", "size": "1558.27445000", "price": "0.71650000", "time": "2025-07-12T14:10:47.638199Z", "fetched_at": "2025-07-12T14:10:52.676981+00:00", "symbol": "ADA-USD"}, {"trade_id": 143215897, "side": "buy", "size": "479.62672669", "price": "0.71650000", "time": "2025-07-12T14:10:47.638199Z", "fetched_at": "2025-07-12T14:10:52.676981+00:00", "symbol": "ADA-USD"}, {"trade_id": 143215896, "side": "buy", "size": "668.24873937", "price": "0.71650000", "time": "2025-07-12T14:10:47.638199Z", "fetched_at": "2025-07-12T14:10:52.676981+00:00", "symbol": "ADA-USD"}, {"trade_id": 143215895, "side": "buy", "size": "351.00000000", "price": "0.71650000", "time": "2025-07-12T14:10:47.638199Z", "fetched_at": "2025-07-12T14:10:52.676981+00:00", "symbol": "ADA-USD"}, {"trade_id": 143215894, "side": "buy", "size": "13.95478650", "price": "0.71660000", "time": "2025-07-12T14:10:47.638199Z", "fetched_at": "2025-07-12T14:10:52.676981+00:00", "symbol": "ADA-USD"}, {"trade_id": 143215893, "side": "buy", "size": "51.00306000", "price": "0.71660000", "time": "2025-07-12T14:10:47.638199Z", "fetched_at": "2025-07-12T14:10:52.676981+00:00", "symbol": "ADA-USD"}, {"trade_id": 143215892, "side": "buy", "size": "627.89796710", "price": "0.71650000", "time": "2025-07-12T14:10:46.696982Z", "fetched_at": "2025-07-12T14:10:52.676981+00:00", "symbol": "ADA-USD"}, {"trade_id": 143215891, "side": "buy", "size": "69.93006000", "price": "0.71650000", "time": "2025-07-12T14:10:46.696835Z", "fetched_at": "2025-07-12T14:10:52.676981+00:00", "symbol": "ADA-USD"}, {"trade_id": 143215890, "side": "buy", "size": "6.22304954", "price": "0.71660000", "time": "2025-07-12T14:10:46.696392Z", "fetched_at": "2025-07-12T14:10:52.676981+00:00", "symbol": "ADA-USD"}, {"trade_id": 143215889, "side": "sell", "size": "351.00000000", "price": "0.71660000", "time": "2025-07-12T14:10:46.177677Z", "fetched_at": "2025-07-12T14:10:52.676981+00:00", "symbol": "ADA-USD"}, {"trade_id": 143215888, "side": "sell", "size": "51.00306000", "price": "0.71660000", "time": "2025-07-12T14:10:46.177677Z", "fetched_at": "2025-07-12T14:10:52.676981+00:00", "symbol": "ADA-USD"}, {"trade_id": 143215887, "side": "sell", "size": "13.95942365", "price": "0.71660000", "time": "2025-07-12T14:10:46.177677Z", "fetched_at": "2025-07-12T14:10:52.676981+00:00", "symbol": "ADA-USD"}, {"trade_id": 143215886, "side": "sell", "size": "364.86667091", "price": "0.71680000", "time": "2025-07-12T14:10:45.984546Z", "fetched_at": "2025-07-12T14:10:52.676981+00:00", "symbol": "ADA-USD"}, {"trade_id": 143215885, "side": "sell", "size": "351.00000000", "price": "0.71680000", "time": "2025-07-12T14:10:45.984546Z", "fetched_at": "2025-07-12T14:10:52.676981+00:00", "symbol": "ADA-USD"}, {"trade_id": 143215884, "side": "sell", "size": "1.60000000", "price": "0.71680000", "time": "2025-07-12T14:10:45.984546Z", "fetched_at": "2025-07-12T14:10:52.676981+00:00", "symbol": "ADA-USD"}, {"trade_id": 143215883, "side": "sell", "size": "1.42272950", "price": "0.71680000", "time": "2025-07-12T14:10:45.984546Z", "fetched_at": "2025-07-12T14:10:52.676981+00:00", "symbol": "ADA-USD"}, {"trade_id": 143215882, "side": "sell", "size": "1560.33383000", "price": "0.71670000", "time": "2025-07-12T14:10:45.984546Z", "fetched_at": "2025-07-12T14:10:52.676981+00:00", "symbol": "ADA-USD"}, {"trade_id": 143215881, "side": "sell", "size": "1560.69416000", "price": "0.71670000", "time": "2025-07-12T14:10:45.984546Z", "fetched_at": "2025-07-12T14:10:52.676981+00:00", "symbol": "ADA-USD"}, {"trade_id": 143215880, "side": "sell", "size": "1427.23264000", "price": "0.71670000", "time": "2025-07-12T14:10:45.984546Z", "fetched_at": "2025-07-12T14:10:52.676981+00:00", "symbol": "ADA-USD"}, {"trade_id": 143215879, "side": "sell", "size": "351.00000000", "price": "0.71670000", "time": "2025-07-12T14:10:45.984546Z", "fetched_at": "2025-07-12T14:10:52.676981+00:00", "symbol": "ADA-USD"}, {"trade_id": 143215878, "side": "sell", "size": "13.95942365", "price": "0.71660000", "time": "2025-07-12T14:10:45.984546Z", "fetched_at": "2025-07-12T14:10:52.676981+00:00", "symbol": "ADA-USD"}, {"trade_id": 143215877, "side": "sell", "size": "51.00306000", "price": "0.71660000", "time": "2025-07-12T14:10:45.984546Z", "fetched_at": "2025-07-12T14:10:52.676981+00:00", "symbol": "ADA-USD"}, {"trade_id": 143215876, "side": "sell", "size": "744.88857594", "price": "0.71660000", "time": "2025-07-12T14:10:45.984546Z", "fetched_at": "2025-07-12T14:10:52.676981+00:00", "symbol": "ADA-USD"}, {"trade_id": 143215875, "side": "sell", "size": "351.00000000", "price": "0.71660000", "time": "2025-07-12T14:10:45.984546Z", "fetched_at": "2025-07-12T14:10:52.676981+00:00", "symbol": "ADA-USD"}, {"trade_id": 143215874, "side": "sell", "size": "1.60000000", "price": "0.71660000", "time": "2025-07-12T14:10:45.984546Z", "fetched_at": "2025-07-12T14:10:52.676981+00:00", "symbol": "ADA-USD"}, {"trade_id": 143215873, "side": "sell", "size": "193.80678000", "price": "0.71640000", "time": "2025-07-12T14:10:45.346368Z", "fetched_at": "2025-07-12T14:10:52.676981+00:00", "symbol": "ADA-USD"}, {"trade_id": 143215872, "side": "buy", "size": "11354.50000000", "price": "0.71640000", "time": "2025-07-12T14:10:45.340705Z", "fetched_at": "2025-07-12T14:10:52.676981+00:00", "symbol": "ADA-USD"}, {"trade_id": 143215871, "side": "buy", "size": "50.00000000", "price": "0.71640000", "time": "2025-07-12T14:10:45.340705Z", "fetched_at": "2025-07-12T14:10:52.676981+00:00", "symbol": "ADA-USD"}, {"trade_id": 143215870, "side": "buy", "size": "668.24873937", "price": "0.71640000", "time": "2025-07-12T14:10:45.340705Z", "fetched_at": "2025-07-12T14:10:52.676981+00:00", "symbol": "ADA-USD"}, {"trade_id": 143215869, "side": "buy", "size": "3.43241930", "price": "0.71650000", "time": "2025-07-12T14:10:45.340705Z", "fetched_at": "2025-07-12T14:10:52.676981+00:00", "symbol": "ADA-USD"}, {"trade_id": 143215868, "side": "buy", "size": "4.75945335", "price": "0.71650000", "time": "2025-07-12T14:10:44.878707Z", "fetched_at": "2025-07-12T14:10:52.676981+00:00", "symbol": "ADA-USD"}, {"trade_id": 143215867, "side": "sell", "size": "351.00000000", "price": "0.71650000", "time": "2025-07-12T14:10:44.868437Z", "fetched_at": "2025-07-12T14:10:52.676981+00:00", "symbol": "ADA-USD"}, {"trade_id": 143215866, "side": "sell", "size": "351.00000000", "price": "0.71640000", "time": "2025-07-12T14:10:44.750756Z", "fetched_at": "2025-07-12T14:10:52.676981+00:00", "symbol": "ADA-USD"}, {"trade_id": 143215865, "side": "sell", "size": "1.60000000", "price": "0.71640000", "time": "2025-07-12T14:10:44.750756Z", "fetched_at": "2025-07-12T14:10:52.676981+00:00", "symbol": "ADA-USD"}, {"trade_id": 143215864, "side": "sell", "size": "49.47176248", "price": "0.71630000", "time": "2025-07-12T14:10:44.050683Z", "fetched_at": "2025-07-12T14:10:52.676981+00:00", "symbol": "ADA-USD"}, {"trade_id": 143215863, "side": "sell", "size": "1.60000000", "price": "0.71620000", "time": "2025-07-12T14:10:44.032720Z", "fetched_at": "2025-07-12T14:10:52.676981+00:00", "symbol": "ADA-USD"}, {"trade_id": 143215862, "side": "sell", "size": "13.96913769", "price": "0.71610000", "time": "2025-07-12T14:10:43.636129Z", "fetched_at": "2025-07-12T14:10:52.676981+00:00", "symbol": "ADA-USD"}, {"trade_id": 143215861, "side": "sell", "size": "69.93006000", "price": "0.71600000", "time": "2025-07-12T14:10:43.057135Z", "fetched_at": "2025-07-12T14:10:52.676981+00:00", "symbol": "ADA-USD"}, {"trade_id": 143215860, "side": "sell", "size": "13.97108172", "price": "0.71590000", "time": "2025-07-12T14:10:43.055095Z", "fetched_at": "2025-07-12T14:10:52.676981+00:00", "symbol": "ADA-USD"}, {"trade_id": 143215859, "side": "sell", "size": "13.96740966", "price": "0.71590000", "time": "2025-07-12T14:10:42.104066Z", "fetched_at": "2025-07-12T14:10:52.676981+00:00", "symbol": "ADA-USD"}, {"trade_id": 143215858, "side": "sell", "size": "13.96740966", "price": "0.71590000", "time": "2025-07-12T14:10:42.096027Z", "fetched_at": "2025-07-12T14:10:52.676981+00:00", "symbol": "ADA-USD"}, {"trade_id": 143215857, "side": "sell", "size": "129.20452000", "price": "0.71590000", "time": "2025-07-12T14:10:41.789804Z", "fetched_at": "2025-07-12T14:10:52.676981+00:00", "symbol": "ADA-USD"}, {"trade_id": 143215856, "side": "sell", "size": "50.00000000", "price": "0.71600000", "time": "2025-07-12T14:10:41.773115Z", "fetched_at": "2025-07-12T14:10:52.676981+00:00", "symbol": "ADA-USD"}, {"trade_id": 143215855, "side": "sell", "size": "351.00000000", "price": "0.71600000", "time": "2025-07-12T14:10:41.773115Z", "fetched_at": "2025-07-12T14:10:52.676981+00:00", "symbol": "ADA-USD"}, {"trade_id": 143215854, "side": "sell", "size": "13.96740966", "price": "0.71590000", "time": "2025-07-12T14:10:41.773115Z", "fetched_at": "2025-07-12T14:10:52.676981+00:00", "symbol": "ADA-USD"}, {"trade_id": 143215853, "side": "sell", "size": "13.27204000", "price": "0.71580000", "time": "2025-07-12T14:10:41.008792Z", "fetched_at": "2025-07-12T14:10:52.676981+00:00", "symbol": "ADA-USD"}, {"trade_id": 143215852, "side": "buy", "size": "13.97038279", "price": "0.71580000", "time": "2025-07-12T14:10:40.999720Z", "fetched_at": "2025-07-12T14:10:52.676981+00:00", "symbol": "ADA-USD"}, {"trade_id": 143215851, "side": "buy", "size": "171.83272721", "price": "0.71580000", "time": "2025-07-12T14:10:40.887053Z", "fetched_at": "2025-07-12T14:10:52.676981+00:00", "symbol": "ADA-USD"}, {"trade_id": 143215850, "side": "buy", "size": "13.97038279", "price": "0.71580000", "time": "2025-07-12T14:10:40.887053Z", "fetched_at": "2025-07-12T14:10:52.676981+00:00", "symbol": "ADA-USD"}, {"trade_id": 143215849, "side": "buy", "size": "13.96843135", "price": "0.71590000", "time": "2025-07-12T14:10:40.829912Z", "fetched_at": "2025-07-12T14:10:52.676981+00:00", "symbol": "ADA-USD"}, {"trade_id": 143215848, "side": "buy", "size": "13.96843135", "price": "0.71590000", "time": "2025-07-12T14:10:40.816559Z", "fetched_at": "2025-07-12T14:10:52.676981+00:00", "symbol": "ADA-USD"}, {"trade_id": 143215847, "side": "buy", "size": "13.96843135", "price": "0.71590000", "time": "2025-07-12T14:10:40.452058Z", "fetched_at": "2025-07-12T14:10:52.676981+00:00", "symbol": "ADA-USD"}, {"trade_id": 143215846, "side": "buy", "size": "51.00306000", "price": "0.71590000", "time": "2025-07-12T14:10:40.452058Z", "fetched_at": "2025-07-12T14:10:52.676981+00:00", "symbol": "ADA-USD"}, {"trade_id": 143215845, "side": "buy", "size": "698.42156725", "price": "0.71590000", "time": "2025-07-12T14:10:40.452058Z", "fetched_at": "2025-07-12T14:10:52.676981+00:00", "symbol": "ADA-USD"}, {"trade_id": 143215844, "side": "buy", "size": "11355.50000000", "price": "0.71590000", "time": "2025-07-12T14:10:40.452058Z", "fetched_at": "2025-07-12T14:10:52.676981+00:00", "symbol": "ADA-USD"}, {"trade_id": 143215843, "side": "buy", "size": "1472.61588941", "price": "0.71590000", "time": "2025-07-12T14:10:40.452058Z", "fetched_at": "2025-07-12T14:10:52.676981+00:00", "symbol": "ADA-USD"}, {"trade_id": 143215842, "side": "buy", "size": "13.96648045", "price": "0.71600000", "time": "2025-07-12T14:10:40.313728Z", "fetched_at": "2025-07-12T14:10:52.676981+00:00", "symbol": "ADA-USD"}, {"trade_id": 143215841, "side": "sell", "size": "1186.57135500", "price": "0.71630000", "time": "2025-07-12T14:10:39.771784Z", "fetched_at": "2025-07-12T14:10:52.676981+00:00", "symbol": "ADA-USD"}, {"trade_id": 143215840, "side": "sell", "size": "351.00000000", "price": "0.71630000", "time": "2025-07-12T14:10:39.771784Z", "fetched_at": "2025-07-12T14:10:52.676981+00:00", "symbol": "ADA-USD"}, {"trade_id": 143215839, "side": "sell", "size": "1566.36146000", "price": "0.71620000", "time": "2025-07-12T14:10:39.771784Z", "fetched_at": "2025-07-12T14:10:52.676981+00:00", "symbol": "ADA-USD"}, {"trade_id": 143215838, "side": "sell", "size": "1427.73094000", "price": "0.71620000", "time": "2025-07-12T14:10:39.771784Z", "fetched_at": "2025-07-12T14:10:52.676981+00:00", "symbol": "ADA-USD"}, {"trade_id": 143215837, "side": "sell", "size": "1565.57108000", "price": "0.71620000", "time": "2025-07-12T14:10:39.771784Z", "fetched_at": "2025-07-12T14:10:52.676981+00:00", "symbol": "ADA-USD"}, {"trade_id": 143215836, "side": "sell", "size": "351.00000000", "price": "0.71620000", "time": "2025-07-12T14:10:39.771784Z", "fetched_at": "2025-07-12T14:10:52.676981+00:00", "symbol": "ADA-USD"}, {"trade_id": 143215835, "side": "sell", "size": "127.77168000", "price": "0.71610000", "time": "2025-07-12T14:10:39.771784Z", "fetched_at": "2025-07-12T14:10:52.676981+00:00", "symbol": "ADA-USD"}, {"trade_id": 143215834, "side": "sell", "size": "351.00000000", "price": "0.71610000", "time": "2025-07-12T14:10:39.771784Z", "fetched_at": "2025-07-12T14:10:52.676981+00:00", "symbol": "ADA-USD"}, {"trade_id": 143215833, "side": "buy", "size": "13.96453010", "price": "0.71610000", "time": "2025-07-12T14:10:39.404771Z", "fetched_at": "2025-07-12T14:10:52.676981+00:00", "symbol": "ADA-USD"}, {"trade_id": 143215832, "side": "buy", "size": "1026.52494635", "price": "0.71610000", "time": "2025-07-12T14:10:39.404771Z", "fetched_at": "2025-07-12T14:10:52.676981+00:00", "symbol": "ADA-USD"}, {"trade_id": 143215831, "side": "sell", "size": "6.89988639", "price": "0.71620000", "time": "2025-07-12T14:10:39.299833Z", "fetched_at": "2025-07-12T14:10:52.676981+00:00", "symbol": "ADA-USD"}, {"trade_id": 143215830, "side": "buy", "size": "2682.24702500", "price": "0.71610000", "time": "2025-07-12T14:10:39.209589Z", "fetched_at": "2025-07-12T14:10:52.676981+00:00", "symbol": "ADA-USD"}, {"trade_id": 143215829, "side": "sell", "size": "13.73683400", "price": "0.71620000", "time": "2025-07-12T14:10:38.809758Z", "fetched_at": "2025-07-12T14:10:52.676981+00:00", "symbol": "ADA-USD"}, {"trade_id": 143215828, "side": "sell", "size": "127.77168000", "price": "0.71630000", "time": "2025-07-12T14:10:38.347717Z", "fetched_at": "2025-07-12T14:10:52.676981+00:00", "symbol": "ADA-USD"}, {"trade_id": 143215827, "side": "sell", "size": "127.77168000", "price": "0.71620000", "time": "2025-07-12T14:10:38.333742Z", "fetched_at": "2025-07-12T14:10:52.676981+00:00", "symbol": "ADA-USD"}, {"trade_id": 143215826, "side": "buy", "size": "13.96063103", "price": "0.71630000", "time": "2025-07-12T14:10:38.318574Z", "fetched_at": "2025-07-12T14:10:52.676981+00:00", "symbol": "ADA-USD"}, {"trade_id": 143215825, "side": "sell", "size": "51.00306000", "price": "0.71640000", "time": "2025-07-12T14:10:38.309939Z", "fetched_at": "2025-07-12T14:10:52.676981+00:00", "symbol": "ADA-USD"}, {"trade_id": 143215824, "side": "sell", "size": "127.77168000", "price": "0.71640000", "time": "2025-07-12T14:10:38.309939Z", "fetched_at": "2025-07-12T14:10:52.676981+00:00", "symbol": "ADA-USD"}, {"trade_id": 143215823, "side": "sell", "size": "51.00306000", "price": "0.71640000", "time": "2025-07-12T14:10:38.288413Z", "fetched_at": "2025-07-12T14:10:52.676981+00:00", "symbol": "ADA-USD"}, {"trade_id": 143215822, "side": "sell", "size": "127.77168000", "price": "0.71640000", "time": "2025-07-12T14:10:38.276048Z", "fetched_at": "2025-07-12T14:10:52.676981+00:00", "symbol": "ADA-USD"}, {"trade_id": 143215821, "side": "sell", "size": "51.00306000", "price": "0.71640000", "time": "2025-07-12T14:10:38.236080Z", "fetched_at": "2025-07-12T14:10:52.676981+00:00", "symbol": "ADA-USD"}, {"trade_id": 143215820, "side": "sell", "size": "2.93154422", "price": "0.71640000", "time": "2025-07-12T14:10:38.216877Z", "fetched_at": "2025-07-12T14:10:52.676981+00:00", "symbol": "ADA-USD"}, {"trade_id": 143215819, "side": "sell", "size": "2.93154422", "price": "0.71640000", "time": "2025-07-12T14:10:38.203378Z", "fetched_at": "2025-07-12T14:10:52.676981+00:00", "symbol": "ADA-USD"}, {"trade_id": 143215818, "side": "sell", "size": "2.93154422", "price": "0.71640000", "time": "2025-07-12T14:10:38.190389Z", "fetched_at": "2025-07-12T14:10:52.676981+00:00", "symbol": "ADA-USD"}, {"trade_id": 143215817, "side": "sell", "size": "127.77168000", "price": "0.71640000", "time": "2025-07-12T14:10:38.090393Z", "fetched_at": "2025-07-12T14:10:52.676981+00:00", "symbol": "ADA-USD"}, {"trade_id": 143215816, "side": "sell", "size": "13.95849992", "price": "0.71640000", "time": "2025-07-12T14:10:38.079459Z", "fetched_at": "2025-07-12T14:10:52.676981+00:00", "symbol": "ADA-USD"}, {"trade_id": 143215815, "side": "sell", "size": "127.77168000", "price": "0.71640000", "time": "2025-07-12T14:10:38.017715Z", "fetched_at": "2025-07-12T14:10:52.676981+00:00", "symbol": "ADA-USD"}, {"trade_id": 143215814, "side": "sell", "size": "127.77168000", "price": "0.71630000", "time": "2025-07-12T14:10:37.977375Z", "fetched_at": "2025-07-12T14:10:52.676981+00:00", "symbol": "ADA-USD"}, {"trade_id": 143215813, "side": "buy", "size": "9491.92159380", "price": "0.71630000", "time": "2025-07-12T14:10:37.969569Z", "fetched_at": "2025-07-12T14:10:52.676981+00:00", "symbol": "ADA-USD"}, {"trade_id": 143215812, "side": "sell", "size": "324.44210458", "price": "0.71640000", "time": "2025-07-12T14:10:37.956119Z", "fetched_at": "2025-07-12T14:10:52.676981+00:00", "symbol": "ADA-USD"}, {"trade_id": 143215811, "side": "sell", "size": "69.93006000", "price": "0.71640000", "time": "2025-07-12T14:10:37.953368Z", "fetched_at": "2025-07-12T14:10:52.676981+00:00", "symbol": "ADA-USD"}, {"trade_id": 143215810, "side": "sell", "size": "69.93006000", "price": "0.71640000", "time": "2025-07-12T14:10:37.953088Z", "fetched_at": "2025-07-12T14:10:52.676981+00:00", "symbol": "ADA-USD"}, {"trade_id": 143215809, "side": "sell", "size": "13.95994210", "price": "0.71630000", "time": "2025-07-12T14:10:37.844655Z", "fetched_at": "2025-07-12T14:10:52.676981+00:00", "symbol": "ADA-USD"}, {"trade_id": 143215808, "side": "sell", "size": "13.95994210", "price": "0.71630000", "time": "2025-07-12T14:10:37.831939Z", "fetched_at": "2025-07-12T14:10:52.676981+00:00", "symbol": "ADA-USD"}, {"trade_id": 143215807, "side": "sell", "size": "13.95994210", "price": "0.71630000", "time": "2025-07-12T14:10:37.821072Z", "fetched_at": "2025-07-12T14:10:52.676981+00:00", "symbol": "ADA-USD"}, {"trade_id": 143215806, "side": "sell", "size": "69.93006000", "price": "0.71640000", "time": "2025-07-12T14:10:37.352549Z", "fetched_at": "2025-07-12T14:10:52.676981+00:00", "symbol": "ADA-USD"}, {"trade_id": 143215805, "side": "sell", "size": "129.20452000", "price": "0.71620000", "time": "2025-07-12T14:10:37.329453Z", "fetched_at": "2025-07-12T14:10:52.676981+00:00", "symbol": "ADA-USD"}, {"trade_id": 143215804, "side": "sell", "size": "127.77168000", "price": "0.71620000", "time": "2025-07-12T14:10:37.329453Z", "fetched_at": "2025-07-12T14:10:52.676981+00:00", "symbol": "ADA-USD"}, {"trade_id": 143215803, "side": "sell", "size": "69.93006000", "price": "0.71640000", "time": "2025-07-12T14:10:37.290101Z", "fetched_at": "2025-07-12T14:10:52.676981+00:00", "symbol": "ADA-USD"}, {"trade_id": 143215802, "side": "sell", "size": "69.93006000", "price": "0.71640000", "time": "2025-07-12T14:10:37.290038Z", "fetched_at": "2025-07-12T14:10:52.676981+00:00", "symbol": "ADA-USD"}, {"trade_id": 143215801, "side": "sell", "size": "69.93006000", "price": "0.71640000", "time": "2025-07-12T14:10:37.290024Z", "fetched_at": "2025-07-12T14:10:52.676981+00:00", "symbol": "ADA-USD"}, {"trade_id": 143215800, "side": "buy", "size": "5394.40141000", "price": "0.71620000", "time": "2025-07-12T14:10:37.250396Z", "fetched_at": "2025-07-12T14:10:52.676981+00:00", "symbol": "ADA-USD"}, {"trade_id": 143215799, "side": "buy", "size": "191.20982000", "price": "0.71620000", "time": "2025-07-12T14:10:37.250396Z", "fetched_at": "2025-07-12T14:10:52.676981+00:00", "symbol": "ADA-USD"}, {"trade_id": 143215798, "side": "buy", "size": "69.93006000", "price": "0.71620000", "time": "2025-07-12T14:10:37.249495Z", "fetched_at": "2025-07-12T14:10:52.676981+00:00", "symbol": "ADA-USD"}, {"trade_id": 143215797, "side": "sell", "size": "13.90492810", "price": "0.71630000", "time": "2025-07-12T14:10:37.206256Z", "fetched_at": "2025-07-12T14:10:52.676981+00:00", "symbol": "ADA-USD"}, {"trade_id": 143215796, "side": "buy", "size": "19.93006000", "price": "0.71620000", "time": "2025-07-12T14:10:37.177187Z", "fetched_at": "2025-07-12T14:10:52.676981+00:00", "symbol": "ADA-USD"}, {"trade_id": 143215795, "side": "buy", "size": "50.00000000", "price": "0.71630000", "time": "2025-07-12T14:10:37.177187Z", "fetched_at": "2025-07-12T14:10:52.676981+00:00", "symbol": "ADA-USD"}, {"trade_id": 143215794, "side": "buy", "size": "11204.30000000", "price": "0.71640000", "time": "2025-07-12T14:10:37.143566Z", "fetched_at": "2025-07-12T14:10:52.676981+00:00", "symbol": "ADA-USD"}, {"trade_id": 143215793, "side": "buy", "size": "11197.90000000", "price": "0.71640000", "time": "2025-07-12T14:10:37.014566Z", "fetched_at": "2025-07-12T14:10:52.676981+00:00", "symbol": "ADA-USD"}, {"trade_id": 143215792, "side": "buy", "size": "6371.50000000", "price": "0.71650000", "time": "2025-07-12T14:10:36.818353Z", "fetched_at": "2025-07-12T14:10:52.676981+00:00", "symbol": "ADA-USD"}, {"trade_id": 143215791, "side": "buy", "size": "600.00000000", "price": "0.71650000", "time": "2025-07-12T14:10:36.816042Z", "fetched_at": "2025-07-12T14:10:52.676981+00:00", "symbol": "ADA-USD"}, {"trade_id": 143215790, "side": "buy", "size": "4110.20000000", "price": "0.71650000", "time": "2025-07-12T14:10:36.760217Z", "fetched_at": "2025-07-12T14:10:52.676981+00:00", "symbol": "ADA-USD"}, {"trade_id": 143215789, "side": "buy", "size": "11.52810583", "price": "0.71660000", "time": "2025-07-12T14:10:36.321722Z", "fetched_at": "2025-07-12T14:10:52.676981+00:00", "symbol": "ADA-USD"}, {"trade_id": 143215788, "side": "buy", "size": "50.00000000", "price": "0.71660000", "time": "2025-07-12T14:10:36.321722Z", "fetched_at": "2025-07-12T14:10:52.676981+00:00", "symbol": "ADA-USD"}, {"trade_id": 143215787, "side": "buy", "size": "193.59342000", "price": "0.71660000", "time": "2025-07-12T14:10:36.321722Z", "fetched_at": "2025-07-12T14:10:52.676981+00:00", "symbol": "ADA-USD"}, {"trade_id": 143215786, "side": "sell", "size": "400.00000000", "price": "0.71660000", "time": "2025-07-12T14:10:36.230907Z", "fetched_at": "2025-07-12T14:10:52.676981+00:00", "symbol": "ADA-USD"}, {"trade_id": 143215785, "side": "sell", "size": "1567.36063000", "price": "0.71660000", "time": "2025-07-12T14:10:36.212975Z", "fetched_at": "2025-07-12T14:10:52.676981+00:00", "symbol": "ADA-USD"}, {"trade_id": 143215784, "side": "sell", "size": "1567.06747000", "price": "0.71660000", "time": "2025-07-12T14:10:36.212975Z", "fetched_at": "2025-07-12T14:10:52.676981+00:00", "symbol": "ADA-USD"}, {"trade_id": 143215783, "side": "sell", "size": "1.60000000", "price": "0.71660000", "time": "2025-07-12T14:10:36.212975Z", "fetched_at": "2025-07-12T14:10:52.676981+00:00", "symbol": "ADA-USD"}, {"trade_id": 143215782, "side": "sell", "size": "1567.36063000", "price": "0.71650000", "time": "2025-07-12T14:10:36.203585Z", "fetched_at": "2025-07-12T14:10:52.676981+00:00", "symbol": "ADA-USD"}, {"trade_id": 143215781, "side": "sell", "size": "112.08976100", "price": "0.71650000", "time": "2025-07-12T14:10:36.203585Z", "fetched_at": "2025-07-12T14:10:52.676981+00:00", "symbol": "ADA-USD"}, {"trade_id": 143215780, "side": "buy", "size": "69.93006000", "price": "0.71630000", "time": "2025-07-12T14:10:36.173616Z", "fetched_at": "2025-07-12T14:10:52.676981+00:00", "symbol": "ADA-USD"}, {"trade_id": 143215779, "side": "sell", "size": "711.46226374", "price": "0.71630000", "time": "2025-07-12T14:10:36.163518Z", "fetched_at": "2025-07-12T14:10:52.676981+00:00", "symbol": "ADA-USD"}, {"trade_id": 143215778, "side": "buy", "size": "69.93006000", "price": "0.71620000", "time": "2025-07-12T14:10:36.153139Z", "fetched_at": "2025-07-12T14:10:52.676981+00:00", "symbol": "ADA-USD"}, {"trade_id": 143215777, "side": "buy", "size": "11.28273624", "price": "0.71640000", "time": "2025-07-12T14:10:35.978109Z", "fetched_at": "2025-07-12T14:10:52.676981+00:00", "symbol": "ADA-USD"}, {"trade_id": 143215776, "side": "buy", "size": "351.00000000", "price": "0.71640000", "time": "2025-07-12T14:10:35.978109Z", "fetched_at": "2025-07-12T14:10:52.676981+00:00", "symbol": "ADA-USD"}, {"trade_id": 143215775, "side": "buy", "size": "11.28273624", "price": "0.71640000", "time": "2025-07-12T14:10:35.967113Z", "fetched_at": "2025-07-12T14:10:52.676981+00:00", "symbol": "ADA-USD"}, {"trade_id": 143215774, "side": "buy", "size": "351.00000000", "price": "0.71640000", "time": "2025-07-12T14:10:35.937749Z", "fetched_at": "2025-07-12T14:10:52.676981+00:00", "symbol": "ADA-USD"}, {"trade_id": 143215773, "side": "buy", "size": "351.00000000", "price": "0.71640000", "time": "2025-07-12T14:10:35.925711Z", "fetched_at": "2025-07-12T14:10:52.676981+00:00", "symbol": "ADA-USD"}, {"trade_id": 143215772, "side": "sell", "size": "1430.42713000", "price": "0.71640000", "time": "2025-07-12T14:10:35.830919Z", "fetched_at": "2025-07-12T14:10:52.676981+00:00", "symbol": "ADA-USD"}, {"trade_id": 143215771, "side": "sell", "size": "1.60000000", "price": "0.71640000", "time": "2025-07-12T14:10:35.830919Z", "fetched_at": "2025-07-12T14:10:52.676981+00:00", "symbol": "ADA-USD"}, {"trade_id": 143215770, "side": "sell", "size": "0.00115044", "price": "0.71640000", "time": "2025-07-12T14:10:35.830919Z", "fetched_at": "2025-07-12T14:10:52.676981+00:00", "symbol": "ADA-USD"}, {"trade_id": 143215769, "side": "sell", "size": "112.65858400", "price": "0.71640000", "time": "2025-07-12T14:10:35.830919Z", "fetched_at": "2025-07-12T14:10:52.676981+00:00", "symbol": "ADA-USD"}, {"trade_id": 143215768, "side": "sell", "size": "23.10827256", "price": "0.71640000", "time": "2025-07-12T14:10:35.830919Z", "fetched_at": "2025-07-12T14:10:52.676981+00:00", "symbol": "ADA-USD"}, {"trade_id": 143215767, "side": "buy", "size": "11.28431138", "price": "0.71630000", "time": "2025-07-12T14:10:35.788453Z", "fetched_at": "2025-07-12T14:10:52.676981+00:00", "symbol": "ADA-USD"}, {"trade_id": 143215766, "side": "sell", "size": "142.66330319", "price": "0.71630000", "time": "2025-07-12T14:10:35.677103Z", "fetched_at": "2025-07-12T14:10:52.676981+00:00", "symbol": "ADA-USD"}, {"trade_id": 143215765, "side": "sell", "size": "687.25001398", "price": "0.71580000", "time": "2025-07-12T14:10:35.634103Z", "fetched_at": "2025-07-12T14:10:52.676981+00:00", "symbol": "ADA-USD"}, {"trade_id": 143215764, "side": "sell", "size": "1020.43070000", "price": "0.71570000", "time": "2025-07-12T14:10:35.478698Z", "fetched_at": "2025-07-12T14:10:52.676981+00:00", "symbol": "ADA-USD"}, {"trade_id": 143215763, "side": "sell", "size": "1287.76382681", "price": "0.71630000", "time": "2025-07-12T14:10:35.396832Z", "fetched_at": "2025-07-12T14:10:52.676981+00:00", "symbol": "ADA-USD"}, {"trade_id": 143215762, "side": "sell", "size": "113.23321000", "price": "0.71630000", "time": "2025-07-12T14:10:35.396832Z", "fetched_at": "2025-07-12T14:10:52.676981+00:00", "symbol": "ADA-USD"}, {"trade_id": 143215761, "side": "sell", "size": "1430.42713000", "price": "0.71620000", "time": "2025-07-12T14:10:35.392711Z", "fetched_at": "2025-07-12T14:10:52.676981+00:00", "symbol": "ADA-USD"}, {"trade_id": 143215760, "side": "sell", "size": "1.60000000", "price": "0.71620000", "time": "2025-07-12T14:10:35.392711Z", "fetched_at": "2025-07-12T14:10:52.676981+00:00", "symbol": "ADA-USD"}, {"trade_id": 143215759, "side": "sell", "size": "99.63938943", "price": "0.71610000", "time": "2025-07-12T14:10:35.392711Z", "fetched_at": "2025-07-12T14:10:52.676981+00:00", "symbol": "ADA-USD"}, {"trade_id": 143215758, "side": "sell", "size": "284.05801904", "price": "0.71600000", "time": "2025-07-12T14:10:35.392711Z", "fetched_at": "2025-07-12T14:10:52.676981+00:00", "symbol": "ADA-USD"}, {"trade_id": 143215757, "side": "sell", "size": "364.94794752", "price": "0.71580000", "time": "2025-07-12T14:10:35.392711Z", "fetched_at": "2025-07-12T14:10:52.676981+00:00", "symbol": "ADA-USD"}, {"trade_id": 143215756, "side": "sell", "size": "1286.73769096", "price": "0.71600000", "time": "2025-07-12T14:10:35.377189Z", "fetched_at": "2025-07-12T14:10:52.676981+00:00", "symbol": "ADA-USD"}, {"trade_id": 143215755, "side": "sell", "size": "304.59064678", "price": "0.71610000", "time": "2025-07-12T14:10:35.360308Z", "fetched_at": "2025-07-12T14:10:52.676981+00:00", "symbol": "ADA-USD"}, {"trade_id": 143215754, "side": "sell", "size": "1026.19709379", "price": "0.71610000", "time": "2025-07-12T14:10:35.354105Z", "fetched_at": "2025-07-12T14:10:52.676981+00:00", "symbol": "ADA-USD"}, {"trade_id": 143215753, "side": "sell", "size": "1233.65574122", "price": "0.71610000", "time": "2025-07-12T14:10:35.354105Z", "fetched_at": "2025-07-12T14:10:52.676981+00:00", "symbol": "ADA-USD"}, {"trade_id": 143215752, "side": "sell", "size": "1509.45220008", "price": "0.71610000", "time": "2025-07-12T14:10:35.352150Z", "fetched_at": "2025-07-12T14:10:52.676981+00:00", "symbol": "ADA-USD"}, {"trade_id": 143215751, "side": "sell", "size": "1266.29046661", "price": "0.71610000", "time": "2025-07-12T14:10:35.352150Z", "fetched_at": "2025-07-12T14:10:52.676981+00:00", "symbol": "ADA-USD"}, {"trade_id": 143215750, "side": "sell", "size": "4584.49731867", "price": "0.71610000", "time": "2025-07-12T14:10:35.346013Z", "fetched_at": "2025-07-12T14:10:52.676981+00:00", "symbol": "ADA-USD"}, {"trade_id": 143215749, "side": "sell", "size": "4149.21221472", "price": "0.71610000", "time": "2025-07-12T14:10:35.327413Z", "fetched_at": "2025-07-12T14:10:52.676981+00:00", "symbol": "ADA-USD"}, {"trade_id": 143215748, "side": "sell", "size": "25.46517723", "price": "0.71610000", "time": "2025-07-12T14:10:35.327413Z", "fetched_at": "2025-07-12T14:10:52.676981+00:00", "symbol": "ADA-USD"}, {"trade_id": 143215747, "side": "sell", "size": "0.39980870", "price": "0.71610000", "time": "2025-07-12T14:10:35.327413Z", "fetched_at": "2025-07-12T14:10:52.676981+00:00", "symbol": "ADA-USD"}, {"trade_id": 143215746, "side": "sell", "size": "373.95018356", "price": "0.71600000", "time": "2025-07-12T14:10:35.327413Z", "fetched_at": "2025-07-12T14:10:52.676981+00:00", "symbol": "ADA-USD"}, {"trade_id": 143215745, "side": "sell", "size": "1056.47694644", "price": "0.71600000", "time": "2025-07-12T14:10:35.326935Z", "fetched_at": "2025-07-12T14:10:52.676981+00:00", "symbol": "ADA-USD"}, {"trade_id": 143215744, "side": "sell", "size": "1.60000000", "price": "0.71600000", "time": "2025-07-12T14:10:35.326935Z", "fetched_at": "2025-07-12T14:10:52.676981+00:00", "symbol": "ADA-USD"}, {"trade_id": 143215743, "side": "sell", "size": "0.00141410", "price": "0.71600000", "time": "2025-07-12T14:10:35.326935Z", "fetched_at": "2025-07-12T14:10:52.676981+00:00", "symbol": "ADA-USD"}, {"trade_id": 143215742, "side": "sell", "size": "166.80254437", "price": "0.71600000", "time": "2025-07-12T14:10:35.326935Z", "fetched_at": "2025-07-12T14:10:52.676981+00:00", "symbol": "ADA-USD"}, {"trade_id": 143215741, "side": "sell", "size": "101.47183101", "price": "0.71590000", "time": "2025-07-12T14:10:35.326935Z", "fetched_at": "2025-07-12T14:10:52.676981+00:00", "symbol": "ADA-USD"}, {"trade_id": 143215740, "side": "sell", "size": "1328.95529899", "price": "0.71590000", "time": "2025-07-12T14:10:35.299719Z", "fetched_at": "2025-07-12T14:10:52.676981+00:00", "symbol": "ADA-USD"}, {"trade_id": 143215739, "side": "sell", "size": "0.00000001", "price": "0.71590000", "time": "2025-07-12T14:10:35.299719Z", "fetched_at": "2025-07-12T14:10:52.676981+00:00", "symbol": "ADA-USD"}, {"trade_id": 143215738, "side": "sell", "size": "112.46833600", "price": "0.71590000", "time": "2025-07-12T14:10:35.299719Z", "fetched_at": "2025-07-12T14:10:52.676981+00:00", "symbol": "ADA-USD"}, {"trade_id": 143215737, "side": "sell", "size": "1430.42713000", "price": "0.71580000", "time": "2025-07-12T14:10:35.299719Z", "fetched_at": "2025-07-12T14:10:52.676981+00:00", "symbol": "ADA-USD"}, {"trade_id": 143215736, "side": "sell", "size": "1.60000000", "price": "0.71580000", "time": "2025-07-12T14:10:35.299719Z", "fetched_at": "2025-07-12T14:10:52.676981+00:00", "symbol": "ADA-USD"}, {"trade_id": 143215735, "side": "sell", "size": "43.46538696", "price": "0.71580000", "time": "2025-07-12T14:10:35.299719Z", "fetched_at": "2025-07-12T14:10:52.676981+00:00", "symbol": "ADA-USD"}, {"trade_id": 143215734, "side": "sell", "size": "702.71506368", "price": "0.71540000", "time": "2025-07-12T14:10:35.299719Z", "fetched_at": "2025-07-12T14:10:52.676981+00:00", "symbol": "ADA-USD"}, {"trade_id": 143215733, "side": "sell", "size": "69.57563004", "price": "0.71580000", "time": "2025-07-12T14:10:35.295078Z", "fetched_at": "2025-07-12T14:10:52.676981+00:00", "symbol": "ADA-USD"}, {"trade_id": 143215732, "side": "sell", "size": "0.00001414", "price": "0.71570000", "time": "2025-07-12T14:10:35.295078Z", "fetched_at": "2025-07-12T14:10:52.676981+00:00", "symbol": "ADA-USD"}, {"trade_id": 143215731, "side": "sell", "size": "113.61956100", "price": "0.71570000", "time": "2025-07-12T14:10:35.295078Z", "fetched_at": "2025-07-12T14:10:52.676981+00:00", "symbol": "ADA-USD"}, {"trade_id": 143215730, "side": "sell", "size": "1.42626953", "price": "0.71570000", "time": "2025-07-12T14:10:35.295078Z", "fetched_at": "2025-07-12T14:10:52.676981+00:00", "symbol": "ADA-USD"}, {"trade_id": 143215729, "side": "sell", "size": "0.63188206", "price": "0.71570000", "time": "2025-07-12T14:10:35.295078Z", "fetched_at": "2025-07-12T14:10:52.676981+00:00", "symbol": "ADA-USD"}, {"trade_id": 143215728, "side": "sell", "size": "1413.57773170", "price": "0.71560000", "time": "2025-07-12T14:10:35.295078Z", "fetched_at": "2025-07-12T14:10:52.676981+00:00", "symbol": "ADA-USD"}, {"trade_id": 143215727, "side": "sell", "size": "156.41508830", "price": "0.71560000", "time": "2025-07-12T14:10:35.278153Z", "fetched_at": "2025-07-12T14:10:52.676981+00:00", "symbol": "ADA-USD"}, {"trade_id": 143215726, "side": "sell", "size": "1570.79571000", "price": "0.71560000", "time": "2025-07-12T14:10:35.278153Z", "fetched_at": "2025-07-12T14:10:52.676981+00:00", "symbol": "ADA-USD"}, {"trade_id": 143215725, "side": "sell", "size": "1.60000000", "price": "0.71560000", "time": "2025-07-12T14:10:35.278153Z", "fetched_at": "2025-07-12T14:10:52.676981+00:00", "symbol": "ADA-USD"}, {"trade_id": 143215724, "side": "sell", "size": "786.91460126", "price": "0.71550000", "time": "2025-07-12T14:10:35.278153Z", "fetched_at": "2025-07-12T14:10:52.676981+00:00", "symbol": "ADA-USD"}, {"trade_id": 143215723, "side": "sell", "size": "399.60471443", "price": "0.71550000", "time": "2025-07-12T14:10:35.257198Z", "fetched_at": "2025-07-12T14:10:52.676981+00:00", "symbol": "ADA-USD"}, {"trade_id": 143215722, "side": "sell", "size": "1145.46343257", "price": "0.71540000", "time": "2025-07-12T14:10:35.257198Z", "fetched_at": "2025-07-12T14:10:52.676981+00:00", "symbol": "ADA-USD"}, {"trade_id": 143215721, "side": "sell", "size": "424.52938743", "price": "0.71540000", "time": "2025-07-12T14:10:35.248394Z", "fetched_at": "2025-07-12T14:10:52.676981+00:00", "symbol": "ADA-USD"}, {"trade_id": 143215720, "side": "sell", "size": "1570.79571000", "price": "0.71540000", "time": "2025-07-12T14:10:35.248394Z", "fetched_at": "2025-07-12T14:10:52.676981+00:00", "symbol": "ADA-USD"}, {"trade_id": 143215719, "side": "sell", "size": "13.99471935", "price": "0.71520000", "time": "2025-07-12T14:10:35.248394Z", "fetched_at": "2025-07-12T14:10:52.676981+00:00", "symbol": "ADA-USD"}, {"trade_id": 143215718, "side": "buy", "size": "69.93006000", "price": "0.71500000", "time": "2025-07-12T14:10:35.222616Z", "fetched_at": "2025-07-12T14:10:52.676981+00:00", "symbol": "ADA-USD"}, {"trade_id": 143215717, "side": "sell", "size": "244.50839431", "price": "0.71550000", "time": "2025-07-12T14:10:35.216094Z", "fetched_at": "2025-07-12T14:10:52.676981+00:00", "symbol": "ADA-USD"}, {"trade_id": 143215716, "side": "sell", "size": "896.47413157", "price": "0.71550000", "time": "2025-07-12T14:10:35.216094Z", "fetched_at": "2025-07-12T14:10:52.676981+00:00", "symbol": "ADA-USD"}, {"trade_id": 143215715, "side": "sell", "size": "673.51868843", "price": "0.71550000", "time": "2025-07-12T14:10:35.214093Z", "fetched_at": "2025-07-12T14:10:52.676981+00:00", "symbol": "ADA-USD"}, {"trade_id": 143215714, "side": "sell", "size": "128.53727533", "price": "0.71550000", "time": "2025-07-12T14:10:35.214093Z", "fetched_at": "2025-07-12T14:10:52.676981+00:00", "symbol": "ADA-USD"}, {"trade_id": 143215713, "side": "sell", "size": "145.77351880", "price": "0.71550000", "time": "2025-07-12T14:10:35.210437Z", "fetched_at": "2025-07-12T14:10:52.676981+00:00", "symbol": "ADA-USD"}, {"trade_id": 143215712, "side": "sell", "size": "124.09534543", "price": "0.71550000", "time": "2025-07-12T14:10:35.210437Z", "fetched_at": "2025-07-12T14:10:52.676981+00:00", "symbol": "ADA-USD"}, {"trade_id": 143215711, "side": "sell", "size": "32.56990000", "price": "0.71530000", "time": "2025-07-12T14:10:35.201790Z", "fetched_at": "2025-07-12T14:10:52.676981+00:00", "symbol": "ADA-USD"}, {"trade_id": 143215710, "side": "sell", "size": "367.43010000", "price": "0.71530000", "time": "2025-07-12T14:10:35.201390Z", "fetched_at": "2025-07-12T14:10:52.676981+00:00", "symbol": "ADA-USD"}, {"trade_id": 143215709, "side": "sell", "size": "1053.00000000", "price": "0.71550000", "time": "2025-07-12T14:10:35.197207Z", "fetched_at": "2025-07-12T14:10:52.676981+00:00", "symbol": "ADA-USD"}, {"trade_id": 143215708, "side": "sell", "size": "1341.08149099", "price": "0.71550000", "time": "2025-07-12T14:10:35.196085Z", "fetched_at": "2025-07-12T14:10:52.676981+00:00", "symbol": "ADA-USD"}, {"trade_id": 143215707, "side": "sell", "size": "224.93110488", "price": "0.71550000", "time": "2025-07-12T14:10:35.194551Z", "fetched_at": "2025-07-12T14:10:52.676981+00:00", "symbol": "ADA-USD"}, {"trade_id": 143215706, "side": "sell", "size": "394.61809512", "price": "0.71550000", "time": "2025-07-12T14:10:35.194551Z", "fetched_at": "2025-07-12T14:10:52.676981+00:00", "symbol": "ADA-USD"}, {"trade_id": 143215705, "side": "sell", "size": "722.71660000", "price": "0.71550000", "time": "2025-07-12T14:10:35.194505Z", "fetched_at": "2025-07-12T14:10:52.676981+00:00", "symbol": "ADA-USD"}, {"trade_id": 143215704, "side": "sell", "size": "223.74679587", "price": "0.71550000", "time": "2025-07-12T14:10:35.194279Z", "fetched_at": "2025-07-12T14:10:52.676981+00:00", "symbol": "ADA-USD"}, {"trade_id": 143215703, "side": "sell", "size": "829.25320413", "price": "0.71530000", "time": "2025-07-12T14:10:35.194279Z", "fetched_at": "2025-07-12T14:10:52.676981+00:00", "symbol": "ADA-USD"}, {"trade_id": 143215702, "side": "sell", "size": "330.28340000", "price": "0.71530000", "time": "2025-07-12T14:10:35.191592Z", "fetched_at": "2025-07-12T14:10:52.676981+00:00", "symbol": "ADA-USD"}, {"trade_id": 143215701, "side": "sell", "size": "411.25910587", "price": "0.71530000", "time": "2025-07-12T14:10:35.191087Z", "fetched_at": "2025-07-12T14:10:52.676981+00:00", "symbol": "ADA-USD"}, {"trade_id": 143215700, "side": "sell", "size": "274.31079413", "price": "0.71530000", "time": "2025-07-12T14:10:35.191087Z", "fetched_at": "2025-07-12T14:10:52.676981+00:00", "symbol": "ADA-USD"}, {"trade_id": 143215699, "side": "sell", "size": "175.22300164", "price": "0.71530000", "time": "2025-07-12T14:10:35.188375Z", "fetched_at": "2025-07-12T14:10:52.676981+00:00", "symbol": "ADA-USD"}, {"trade_id": 143215698, "side": "sell", "size": "1569.99282000", "price": "0.71520000", "time": "2025-07-12T14:10:35.188375Z", "fetched_at": "2025-07-12T14:10:52.676981+00:00", "symbol": "ADA-USD"}, {"trade_id": 143215697, "side": "sell", "size": "129.20452000", "price": "0.71520000", "time": "2025-07-12T14:10:35.188375Z", "fetched_at": "2025-07-12T14:10:52.676981+00:00", "symbol": "ADA-USD"}, {"trade_id": 143215696, "side": "sell", "size": "800.00000000", "price": "0.71520000", "time": "2025-07-12T14:10:35.188375Z", "fetched_at": "2025-07-12T14:10:52.676981+00:00", "symbol": "ADA-USD"}, {"trade_id": 143215695, "side": "sell", "size": "274.31079413", "price": "0.71510000", "time": "2025-07-12T14:10:35.188375Z", "fetched_at": "2025-07-12T14:10:52.676981+00:00", "symbol": "ADA-USD"}, {"trade_id": 143215694, "side": "sell", "size": "9687.26886423", "price": "0.71510000", "time": "2025-07-12T14:10:35.188375Z", "fetched_at": "2025-07-12T14:10:52.676981+00:00", "symbol": "ADA-USD"}, {"trade_id": 143215693, "side": "sell", "size": "783.13113577", "price": "0.71510000", "time": "2025-07-12T14:10:35.181464Z", "fetched_at": "2025-07-12T14:10:52.676981+00:00", "symbol": "ADA-USD"}, {"trade_id": 143215692, "side": "sell", "size": "269.86886423", "price": "0.71510000", "time": "2025-07-12T14:10:35.181464Z", "fetched_at": "2025-07-12T14:10:52.676981+00:00", "symbol": "ADA-USD"}, {"trade_id": 143215691, "side": "sell", "size": "2643.96226497", "price": "0.71550000", "time": "2025-07-12T14:10:35.054970Z", "fetched_at": "2025-07-12T14:10:52.676981+00:00", "symbol": "ADA-USD"}, {"trade_id": 143215690, "side": "sell", "size": "5951.20707682", "price": "0.71550000", "time": "2025-07-12T14:10:35.054970Z", "fetched_at": "2025-07-12T14:10:52.676981+00:00", "symbol": "ADA-USD"}, {"trade_id": 143215689, "side": "sell", "size": "351.00000000", "price": "0.71550000", "time": "2025-07-12T14:10:35.054970Z", "fetched_at": "2025-07-12T14:10:52.676981+00:00", "symbol": "ADA-USD"}, {"trade_id": 143215688, "side": "sell", "size": "150.48480372", "price": "0.71540000", "time": "2025-07-12T14:10:35.052370Z", "fetched_at": "2025-07-12T14:10:52.676981+00:00", "symbol": "ADA-USD"}, {"trade_id": 143215687, "side": "sell", "size": "37677.22827266", "price": "0.71540000", "time": "2025-07-12T14:10:35.052370Z", "fetched_at": "2025-07-12T14:10:52.676981+00:00", "symbol": "ADA-USD"}, {"trade_id": 143215686, "side": "sell", "size": "10430.30341852", "price": "0.71540000", "time": "2025-07-12T14:10:35.051812Z", "fetched_at": "2025-07-12T14:10:52.676981+00:00", "symbol": "ADA-USD"}, {"trade_id": 143215685, "side": "sell", "size": "12344.15013341", "price": "0.71540000", "time": "2025-07-12T14:10:35.051679Z", "fetched_at": "2025-07-12T14:10:52.676981+00:00", "symbol": "ADA-USD"}, {"trade_id": 143215684, "side": "sell", "size": "2391.54714480", "price": "0.71540000", "time": "2025-07-12T14:10:35.048021Z", "fetched_at": "2025-07-12T14:10:52.676981+00:00", "symbol": "ADA-USD"}, {"trade_id": 143215683, "side": "sell", "size": "6134.88117877", "price": "0.71540000", "time": "2025-07-12T14:10:35.034413Z", "fetched_at": "2025-07-12T14:10:52.676981+00:00", "symbol": "ADA-USD"}, {"trade_id": 143215682, "side": "sell", "size": "1.60000000", "price": "0.71540000", "time": "2025-07-12T14:10:35.034413Z", "fetched_at": "2025-07-12T14:10:52.676981+00:00", "symbol": "ADA-USD"}, {"trade_id": 143215681, "side": "sell", "size": "1431.02771000", "price": "0.71540000", "time": "2025-07-12T14:10:35.034413Z", "fetched_at": "2025-07-12T14:10:52.676981+00:00", "symbol": "ADA-USD"}, {"trade_id": 143215680, "side": "sell", "size": "351.00000000", "price": "0.71540000", "time": "2025-07-12T14:10:35.034413Z", "fetched_at": "2025-07-12T14:10:52.676981+00:00", "symbol": "ADA-USD"}, {"trade_id": 143215679, "side": "sell", "size": "741.90000000", "price": "0.71480000", "time": "2025-07-12T14:10:35.031340Z", "fetched_at": "2025-07-12T14:10:52.676981+00:00", "symbol": "ADA-USD"}, {"trade_id": 143215678, "side": "sell", "size": "101.34278527", "price": "0.71530000", "time": "2025-07-12T14:10:35.025204Z", "fetched_at": "2025-07-12T14:10:52.676981+00:00", "symbol": "ADA-USD"}, {"trade_id": 143215677, "side": "sell", "size": "274.31079413", "price": "0.71530000", "time": "2025-07-12T14:10:35.025204Z", "fetched_at": "2025-07-12T14:10:52.676981+00:00", "symbol": "ADA-USD"}, {"trade_id": 143215676, "side": "sell", "size": "351.00000000", "price": "0.71530000", "time": "2025-07-12T14:10:35.025204Z", "fetched_at": "2025-07-12T14:10:52.676981+00:00", "symbol": "ADA-USD"}, {"trade_id": 143215675, "side": "sell", "size": "1.60000000", "price": "0.71520000", "time": "2025-07-12T14:10:35.025204Z", "fetched_at": "2025-07-12T14:10:52.676981+00:00", "symbol": "ADA-USD"}, {"trade_id": 143215674, "side": "sell", "size": "500.00000000", "price": "0.71520000", "time": "2025-07-12T14:10:35.025204Z", "fetched_at": "2025-07-12T14:10:52.676981+00:00", "symbol": "ADA-USD"}, {"trade_id": 143215673, "side": "sell", "size": "9749.32381000", "price": "0.71520000", "time": "2025-07-12T14:10:35.025204Z", "fetched_at": "2025-07-12T14:10:52.676981+00:00", "symbol": "ADA-USD"}, {"trade_id": 143215672, "side": "sell", "size": "530.67619000", "price": "0.71520000", "time": "2025-07-12T14:10:35.020275Z", "fetched_at": "2025-07-12T14:10:52.676981+00:00", "symbol": "ADA-USD"}, {"trade_id": 143215671, "side": "sell", "size": "711.71373179", "price": "0.71520000", "time": "2025-07-12T14:10:35.020275Z", "fetched_at": "2025-07-12T14:10:52.676981+00:00", "symbol": "ADA-USD"}, {"trade_id": 143215670, "side": "sell", "size": "351.00000000", "price": "0.71520000", "time": "2025-07-12T14:10:35.020275Z", "fetched_at": "2025-07-12T14:10:52.676981+00:00", "symbol": "ADA-USD"}, {"trade_id": 143215669, "side": "sell", "size": "1431.02771000", "price": "0.71520000", "time": "2025-07-12T14:10:35.020275Z", "fetched_at": "2025-07-12T14:10:52.676981+00:00", "symbol": "ADA-USD"}, {"trade_id": 143215668, "side": "sell", "size": "274.31079413", "price": "0.71510000", "time": "2025-07-12T14:10:35.020275Z", "fetched_at": "2025-07-12T14:10:52.676981+00:00", "symbol": "ADA-USD"}, {"trade_id": 143215667, "side": "sell", "size": "1431.02771000", "price": "0.71510000", "time": "2025-07-12T14:10:35.020275Z", "fetched_at": "2025-07-12T14:10:52.676981+00:00", "symbol": "ADA-USD"}, {"trade_id": 143215666, "side": "sell", "size": "351.00000000", "price": "0.71510000", "time": "2025-07-12T14:10:35.020275Z", "fetched_at": "2025-07-12T14:10:52.676981+00:00", "symbol": "ADA-USD"}, {"trade_id": 143215665, "side": "sell", "size": "699.30209300", "price": "0.71500000", "time": "2025-07-12T14:10:35.020275Z", "fetched_at": "2025-07-12T14:10:52.676981+00:00", "symbol": "ADA-USD"}, {"trade_id": 143215664, "side": "sell", "size": "1.60000000", "price": "0.71500000", "time": "2025-07-12T14:10:35.020275Z", "fetched_at": "2025-07-12T14:10:52.676981+00:00", "symbol": "ADA-USD"}, {"trade_id": 143215663, "side": "sell", "size": "1430.42713000", "price": "0.71500000", "time": "2025-07-12T14:10:35.020275Z", "fetched_at": "2025-07-12T14:10:52.676981+00:00", "symbol": "ADA-USD"}, {"trade_id": 143215662, "side": "sell", "size": "351.00000000", "price": "0.71500000", "time": "2025-07-12T14:10:35.020275Z", "fetched_at": "2025-07-12T14:10:52.676981+00:00", "symbol": "ADA-USD"}, {"trade_id": 143215661, "side": "sell", "size": "4461.33227287", "price": "0.71490000", "time": "2025-07-12T14:10:35.020275Z", "fetched_at": "2025-07-12T14:10:52.676981+00:00", "symbol": "ADA-USD"}, {"trade_id": 143215660, "side": "sell", "size": "10250.92381000", "price": "0.71470000", "time": "2025-07-12T14:10:35.020275Z", "fetched_at": "2025-07-12T14:10:52.676981+00:00", "symbol": "ADA-USD"}, {"trade_id": 143215659, "side": "sell", "size": "221.87619000", "price": "0.71470000", "time": "2025-07-12T14:10:35.019564Z", "fetched_at": "2025-07-12T14:10:52.676981+00:00", "symbol": "ADA-USD"}, {"trade_id": 143215658, "side": "sell", "size": "826.30300316", "price": "0.71490000", "time": "2025-07-12T14:10:35.012277Z", "fetched_at": "2025-07-12T14:10:52.676981+00:00", "symbol": "ADA-USD"}, {"trade_id": 143215657, "side": "sell", "size": "2068.85349232", "price": "0.71490000", "time": "2025-07-12T14:10:35.011392Z", "fetched_at": "2025-07-12T14:10:52.676981+00:00", "symbol": "ADA-USD"}, {"trade_id": 143215656, "side": "sell", "size": "1643.51123165", "price": "0.71490000", "time": "2025-07-12T14:10:35.011027Z", "fetched_at": "2025-07-12T14:10:52.676981+00:00", "symbol": "ADA-USD"}, {"trade_id": 143215655, "side": "sell", "size": "826.30300316", "price": "0.71490000", "time": "2025-07-12T14:10:35.011027Z", "fetched_at": "2025-07-12T14:10:52.676981+00:00", "symbol": "ADA-USD"}, {"trade_id": 143215654, "side": "sell", "size": "12.51498819", "price": "0.71460000", "time": "2025-07-12T14:10:35.011027Z", "fetched_at": "2025-07-12T14:10:52.676981+00:00", "symbol": "ADA-USD"}, {"trade_id": 143215653, "side": "sell", "size": "666.89594227", "price": "0.71490000", "time": "2025-07-12T14:10:35.005120Z", "fetched_at": "2025-07-12T14:10:52.676981+00:00", "symbol": "ADA-USD"}, {"trade_id": 143215652, "side": "sell", "size": "274.31079413", "price": "0.71490000", "time": "2025-07-12T14:10:35.005120Z", "fetched_at": "2025-07-12T14:10:52.676981+00:00", "symbol": "ADA-USD"}, {"trade_id": 143215651, "side": "sell", "size": "1430.42713000", "price": "0.71490000", "time": "2025-07-12T14:10:35.005120Z", "fetched_at": "2025-07-12T14:10:52.676981+00:00", "symbol": "ADA-USD"}, {"trade_id": 143215650, "side": "sell", "size": "351.00000000", "price": "0.71490000", "time": "2025-07-12T14:10:35.005120Z", "fetched_at": "2025-07-12T14:10:52.676981+00:00", "symbol": "ADA-USD"}, {"trade_id": 143215649, "side": "sell", "size": "1.60000000", "price": "0.71480000", "time": "2025-07-12T14:10:34.998060Z", "fetched_at": "2025-07-12T14:10:52.676981+00:00", "symbol": "ADA-USD"}, {"trade_id": 143215648, "side": "sell", "size": "1430.42713000", "price": "0.71480000", "time": "2025-07-12T14:10:34.998060Z", "fetched_at": "2025-07-12T14:10:52.676981+00:00", "symbol": "ADA-USD"}, {"trade_id": 143215647, "side": "sell", "size": "351.00000000", "price": "0.71480000", "time": "2025-07-12T14:10:34.998060Z", "fetched_at": "2025-07-12T14:10:52.676981+00:00", "symbol": "ADA-USD"}, {"trade_id": 143215646, "side": "sell", "size": "641.57941760", "price": "0.71480000", "time": "2025-07-12T14:10:34.998060Z", "fetched_at": "2025-07-12T14:10:52.676981+00:00", "symbol": "ADA-USD"}, {"trade_id": 143215645, "side": "sell", "size": "36.95848616", "price": "0.71470000", "time": "2025-07-12T14:10:34.998060Z", "fetched_at": "2025-07-12T14:10:52.676981+00:00", "symbol": "ADA-USD"}, {"trade_id": 143215644, "side": "sell", "size": "1573.37323000", "price": "0.71470000", "time": "2025-07-12T14:10:34.998060Z", "fetched_at": "2025-07-12T14:10:52.676981+00:00", "symbol": "ADA-USD"}, {"trade_id": 143215643, "side": "sell", "size": "1573.52369000", "price": "0.71470000", "time": "2025-07-12T14:10:34.998060Z", "fetched_at": "2025-07-12T14:10:52.676981+00:00", "symbol": "ADA-USD"}, {"trade_id": 143215642, "side": "sell", "size": "1572.88831000", "price": "0.71470000", "time": "2025-07-12T14:10:34.998060Z", "fetched_at": "2025-07-12T14:10:52.676981+00:00", "symbol": "ADA-USD"}, {"trade_id": 143215641, "side": "sell", "size": "1430.42713000", "price": "0.71470000", "time": "2025-07-12T14:10:34.998060Z", "fetched_at": "2025-07-12T14:10:52.676981+00:00", "symbol": "ADA-USD"}, {"trade_id": 143215640, "side": "sell", "size": "838.87628288", "price": "0.71470000", "time": "2025-07-12T14:10:34.998060Z", "fetched_at": "2025-07-12T14:10:52.676981+00:00", "symbol": "ADA-USD"}, {"trade_id": 143215639, "side": "sell", "size": "10472.80000000", "price": "0.71460000", "time": "2025-07-12T14:10:34.985788Z", "fetched_at": "2025-07-12T14:10:52.676981+00:00", "symbol": "ADA-USD"}, {"trade_id": 143215638, "side": "sell", "size": "823.30000000", "price": "0.71460000", "time": "2025-07-12T14:10:34.985788Z", "fetched_at": "2025-07-12T14:10:52.676981+00:00", "symbol": "ADA-USD"}, {"trade_id": 143215637, "side": "sell", "size": "127.77168000", "price": "0.71460000", "time": "2025-07-12T14:10:34.985788Z", "fetched_at": "2025-07-12T14:10:52.676981+00:00", "symbol": "ADA-USD"}, {"trade_id": 143215636, "side": "sell", "size": "129.06228000", "price": "0.71460000", "time": "2025-07-12T14:10:34.985788Z", "fetched_at": "2025-07-12T14:10:52.676981+00:00", "symbol": "ADA-USD"}, {"trade_id": 143215635, "side": "sell", "size": "1443.02403000", "price": "0.71450000", "time": "2025-07-12T14:10:34.985788Z", "fetched_at": "2025-07-12T14:10:52.676981+00:00", "symbol": "ADA-USD"}, {"trade_id": 143215634, "side": "sell", "size": "613.26707366", "price": "0.71450000", "time": "2025-07-12T14:10:34.976389Z", "fetched_at": "2025-07-12T14:10:52.676981+00:00", "symbol": "ADA-USD"}, {"trade_id": 143215633, "side": "sell", "size": "129.06228000", "price": "0.71450000", "time": "2025-07-12T14:10:34.976389Z", "fetched_at": "2025-07-12T14:10:52.676981+00:00", "symbol": "ADA-USD"}, {"trade_id": 143215632, "side": "sell", "size": "400.00000000", "price": "0.71450000", "time": "2025-07-12T14:10:34.976389Z", "fetched_at": "2025-07-12T14:10:52.676981+00:00", "symbol": "ADA-USD"}, {"trade_id": 143215631, "side": "sell", "size": "83.51474570", "price": "0.71450000", "time": "2025-07-12T14:10:34.976389Z", "fetched_at": "2025-07-12T14:10:52.676981+00:00", "symbol": "ADA-USD"}, {"trade_id": 143215630, "side": "sell", "size": "44.25693430", "price": "0.71450000", "time": "2025-07-12T14:10:34.975889Z", "fetched_at": "2025-07-12T14:10:52.676981+00:00", "symbol": "ADA-USD"}, {"trade_id": 143215629, "side": "sell", "size": "129.20452000", "price": "0.71450000", "time": "2025-07-12T14:10:34.975889Z", "fetched_at": "2025-07-12T14:10:52.676981+00:00", "symbol": "ADA-USD"}, {"trade_id": 143215628, "side": "sell", "size": "129.06228000", "price": "0.71440000", "time": "2025-07-12T14:10:34.975889Z", "fetched_at": "2025-07-12T14:10:52.676981+00:00", "symbol": "ADA-USD"}, {"trade_id": 143215627, "side": "sell", "size": "1020.01319936", "price": "0.71440000", "time": "2025-07-12T14:10:34.975889Z", "fetched_at": "2025-07-12T14:10:52.676981+00:00", "symbol": "ADA-USD"}, {"trade_id": 143215626, "side": "sell", "size": "127.77168000", "price": "0.71440000", "time": "2025-07-12T14:10:34.975889Z", "fetched_at": "2025-07-12T14:10:52.676981+00:00", "symbol": "ADA-USD"}, {"trade_id": 143215625, "side": "sell", "size": "193.80678000", "price": "0.71440000", "time": "2025-07-12T14:10:34.975889Z", "fetched_at": "2025-07-12T14:10:52.676981+00:00", "symbol": "ADA-USD"}, {"trade_id": 143215624, "side": "buy", "size": "13.99776036", "price": "0.71440000", "time": "2025-07-12T14:10:34.969910Z", "fetched_at": "2025-07-12T14:10:52.676981+00:00", "symbol": "ADA-USD"}, {"trade_id": 143215623, "side": "buy", "size": "699.79006298", "price": "0.71450000", "time": "2025-07-12T14:10:34.953672Z", "fetched_at": "2025-07-12T14:10:52.676981+00:00", "symbol": "ADA-USD"}, {"trade_id": 143215622, "side": "buy", "size": "13.99580126", "price": "0.71450000", "time": "2025-07-12T14:10:34.953672Z", "fetched_at": "2025-07-12T14:10:52.676981+00:00", "symbol": "ADA-USD"}, {"trade_id": 143215621, "side": "sell", "size": "0.05138705", "price": "0.71460000", "time": "2025-07-12T14:10:30.328196Z", "fetched_at": "2025-07-12T14:10:52.676981+00:00", "symbol": "ADA-USD"}, {"trade_id": 143215620, "side": "sell", "size": "887.61034162", "price": "0.71450000", "time": "2025-07-12T14:10:29.828040Z", "fetched_at": "2025-07-12T14:10:52.676981+00:00", "symbol": "ADA-USD"}, {"trade_id": 143215619, "side": "sell", "size": "193.59342000", "price": "0.71470000", "time": "2025-07-12T14:10:29.808860Z", "fetched_at": "2025-07-12T14:10:52.676981+00:00", "symbol": "ADA-USD"}, {"trade_id": 143215618, "side": "buy", "size": "790.31875199", "price": "0.71460000", "time": "2025-07-12T14:10:29.805762Z", "fetched_at": "2025-07-12T14:10:52.676981+00:00", "symbol": "ADA-USD"}, {"trade_id": 143215617, "side": "buy", "size": "207.22745085", "price": "0.71470000", "time": "2025-07-12T14:10:29.803363Z", "fetched_at": "2025-07-12T14:10:52.676981+00:00", "symbol": "ADA-USD"}, {"trade_id": 143215616, "side": "buy", "size": "461.02128852", "price": "0.71470000", "time": "2025-07-12T14:10:29.801386Z", "fetched_at": "2025-07-12T14:10:52.676981+00:00", "symbol": "ADA-USD"}, {"trade_id": 143215615, "side": "buy", "size": "801.40836864", "price": "0.71470000", "time": "2025-07-12T14:10:29.801386Z", "fetched_at": "2025-07-12T14:10:52.676981+00:00", "symbol": "ADA-USD"}, {"trade_id": 143215614, "side": "buy", "size": "13.98992726", "price": "0.71480000", "time": "2025-07-12T14:10:29.801386Z", "fetched_at": "2025-07-12T14:10:52.676981+00:00", "symbol": "ADA-USD"}, {"trade_id": 143215613, "side": "sell", "size": "129.20452000", "price": "0.71490000", "time": "2025-07-12T14:10:29.547842Z", "fetched_at": "2025-07-12T14:10:52.676981+00:00", "symbol": "ADA-USD"}, {"trade_id": 143215612, "side": "sell", "size": "129.06228000", "price": "0.71490000", "time": "2025-07-12T14:10:29.547842Z", "fetched_at": "2025-07-12T14:10:52.676981+00:00", "symbol": "ADA-USD"}, {"trade_id": 143215611, "side": "sell", "size": "351.00000000", "price": "0.71490000", "time": "2025-07-12T14:10:29.547842Z", "fetched_at": "2025-07-12T14:10:52.676981+00:00", "symbol": "ADA-USD"}, {"trade_id": 143215610, "side": "sell", "size": "1148.73104329", "price": "0.71490000", "time": "2025-07-12T14:10:29.525359Z", "fetched_at": "2025-07-12T14:10:52.676981+00:00", "symbol": "ADA-USD"}, {"trade_id": 143215609, "side": "sell", "size": "295.58812671", "price": "0.71490000", "time": "2025-07-12T14:10:29.522189Z", "fetched_at": "2025-07-12T14:10:52.676981+00:00", "symbol": "ADA-USD"}, {"trade_id": 143215608, "side": "sell", "size": "1574.46939000", "price": "0.71490000", "time": "2025-07-12T14:10:29.522189Z", "fetched_at": "2025-07-12T14:10:52.676981+00:00", "symbol": "ADA-USD"}, {"trade_id": 143215607, "side": "sell", "size": "252.33748648", "price": "0.71490000", "time": "2025-07-12T14:10:29.522189Z", "fetched_at": "2025-07-12T14:10:52.676981+00:00", "symbol": "ADA-USD"}, {"trade_id": 143215606, "side": "sell", "size": "412.94483693", "price": "0.71490000", "time": "2025-07-12T14:10:29.522025Z", "fetched_at": "2025-07-12T14:10:52.676981+00:00", "symbol": "ADA-USD"}, {"trade_id": 143215605, "side": "sell", "size": "631.32003307", "price": "0.71490000", "time": "2025-07-12T14:10:29.522025Z", "fetched_at": "2025-07-12T14:10:52.676981+00:00", "symbol": "ADA-USD"}, {"trade_id": 143215604, "side": "sell", "size": "129.20452000", "price": "0.71490000", "time": "2025-07-12T14:10:29.522025Z", "fetched_at": "2025-07-12T14:10:52.676981+00:00", "symbol": "ADA-USD"}, {"trade_id": 143215603, "side": "sell", "size": "351.00000000", "price": "0.71490000", "time": "2025-07-12T14:10:29.522025Z", "fetched_at": "2025-07-12T14:10:52.676981+00:00", "symbol": "ADA-USD"}, {"trade_id": 143215602, "side": "sell", "size": "50.00000000", "price": "0.71480000", "time": "2025-07-12T14:10:29.522025Z", "fetched_at": "2025-07-12T14:10:52.676981+00:00", "symbol": "ADA-USD"}, {"trade_id": 143215601, "side": "sell", "size": "89.15975329", "price": "0.71480000", "time": "2025-07-12T14:10:29.508730Z", "fetched_at": "2025-07-12T14:10:52.676981+00:00", "symbol": "ADA-USD"}, {"trade_id": 143215600, "side": "sell", "size": "1.29060000", "price": "0.71480000", "time": "2025-07-12T14:10:29.508730Z", "fetched_at": "2025-07-12T14:10:52.676981+00:00", "symbol": "ADA-USD"}, {"trade_id": 143215599, "side": "sell", "size": "127.77168000", "price": "0.71480000", "time": "2025-07-12T14:10:29.496314Z", "fetched_at": "2025-07-12T14:10:52.676981+00:00", "symbol": "ADA-USD"}, {"trade_id": 143215598, "side": "sell", "size": "351.00000000", "price": "0.71490000", "time": "2025-07-12T14:10:29.482489Z", "fetched_at": "2025-07-12T14:10:52.676981+00:00", "symbol": "ADA-USD"}, {"trade_id": 143215597, "side": "sell", "size": "127.77168000", "price": "0.71490000", "time": "2025-07-12T14:10:29.472549Z", "fetched_at": "2025-07-12T14:10:52.676981+00:00", "symbol": "ADA-USD"}, {"trade_id": 143215596, "side": "sell", "size": "193.80678000", "price": "0.71480000", "time": "2025-07-12T14:10:29.472549Z", "fetched_at": "2025-07-12T14:10:52.676981+00:00", "symbol": "ADA-USD"}, {"trade_id": 143215595, "side": "sell", "size": "193.80678000", "price": "0.71500000", "time": "2025-07-12T14:10:29.462524Z", "fetched_at": "2025-07-12T14:10:52.676981+00:00", "symbol": "ADA-USD"}, {"trade_id": 143215594, "side": "sell", "size": "193.59342000", "price": "0.71500000", "time": "2025-07-12T14:10:29.462524Z", "fetched_at": "2025-07-12T14:10:52.676981+00:00", "symbol": "ADA-USD"}, {"trade_id": 143215593, "side": "buy", "size": "31.90748880", "price": "0.71490000", "time": "2025-07-12T14:10:29.455521Z", "fetched_at": "2025-07-12T14:10:52.676981+00:00", "symbol": "ADA-USD"}, {"trade_id": 143215592, "side": "buy", "size": "51.00300000", "price": "0.71490000", "time": "2025-07-12T14:10:29.455040Z", "fetched_at": "2025-07-12T14:10:52.676981+00:00", "symbol": "ADA-USD"}, {"trade_id": 143215591, "side": "buy", "size": "50.00000000", "price": "0.71510000", "time": "2025-07-12T14:10:29.451126Z", "fetched_at": "2025-07-12T14:10:52.676981+00:00", "symbol": "ADA-USD"}, {"trade_id": 143215590, "side": "buy", "size": "50.00000000", "price": "0.71510000", "time": "2025-07-12T14:10:29.450848Z", "fetched_at": "2025-07-12T14:10:52.676981+00:00", "symbol": "ADA-USD"}, {"trade_id": 143215589, "side": "buy", "size": "51.00300000", "price": "0.71500000", "time": "2025-07-12T14:10:29.447606Z", "fetched_at": "2025-07-12T14:10:52.676981+00:00", "symbol": "ADA-USD"}, {"trade_id": 143215588, "side": "sell", "size": "987.33466000", "price": "0.71560000", "time": "2025-07-12T14:10:29.443147Z", "fetched_at": "2025-07-12T14:10:52.676981+00:00", "symbol": "ADA-USD"}, {"trade_id": 143215587, "side": "sell", "size": "351.00000000", "price": "0.71560000", "time": "2025-07-12T14:10:29.443147Z", "fetched_at": "2025-07-12T14:10:52.676981+00:00", "symbol": "ADA-USD"}, {"trade_id": 143215586, "side": "sell", "size": "1.60000000", "price": "0.71560000", "time": "2025-07-12T14:10:29.443147Z", "fetched_at": "2025-07-12T14:10:52.676981+00:00", "symbol": "ADA-USD"}, {"trade_id": 143215585, "side": "sell", "size": "400.00000000", "price": "0.71550000", "time": "2025-07-12T14:10:29.443147Z", "fetched_at": "2025-07-12T14:10:52.676981+00:00", "symbol": "ADA-USD"}, {"trade_id": 143215584, "side": "sell", "size": "51.00306000", "price": "0.71550000", "time": "2025-07-12T14:10:29.443147Z", "fetched_at": "2025-07-12T14:10:52.676981+00:00", "symbol": "ADA-USD"}, {"trade_id": 143215583, "side": "sell", "size": "129.06228000", "price": "0.71550000", "time": "2025-07-12T14:10:29.443147Z", "fetched_at": "2025-07-12T14:10:52.676981+00:00", "symbol": "ADA-USD"}, {"trade_id": 143215582, "side": "buy", "size": "51.00306000", "price": "0.71500000", "time": "2025-07-12T14:10:29.440886Z", "fetched_at": "2025-07-12T14:10:52.676981+00:00", "symbol": "ADA-USD"}, {"trade_id": 143215581, "side": "buy", "size": "1369.46340000", "price": "0.71480000", "time": "2025-07-12T14:10:29.440557Z", "fetched_at": "2025-07-12T14:10:52.676981+00:00", "symbol": "ADA-USD"}, {"trade_id": 143215580, "side": "buy", "size": "0.00008032", "price": "0.71480000", "time": "2025-07-12T14:10:29.440557Z", "fetched_at": "2025-07-12T14:10:52.676981+00:00", "symbol": "ADA-USD"}, {"trade_id": 143215579, "side": "sell", "size": "478.44486700", "price": "0.71550000", "time": "2025-07-12T14:10:29.439675Z", "fetched_at": "2025-07-12T14:10:52.676981+00:00", "symbol": "ADA-USD"}, {"trade_id": 143215578, "side": "sell", "size": "1.60000000", "price": "0.71550000", "time": "2025-07-12T14:10:29.439675Z", "fetched_at": "2025-07-12T14:10:52.676981+00:00", "symbol": "ADA-USD"}, {"trade_id": 143215577, "side": "sell", "size": "351.00000000", "price": "0.71550000", "time": "2025-07-12T14:10:29.439675Z", "fetched_at": "2025-07-12T14:10:52.676981+00:00", "symbol": "ADA-USD"}, {"trade_id": 143215576, "side": "sell", "size": "8.70324300", "price": "0.71550000", "time": "2025-07-12T14:10:29.439675Z", "fetched_at": "2025-07-12T14:10:52.676981+00:00", "symbol": "ADA-USD"}, {"trade_id": 143215575, "side": "sell", "size": "129.22418000", "price": "0.71540000", "time": "2025-07-12T14:10:29.439675Z", "fetched_at": "2025-07-12T14:10:52.676981+00:00", "symbol": "ADA-USD"}, {"trade_id": 143215574, "side": "sell", "size": "1431.02771000", "price": "0.71540000", "time": "2025-07-12T14:10:29.439675Z", "fetched_at": "2025-07-12T14:10:52.676981+00:00", "symbol": "ADA-USD"}, {"trade_id": 143215573, "side": "buy", "size": "399.99991968", "price": "0.71480000", "time": "2025-07-12T14:10:29.439429Z", "fetched_at": "2025-07-12T14:10:52.676981+00:00", "symbol": "ADA-USD"}, {"trade_id": 143215572, "side": "buy", "size": "969.46348032", "price": "0.71480000", "time": "2025-07-12T14:10:29.439429Z", "fetched_at": "2025-07-12T14:10:52.676981+00:00", "symbol": "ADA-USD"}, {"trade_id": 143215571, "side": "buy", "size": "351.00000000", "price": "0.71530000", "time": "2025-07-12T14:10:29.438268Z", "fetched_at": "2025-07-12T14:10:52.676981+00:00", "symbol": "ADA-USD"}, {"trade_id": 143215570, "side": "buy", "size": "360.39616775", "price": "0.71490000", "time": "2025-07-12T14:10:29.437539Z", "fetched_at": "2025-07-12T14:10:52.676981+00:00", "symbol": "ADA-USD"}, {"trade_id": 143215569, "side": "buy", "size": "50.00000000", "price": "0.71500000", "time": "2025-07-12T14:10:29.437539Z", "fetched_at": "2025-07-12T14:10:52.676981+00:00", "symbol": "ADA-USD"}, {"trade_id": 143215568, "side": "sell", "size": "351.00000000", "price": "0.71510000", "time": "2025-07-12T14:10:29.435831Z", "fetched_at": "2025-07-12T14:10:52.676981+00:00", "symbol": "ADA-USD"}, {"trade_id": 143215567, "side": "buy", "size": "400.00000000", "price": "0.71500000", "time": "2025-07-12T14:10:29.435480Z", "fetched_at": "2025-07-12T14:10:52.676981+00:00", "symbol": "ADA-USD"}, {"trade_id": 143215566, "side": "buy", "size": "39.60383225", "price": "0.71490000", "time": "2025-07-12T14:10:29.433026Z", "fetched_at": "2025-07-12T14:10:52.676981+00:00", "symbol": "ADA-USD"}, {"trade_id": 143215565, "side": "buy", "size": "51.00306000", "price": "0.71490000", "time": "2025-07-12T14:10:29.433026Z", "fetched_at": "2025-07-12T14:10:52.676981+00:00", "symbol": "ADA-USD"}, {"trade_id": 143215564, "side": "buy", "size": "602.77620736", "price": "0.71490000", "time": "2025-07-12T14:10:29.433026Z", "fetched_at": "2025-07-12T14:10:52.676981+00:00", "symbol": "ADA-USD"}, {"trade_id": 143215563, "side": "buy", "size": "611.39310775", "price": "0.71500000", "time": "2025-07-12T14:10:29.433026Z", "fetched_at": "2025-07-12T14:10:52.676981+00:00", "symbol": "ADA-USD"}, {"trade_id": 143215562, "side": "buy", "size": "69.93006000", "price": "0.71500000", "time": "2025-07-12T14:10:29.432453Z", "fetched_at": "2025-07-12T14:10:52.676981+00:00", "symbol": "ADA-USD"}, {"trade_id": 143215561, "side": "sell", "size": "71.87204645", "price": "0.71550000", "time": "2025-07-12T14:10:29.430576Z", "fetched_at": "2025-07-12T14:10:52.676981+00:00", "symbol": "ADA-USD"}, {"trade_id": 143215560, "side": "sell", "size": "1.60000000", "price": "0.71540000", "time": "2025-07-12T14:10:29.430576Z", "fetched_at": "2025-07-12T14:10:52.676981+00:00", "symbol": "ADA-USD"}, {"trade_id": 143215559, "side": "sell", "size": "351.00000000", "price": "0.71530000", "time": "2025-07-12T14:10:29.430576Z", "fetched_at": "2025-07-12T14:10:52.676981+00:00", "symbol": "ADA-USD"}, {"trade_id": 143215558, "side": "sell", "size": "707.51524355", "price": "0.71530000", "time": "2025-07-12T14:10:29.430576Z", "fetched_at": "2025-07-12T14:10:52.676981+00:00", "symbol": "ADA-USD"}, {"trade_id": 143215557, "side": "buy", "size": "163.14530201", "price": "0.71500000", "time": "2025-07-12T14:10:29.429992Z", "fetched_at": "2025-07-12T14:10:52.676981+00:00", "symbol": "ADA-USD"}, {"trade_id": 143215556, "side": "buy", "size": "351.00000000", "price": "0.71500000", "time": "2025-07-12T14:10:29.429992Z", "fetched_at": "2025-07-12T14:10:52.676981+00:00", "symbol": "ADA-USD"}, {"trade_id": 143215555, "side": "buy", "size": "51.00306000", "price": "0.71510000", "time": "2025-07-12T14:10:29.429992Z", "fetched_at": "2025-07-12T14:10:52.676981+00:00", "symbol": "ADA-USD"}, {"trade_id": 143215554, "side": "sell", "size": "279.86378592", "price": "0.71530000", "time": "2025-07-12T14:10:29.423374Z", "fetched_at": "2025-07-12T14:10:52.676981+00:00", "symbol": "ADA-USD"}, {"trade_id": 143215553, "side": "sell", "size": "50.00000000", "price": "0.71520000", "time": "2025-07-12T14:10:29.423374Z", "fetched_at": "2025-07-12T14:10:52.676981+00:00", "symbol": "ADA-USD"}, {"trade_id": 143215552, "side": "sell", "size": "274.31079413", "price": "0.71510000", "time": "2025-07-12T14:10:29.423374Z", "fetched_at": "2025-07-12T14:10:52.676981+00:00", "symbol": "ADA-USD"}, {"trade_id": 143215551, "side": "buy", "size": "35.71184895", "price": "0.71480000", "time": "2025-07-12T14:10:29.422482Z", "fetched_at": "2025-07-12T14:10:52.676981+00:00", "symbol": "ADA-USD"}, {"trade_id": 143215550, "side": "sell", "size": "274.31079413", "price": "0.71480000", "time": "2025-07-12T14:10:29.420813Z", "fetched_at": "2025-07-12T14:10:52.676981+00:00", "symbol": "ADA-USD"}, {"trade_id": 143215549, "side": "sell", "size": "53.84776067", "price": "0.71500000", "time": "2025-07-12T14:10:29.420349Z", "fetched_at": "2025-07-12T14:10:52.676981+00:00", "symbol": "ADA-USD"}, {"trade_id": 143215548, "side": "sell", "size": "0.00003690", "price": "0.71530000", "time": "2025-07-12T14:10:29.420216Z", "fetched_at": "2025-07-12T14:10:52.676981+00:00", "symbol": "ADA-USD"}, {"trade_id": 143215547, "side": "sell", "size": "499.99996310", "price": "0.71530000", "time": "2025-07-12T14:10:29.420108Z", "fetched_at": "2025-07-12T14:10:52.676981+00:00", "symbol": "ADA-USD"}, {"trade_id": 143215546, "side": "sell", "size": "5924.71061720", "price": "0.71530000", "time": "2025-07-12T14:10:29.420108Z", "fetched_at": "2025-07-12T14:10:52.676981+00:00", "symbol": "ADA-USD"}, {"trade_id": 143215545, "side": "sell", "size": "2221.24146389", "price": "0.71530000", "time": "2025-07-12T14:10:29.420108Z", "fetched_at": "2025-07-12T14:10:52.676981+00:00", "symbol": "ADA-USD"}, {"trade_id": 143215544, "side": "sell", "size": "668.24873937", "price": "0.71530000", "time": "2025-07-12T14:10:29.420108Z", "fetched_at": "2025-07-12T14:10:52.676981+00:00", "symbol": "ADA-USD"}, {"trade_id": 143215543, "side": "sell", "size": "1.60000000", "price": "0.71530000", "time": "2025-07-12T14:10:29.420108Z", "fetched_at": "2025-07-12T14:10:52.676981+00:00", "symbol": "ADA-USD"}, {"trade_id": 143215542, "side": "sell", "size": "351.00000000", "price": "0.71530000", "time": "2025-07-12T14:10:29.420108Z", "fetched_at": "2025-07-12T14:10:52.676981+00:00", "symbol": "ADA-USD"}, {"trade_id": 143215541, "side": "sell", "size": "112.27872900", "price": "0.71530000", "time": "2025-07-12T14:10:29.420108Z", "fetched_at": "2025-07-12T14:10:52.676981+00:00", "symbol": "ADA-USD"}, {"trade_id": 143215540, "side": "sell", "size": "0.05566744", "price": "0.71530000", "time": "2025-07-12T14:10:29.420108Z", "fetched_at": "2025-07-12T14:10:52.676981+00:00", "symbol": "ADA-USD"}, {"trade_id": 143215539, "side": "sell", "size": "1492.88546770", "price": "0.71510000", "time": "2025-07-12T14:10:29.419973Z", "fetched_at": "2025-07-12T14:10:52.676981+00:00", "symbol": "ADA-USD"}, {"trade_id": 143215538, "side": "sell", "size": "614.00875582", "price": "0.71500000", "time": "2025-07-12T14:10:29.419180Z", "fetched_at": "2025-07-12T14:10:52.676981+00:00", "symbol": "ADA-USD"}, {"trade_id": 143215537, "side": "sell", "size": "4200.21001050", "price": "0.71520000", "time": "2025-07-12T14:10:29.416514Z", "fetched_at": "2025-07-12T14:10:52.676981+00:00", "symbol": "ADA-USD"}, {"trade_id": 143215536, "side": "sell", "size": "846.19546143", "price": "0.71520000", "time": "2025-07-12T14:10:29.416514Z", "fetched_at": "2025-07-12T14:10:52.676981+00:00", "symbol": "ADA-USD"}, {"trade_id": 143215535, "side": "sell", "size": "394.78249207", "price": "0.71520000", "time": "2025-07-12T14:10:29.416514Z", "fetched_at": "2025-07-12T14:10:52.676981+00:00", "symbol": "ADA-USD"}, {"trade_id": 143215534, "side": "sell", "size": "668.24873937", "price": "0.71520000", "time": "2025-07-12T14:10:29.416514Z", "fetched_at": "2025-07-12T14:10:52.676981+00:00", "symbol": "ADA-USD"}, {"trade_id": 143215533, "side": "sell", "size": "274.31079413", "price": "0.71520000", "time": "2025-07-12T14:10:29.416514Z", "fetched_at": "2025-07-12T14:10:52.676981+00:00", "symbol": "ADA-USD"}, {"trade_id": 143215532, "side": "sell", "size": "351.00000000", "price": "0.71520000", "time": "2025-07-12T14:10:29.416514Z", "fetched_at": "2025-07-12T14:10:52.676981+00:00", "symbol": "ADA-USD"}, {"trade_id": 143215531, "side": "sell", "size": "1.60000000", "price": "0.71520000", "time": "2025-07-12T14:10:29.416514Z", "fetched_at": "2025-07-12T14:10:52.676981+00:00", "symbol": "ADA-USD"}, {"trade_id": 143215530, "side": "sell", "size": "112.84947600", "price": "0.71520000", "time": "2025-07-12T14:10:29.416514Z", "fetched_at": "2025-07-12T14:10:52.676981+00:00", "symbol": "ADA-USD"}, {"trade_id": 143215529, "side": "sell", "size": "8.04372053", "price": "0.71520000", "time": "2025-07-12T14:10:29.416514Z", "fetched_at": "2025-07-12T14:10:52.676981+00:00", "symbol": "ADA-USD"}, {"trade_id": 143215528, "side": "sell", "size": "10.91181434", "price": "0.71520000", "time": "2025-07-12T14:10:29.416514Z", "fetched_at": "2025-07-12T14:10:52.676981+00:00", "symbol": "ADA-USD"}, {"trade_id": 143215527, "side": "sell", "size": "2088.06585781", "price": "0.71510000", "time": "2025-07-12T14:10:29.416514Z", "fetched_at": "2025-07-12T14:10:52.676981+00:00", "symbol": "ADA-USD"}, {"trade_id": 143215526, "side": "sell", "size": "704.57630178", "price": "0.71510000", "time": "2025-07-12T14:10:29.416514Z", "fetched_at": "2025-07-12T14:10:52.676981+00:00", "symbol": "ADA-USD"}, {"trade_id": 143215525, "side": "sell", "size": "891.87283529", "price": "0.71510000", "time": "2025-07-12T14:10:29.416514Z", "fetched_at": "2025-07-12T14:10:52.676981+00:00", "symbol": "ADA-USD"}, {"trade_id": 143215524, "side": "sell", "size": "668.24873937", "price": "0.71510000", "time": "2025-07-12T14:10:29.416514Z", "fetched_at": "2025-07-12T14:10:52.676981+00:00", "symbol": "ADA-USD"}, {"trade_id": 143215523, "side": "sell", "size": "1.60000000", "price": "0.71510000", "time": "2025-07-12T14:10:29.416514Z", "fetched_at": "2025-07-12T14:10:52.676981+00:00", "symbol": "ADA-USD"}, {"trade_id": 143215522, "side": "sell", "size": "351.00000000", "price": "0.71510000", "time": "2025-07-12T14:10:29.416514Z", "fetched_at": "2025-07-12T14:10:52.676981+00:00", "symbol": "ADA-USD"}, {"trade_id": 143215521, "side": "sell", "size": "113.42605600", "price": "0.71510000", "time": "2025-07-12T14:10:29.416514Z", "fetched_at": "2025-07-12T14:10:52.676981+00:00", "symbol": "ADA-USD"}, {"trade_id": 143215520, "side": "sell", "size": "279.96205577", "price": "0.71500000", "time": "2025-07-12T14:10:29.416514Z", "fetched_at": "2025-07-12T14:10:52.676981+00:00", "symbol": "ADA-USD"}, {"trade_id": 143215519, "side": "sell", "size": "274.31079413", "price": "0.71500000", "time": "2025-07-12T14:10:29.416514Z", "fetched_at": "2025-07-12T14:10:52.676981+00:00", "symbol": "ADA-USD"}, {"trade_id": 143215518, "side": "sell", "size": "459.72712033", "price": "0.71500000", "time": "2025-07-12T14:10:29.416514Z", "fetched_at": "2025-07-12T14:10:52.676981+00:00", "symbol": "ADA-USD"}, {"trade_id": 143215517, "side": "sell", "size": "315.98005928", "price": "0.71500000", "time": "2025-07-12T14:10:29.416514Z", "fetched_at": "2025-07-12T14:10:52.676981+00:00", "symbol": "ADA-USD"}, {"trade_id": 143215516, "side": "sell", "size": "668.24873937", "price": "0.71500000", "time": "2025-07-12T14:10:29.416514Z", "fetched_at": "2025-07-12T14:10:52.676981+00:00", "symbol": "ADA-USD"}, {"trade_id": 143215515, "side": "sell", "size": "1.60000000", "price": "0.71500000", "time": "2025-07-12T14:10:29.416514Z", "fetched_at": "2025-07-12T14:10:52.676981+00:00", "symbol": "ADA-USD"}, {"trade_id": 143215514, "side": "sell", "size": "351.00000000", "price": "0.71500000", "time": "2025-07-12T14:10:29.416514Z", "fetched_at": "2025-07-12T14:10:52.676981+00:00", "symbol": "ADA-USD"}, {"trade_id": 143215513, "side": "sell", "size": "35063.03974522", "price": "0.71490000", "time": "2025-07-12T14:10:29.416514Z", "fetched_at": "2025-07-12T14:10:52.676981+00:00", "symbol": "ADA-USD"}, {"trade_id": 143215512, "side": "sell", "size": "32677.78778310", "price": "0.71490000", "time": "2025-07-12T14:10:29.416050Z", "fetched_at": "2025-07-12T14:10:52.676981+00:00", "symbol": "ADA-USD"}, {"trade_id": 143215511, "side": "sell", "size": "9000.00000000", "price": "0.71490000", "time": "2025-07-12T14:10:29.416050Z", "fetched_at": "2025-07-12T14:10:52.676981+00:00", "symbol": "ADA-USD"}, {"trade_id": 143215510, "side": "sell", "size": "1493.19894543", "price": "0.71490000", "time": "2025-07-12T14:10:29.416050Z", "fetched_at": "2025-07-12T14:10:52.676981+00:00", "symbol": "ADA-USD"}, {"trade_id": 143215509, "side": "sell", "size": "692.87455893", "price": "0.71490000", "time": "2025-07-12T14:10:29.416050Z", "fetched_at": "2025-07-12T14:10:52.676981+00:00", "symbol": "ADA-USD"}, {"trade_id": 143215508, "side": "sell", "size": "3463.21704316", "price": "0.71490000", "time": "2025-07-12T14:10:29.416050Z", "fetched_at": "2025-07-12T14:10:52.676981+00:00", "symbol": "ADA-USD"}, {"trade_id": 143215507, "side": "sell", "size": "483.22365469", "price": "0.71490000", "time": "2025-07-12T14:10:29.416050Z", "fetched_at": "2025-07-12T14:10:52.676981+00:00", "symbol": "ADA-USD"}, {"trade_id": 143215506, "side": "sell", "size": "668.24873937", "price": "0.71490000", "time": "2025-07-12T14:10:29.416050Z", "fetched_at": "2025-07-12T14:10:52.676981+00:00", "symbol": "ADA-USD"}, {"trade_id": 143215505, "side": "sell", "size": "1.60000000", "price": "0.71490000", "time": "2025-07-12T14:10:29.416050Z", "fetched_at": "2025-07-12T14:10:52.676981+00:00", "symbol": "ADA-USD"}, {"trade_id": 143215504, "side": "sell", "size": "351.00000000", "price": "0.71490000", "time": "2025-07-12T14:10:29.416050Z", "fetched_at": "2025-07-12T14:10:52.676981+00:00", "symbol": "ADA-USD"}, {"trade_id": 143215503, "side": "sell", "size": "0.00001526", "price": "0.71490000", "time": "2025-07-12T14:10:29.416050Z", "fetched_at": "2025-07-12T14:10:52.676981+00:00", "symbol": "ADA-USD"}, {"trade_id": 143215502, "side": "sell", "size": "39892.36709153", "price": "0.71480000", "time": "2025-07-12T14:10:29.416050Z", "fetched_at": "2025-07-12T14:10:52.676981+00:00", "symbol": "ADA-USD"}, {"trade_id": 143215501, "side": "sell", "size": "67.32760853", "price": "0.71480000", "time": "2025-07-12T14:10:29.416050Z", "fetched_at": "2025-07-12T14:10:52.676981+00:00", "symbol": "ADA-USD"}, {"trade_id": 143215500, "side": "sell", "size": "5949.70779520", "price": "0.71480000", "time": "2025-07-12T14:10:29.415924Z", "fetched_at": "2025-07-12T14:10:52.676981+00:00", "symbol": "ADA-USD"}, {"trade_id": 143215499, "side": "sell", "size": "800.00000000", "price": "0.71480000", "time": "2025-07-12T14:10:29.415924Z", "fetched_at": "2025-07-12T14:10:52.676981+00:00", "symbol": "ADA-USD"}, {"trade_id": 143215498, "side": "sell", "size": "744.68536480", "price": "0.71480000", "time": "2025-07-12T14:10:29.415924Z", "fetched_at": "2025-07-12T14:10:52.676981+00:00", "symbol": "ADA-USD"}, {"trade_id": 143215497, "side": "sell", "size": "1998.42257650", "price": "0.71480000", "time": "2025-07-12T14:10:29.415855Z", "fetched_at": "2025-07-12T14:10:52.676981+00:00", "symbol": "ADA-USD"}, {"trade_id": 143215496, "side": "sell", "size": "274.31079413", "price": "0.71480000", "time": "2025-07-12T14:10:29.415855Z", "fetched_at": "2025-07-12T14:10:52.676981+00:00", "symbol": "ADA-USD"}, {"trade_id": 143215495, "side": "sell", "size": "900.66301000", "price": "0.71480000", "time": "2025-07-12T14:10:29.415855Z", "fetched_at": "2025-07-12T14:10:52.676981+00:00", "symbol": "ADA-USD"}, {"trade_id": 143215494, "side": "sell", "size": "668.24873937", "price": "0.71480000", "time": "2025-07-12T14:10:29.415855Z", "fetched_at": "2025-07-12T14:10:52.676981+00:00", "symbol": "ADA-USD"}, {"trade_id": 143215493, "side": "sell", "size": "1.60000000", "price": "0.71480000", "time": "2025-07-12T14:10:29.415855Z", "fetched_at": "2025-07-12T14:10:52.676981+00:00", "symbol": "ADA-USD"}, {"trade_id": 143215492, "side": "sell", "size": "351.00000000", "price": "0.71480000", "time": "2025-07-12T14:10:29.415855Z", "fetched_at": "2025-07-12T14:10:52.676981+00:00", "symbol": "ADA-USD"}, {"trade_id": 143215491, "side": "sell", "size": "1585.46180794", "price": "0.71470000", "time": "2025-07-12T14:10:29.415667Z", "fetched_at": "2025-07-12T14:10:52.676981+00:00", "symbol": "ADA-USD"}, {"trade_id": 143215490, "side": "sell", "size": "699.66577848", "price": "0.71470000", "time": "2025-07-12T14:10:29.415667Z", "fetched_at": "2025-07-12T14:10:52.676981+00:00", "symbol": "ADA-USD"}, {"trade_id": 143215489, "side": "sell", "size": "5071.40000000", "price": "0.71470000", "time": "2025-07-12T14:10:29.415667Z", "fetched_at": "2025-07-12T14:10:52.676981+00:00", "symbol": "ADA-USD"}, {"trade_id": 143215488, "side": "sell", "size": "483.22365469", "price": "0.71470000", "time": "2025-07-12T14:10:29.415667Z", "fetched_at": "2025-07-12T14:10:52.676981+00:00", "symbol": "ADA-USD"}, {"trade_id": 143215487, "side": "sell", "size": "668.24873937", "price": "0.71470000", "time": "2025-07-12T14:10:29.415667Z", "fetched_at": "2025-07-12T14:10:52.676981+00:00", "symbol": "ADA-USD"}, {"trade_id": 143215486, "side": "sell", "size": "1.60000000", "price": "0.71470000", "time": "2025-07-12T14:10:29.415667Z", "fetched_at": "2025-07-12T14:10:52.676981+00:00", "symbol": "ADA-USD"}, {"trade_id": 143215485, "side": "sell", "size": "24.42770711", "price": "0.71470000", "time": "2025-07-12T14:10:29.415667Z", "fetched_at": "2025-07-12T14:10:52.676981+00:00", "symbol": "ADA-USD"}, {"trade_id": 143215484, "side": "sell", "size": "42.72852400", "price": "0.71470000", "time": "2025-07-12T14:10:29.415667Z", "fetched_at": "2025-07-12T14:10:52.676981+00:00", "symbol": "ADA-USD"}, {"trade_id": 143215483, "side": "sell", "size": "577.89406913", "price": "0.71460000", "time": "2025-07-12T14:10:29.415492Z", "fetched_at": "2025-07-12T14:10:52.676981+00:00", "symbol": "ADA-USD"}, {"trade_id": 143215482, "side": "sell", "size": "3531.27060104", "price": "0.71460000", "time": "2025-07-12T14:10:29.415387Z", "fetched_at": "2025-07-12T14:10:52.676981+00:00", "symbol": "ADA-USD"}, {"trade_id": 143215481, "side": "sell", "size": "1.60000000", "price": "0.71460000", "time": "2025-07-12T14:10:29.415387Z", "fetched_at": "2025-07-12T14:10:52.676981+00:00", "symbol": "ADA-USD"}, {"trade_id": 143215480, "side": "sell", "size": "274.31079413", "price": "0.71460000", "time": "2025-07-12T14:10:29.415387Z", "fetched_at": "2025-07-12T14:10:52.676981+00:00", "symbol": "ADA-USD"}, {"trade_id": 143215479, "side": "sell", "size": "668.24873937", "price": "0.71460000", "time": "2025-07-12T14:10:29.415387Z", "fetched_at": "2025-07-12T14:10:52.676981+00:00", "symbol": "ADA-USD"}, {"trade_id": 143215478, "side": "sell", "size": "821.65750546", "price": "0.71460000", "time": "2025-07-12T14:10:29.415387Z", "fetched_at": "2025-07-12T14:10:52.676981+00:00", "symbol": "ADA-USD"}, {"trade_id": 143215477, "side": "sell", "size": "13.99303854", "price": "0.71450000", "time": "2025-07-12T14:10:29.414841Z", "fetched_at": "2025-07-12T14:10:52.676981+00:00", "symbol": "ADA-USD"}, {"trade_id": 143215476, "side": "sell", "size": "426.43323385", "price": "0.71450000", "time": "2025-07-12T14:10:29.414841Z", "fetched_at": "2025-07-12T14:10:52.676981+00:00", "symbol": "ADA-USD"}, {"trade_id": 143215475, "side": "sell", "size": "241.81550552", "price": "0.71450000", "time": "2025-07-12T14:10:29.413476Z", "fetched_at": "2025-07-12T14:10:52.676981+00:00", "symbol": "ADA-USD"}, {"trade_id": 143215474, "side": "sell", "size": "2289.88949635", "price": "0.71440000", "time": "2025-07-12T14:10:29.413476Z", "fetched_at": "2025-07-12T14:10:52.676981+00:00", "symbol": "ADA-USD"}, {"trade_id": 143215473, "side": "sell", "size": "160.49812269", "price": "0.71440000", "time": "2025-07-12T14:10:29.412996Z", "fetched_at": "2025-07-12T14:10:52.676981+00:00", "symbol": "ADA-USD"}, {"trade_id": 143215472, "side": "sell", "size": "668.24873937", "price": "0.71440000", "time": "2025-07-12T14:10:29.412996Z", "fetched_at": "2025-07-12T14:10:52.676981+00:00", "symbol": "ADA-USD"}, {"trade_id": 143215471, "side": "sell", "size": "50.00000000", "price": "0.71440000", "time": "2025-07-12T14:10:29.412996Z", "fetched_at": "2025-07-12T14:10:52.676981+00:00", "symbol": "ADA-USD"}, {"trade_id": 143215470, "side": "sell", "size": "69.93006000", "price": "0.71450000", "time": "2025-07-12T14:10:28.688088Z", "fetched_at": "2025-07-12T14:10:52.676981+00:00", "symbol": "ADA-USD"}, {"trade_id": 143215469, "side": "buy", "size": "274.31079413", "price": "0.71440000", "time": "2025-07-12T14:10:28.684981Z", "fetched_at": "2025-07-12T14:10:52.676981+00:00", "symbol": "ADA-USD"}, {"trade_id": 143215468, "side": "buy", "size": "357.17226483", "price": "0.71440000", "time": "2025-07-12T14:10:28.684981Z", "fetched_at": "2025-07-12T14:10:52.676981+00:00", "symbol": "ADA-USD"}, {"trade_id": 143215467, "side": "buy", "size": "699.75511614", "price": "0.71450000", "time": "2025-07-12T14:10:28.677305Z", "fetched_at": "2025-07-12T14:10:52.676981+00:00", "symbol": "ADA-USD"}, {"trade_id": 143215466, "side": "buy", "size": "1.64249454", "price": "0.71460000", "time": "2025-07-12T14:10:28.249075Z", "fetched_at": "2025-07-12T14:10:52.676981+00:00", "symbol": "ADA-USD"}, {"trade_id": 143215465, "side": "buy", "size": "311.07647454", "price": "0.71440000", "time": "2025-07-12T14:10:26.632809Z", "fetched_at": "2025-07-12T14:10:52.676981+00:00", "symbol": "ADA-USD"}, {"trade_id": 143215464, "side": "buy", "size": "274.31079413", "price": "0.71440000", "time": "2025-07-12T14:10:26.632809Z", "fetched_at": "2025-07-12T14:10:52.676981+00:00", "symbol": "ADA-USD"}, {"trade_id": 143215463, "side": "buy", "size": "272.06943312", "price": "0.71440000", "time": "2025-07-12T14:10:26.632809Z", "fetched_at": "2025-07-12T14:10:52.676981+00:00", "symbol": "ADA-USD"}, {"trade_id": 143215462, "side": "buy", "size": "50.00000000", "price": "0.71450000", "time": "2025-07-12T14:10:26.632809Z", "fetched_at": "2025-07-12T14:10:52.676981+00:00", "symbol": "ADA-USD"}, {"trade_id": 143215461, "side": "buy", "size": "1.68047577", "price": "0.71460000", "time": "2025-07-12T14:10:26.632809Z", "fetched_at": "2025-07-12T14:10:52.676981+00:00", "symbol": "ADA-USD"}, {"trade_id": 143215460, "side": "buy", "size": "10.33060944", "price": "0.71460000", "time": "2025-07-12T14:10:26.632809Z", "fetched_at": "2025-07-12T14:10:52.676981+00:00", "symbol": "ADA-USD"}, {"trade_id": 143215459, "side": "sell", "size": "69.93006000", "price": "0.71470000", "time": "2025-07-12T14:10:26.081501Z", "fetched_at": "2025-07-12T14:10:52.676981+00:00", "symbol": "ADA-USD"}, {"trade_id": 143215458, "side": "sell", "size": "5072.90000000", "price": "0.71460000", "time": "2025-07-12T14:10:26.065490Z", "fetched_at": "2025-07-12T14:10:52.676981+00:00", "symbol": "ADA-USD"}, {"trade_id": 143215457, "side": "sell", "size": "48.24851735", "price": "0.71460000", "time": "2025-07-12T14:10:26.065490Z", "fetched_at": "2025-07-12T14:10:52.676981+00:00", "symbol": "ADA-USD"}, {"trade_id": 143215456, "side": "sell", "size": "1.60000000", "price": "0.71460000", "time": "2025-07-12T14:10:26.065490Z", "fetched_at": "2025-07-12T14:10:52.676981+00:00", "symbol": "ADA-USD"}, {"trade_id": 143215455, "side": "sell", "size": "113.23321000", "price": "0.71460000", "time": "2025-07-12T14:10:26.065490Z", "fetched_at": "2025-07-12T14:10:52.676981+00:00", "symbol": "ADA-USD"}, {"trade_id": 143215454, "side": "sell", "size": "1.49594011", "price": "0.71460000", "time": "2025-07-12T14:10:26.065490Z", "fetched_at": "2025-07-12T14:10:52.676981+00:00", "symbol": "ADA-USD"}, {"trade_id": 143215453, "side": "sell", "size": "0.01455039", "price": "0.71460000", "time": "2025-07-12T14:10:26.065490Z", "fetched_at": "2025-07-12T14:10:52.676981+00:00", "symbol": "ADA-USD"}, {"trade_id": 143215452, "side": "sell", "size": "1.60000000", "price": "0.71450000", "time": "2025-07-12T14:10:26.065490Z", "fetched_at": "2025-07-12T14:10:52.676981+00:00", "symbol": "ADA-USD"}, {"trade_id": 143215451, "side": "sell", "size": "48.17697391", "price": "0.71450000", "time": "2025-07-12T14:10:26.065490Z", "fetched_at": "2025-07-12T14:10:52.676981+00:00", "symbol": "ADA-USD"}, {"trade_id": 143215450, "side": "sell", "size": "13.99881030", "price": "0.71440000", "time": "2025-07-12T14:10:26.064482Z", "fetched_at": "2025-07-12T14:10:52.676981+00:00", "symbol": "ADA-USD"}, {"trade_id": 143215449, "side": "sell", "size": "749.74584518", "price": "0.71440000", "time": "2025-07-12T14:10:26.064482Z", "fetched_at": "2025-07-12T14:10:52.676981+00:00", "symbol": "ADA-USD"}, {"trade_id": 143215448, "side": "sell", "size": "73.95415482", "price": "0.71440000", "time": "2025-07-12T14:10:25.658995Z", "fetched_at": "2025-07-12T14:10:52.676981+00:00", "symbol": "ADA-USD"}, {"trade_id": 143215447, "side": "sell", "size": "1.60000000", "price": "0.71440000", "time": "2025-07-12T14:10:25.658995Z", "fetched_at": "2025-07-12T14:10:52.676981+00:00", "symbol": "ADA-USD"}, {"trade_id": 143215446, "side": "sell", "size": "61.44584518", "price": "0.71440000", "time": "2025-07-12T14:10:25.658995Z", "fetched_at": "2025-07-12T14:10:52.676981+00:00", "symbol": "ADA-USD"}, {"trade_id": 143215445, "side": "sell", "size": "699.88800000", "price": "0.71440000", "time": "2025-07-12T14:10:23.854939Z", "fetched_at": "2025-07-12T14:10:52.676981+00:00", "symbol": "ADA-USD"}, {"trade_id": 143215444, "side": "buy", "size": "5801.54649539", "price": "0.71420000", "time": "2025-07-12T14:10:23.419052Z", "fetched_at": "2025-07-12T14:10:52.676981+00:00", "symbol": "ADA-USD"}, {"trade_id": 143215443, "side": "buy", "size": "927.28170131", "price": "0.71420000", "time": "2025-07-12T14:10:23.419052Z", "fetched_at": "2025-07-12T14:10:52.676981+00:00", "symbol": "ADA-USD"}, {"trade_id": 143215442, "side": "buy", "size": "668.24873937", "price": "0.71420000", "time": "2025-07-12T14:10:23.419052Z", "fetched_at": "2025-07-12T14:10:52.676981+00:00", "symbol": "ADA-USD"}, {"trade_id": 143215441, "side": "buy", "size": "1446.89211000", "price": "0.71420000", "time": "2025-07-12T14:10:23.419052Z", "fetched_at": "2025-07-12T14:10:52.676981+00:00", "symbol": "ADA-USD"}, {"trade_id": 143215440, "side": "buy", "size": "1449.54788000", "price": "0.71420000", "time": "2025-07-12T14:10:23.419052Z", "fetched_at": "2025-07-12T14:10:52.676981+00:00", "symbol": "ADA-USD"}, {"trade_id": 143215439, "side": "buy", "size": "1431.92947000", "price": "0.71420000", "time": "2025-07-12T14:10:23.419052Z", "fetched_at": "2025-07-12T14:10:52.676981+00:00", "symbol": "ADA-USD"}, {"trade_id": 143215438, "side": "buy", "size": "700.08401008", "price": "0.71420000", "time": "2025-07-12T14:10:23.419052Z", "fetched_at": "2025-07-12T14:10:52.676981+00:00", "symbol": "ADA-USD"}, {"trade_id": 143215437, "side": "buy", "size": "129.20452000", "price": "0.71420000", "time": "2025-07-12T14:10:23.419052Z", "fetched_at": "2025-07-12T14:10:52.676981+00:00", "symbol": "ADA-USD"}, {"trade_id": 143215436, "side": "buy", "size": "127.77168000", "price": "0.71420000", "time": "2025-07-12T14:10:23.419052Z", "fetched_at": "2025-07-12T14:10:52.676981+00:00", "symbol": "ADA-USD"}, {"trade_id": 143215435, "side": "buy", "size": "729.84063885", "price": "0.71430000", "time": "2025-07-12T14:10:23.419052Z", "fetched_at": "2025-07-12T14:10:52.676981+00:00", "symbol": "ADA-USD"}, {"trade_id": 143215434, "side": "sell", "size": "1.60000000", "price": "0.71430000", "time": "2025-07-12T14:10:23.180383Z", "fetched_at": "2025-07-12T14:10:52.676981+00:00", "symbol": "ADA-USD"}, {"trade_id": 143215433, "side": "sell", "size": "136.14233700", "price": "0.71420000", "time": "2025-07-12T14:10:19.845304Z", "fetched_at": "2025-07-12T14:10:52.676981+00:00", "symbol": "ADA-USD"}, {"trade_id": 143215432, "side": "sell", "size": "50.00000000", "price": "0.71410000", "time": "2025-07-12T14:10:19.428097Z", "fetched_at": "2025-07-12T14:10:52.676981+00:00", "symbol": "ADA-USD"}, {"trade_id": 143215431, "side": "buy", "size": "95.82414000", "price": "0.71410000", "time": "2025-07-12T14:10:19.382984Z", "fetched_at": "2025-07-12T14:10:52.676981+00:00", "symbol": "ADA-USD"}, {"trade_id": 143215430, "side": "buy", "size": "18948.60572346", "price": "0.71420000", "time": "2025-07-12T14:10:19.372838Z", "fetched_at": "2025-07-12T14:10:52.676981+00:00", "symbol": "ADA-USD"}, {"trade_id": 143215429, "side": "buy", "size": "5959.59139958", "price": "0.71420000", "time": "2025-07-12T14:10:19.371603Z", "fetched_at": "2025-07-12T14:10:52.676981+00:00", "symbol": "ADA-USD"}, {"trade_id": 143215428, "side": "buy", "size": "1383.15650409", "price": "0.71420000", "time": "2025-07-12T14:10:19.333411Z", "fetched_at": "2025-07-12T14:10:52.676981+00:00", "symbol": "ADA-USD"}, {"trade_id": 143215427, "side": "sell", "size": "150.00000000", "price": "0.71430000", "time": "2025-07-12T14:10:17.924592Z", "fetched_at": "2025-07-12T14:10:52.676981+00:00", "symbol": "ADA-USD"}, {"trade_id": 143215426, "side": "sell", "size": "69.93006000", "price": "0.71440000", "time": "2025-07-12T14:10:15.193389Z", "fetched_at": "2025-07-12T14:10:52.676981+00:00", "symbol": "ADA-USD"}, {"trade_id": 143215425, "side": "sell", "size": "14.01030160", "price": "0.71430000", "time": "2025-07-12T14:10:15.090993Z", "fetched_at": "2025-07-12T14:10:52.676981+00:00", "symbol": "ADA-USD"}, {"trade_id": 143215424, "side": "sell", "size": "1.60000000", "price": "0.71430000", "time": "2025-07-12T14:10:15.090993Z", "fetched_at": "2025-07-12T14:10:52.676981+00:00", "symbol": "ADA-USD"}, {"trade_id": 143215423, "side": "sell", "size": "16.35482163", "price": "0.71430000", "time": "2025-07-12T14:10:15.090993Z", "fetched_at": "2025-07-12T14:10:52.676981+00:00", "symbol": "ADA-USD"}, {"trade_id": 143215422, "side": "buy", "size": "15.14743982", "price": "0.71420000", "time": "2025-07-12T14:10:14.200784Z", "fetched_at": "2025-07-12T14:10:52.676981+00:00", "symbol": "ADA-USD"}, {"trade_id": 143215421, "side": "buy", "size": "677.49333483", "price": "0.71420000", "time": "2025-07-12T14:10:14.200784Z", "fetched_at": "2025-07-12T14:10:52.676981+00:00", "symbol": "ADA-USD"}, {"trade_id": 143215420, "side": "buy", "size": "129.20452000", "price": "0.71420000", "time": "2025-07-12T14:10:14.200784Z", "fetched_at": "2025-07-12T14:10:52.676981+00:00", "symbol": "ADA-USD"}, {"trade_id": 143215419, "side": "buy", "size": "1.85470535", "price": "0.71420000", "time": "2025-07-12T14:10:14.200784Z", "fetched_at": "2025-07-12T14:10:52.676981+00:00", "symbol": "ADA-USD"}, {"trade_id": 143215418, "side": "sell", "size": "6.64345800", "price": "0.71430000", "time": "2025-07-12T14:10:13.369423Z", "fetched_at": "2025-07-12T14:10:52.676981+00:00", "symbol": "ADA-USD"}, {"trade_id": 143215417, "side": "buy", "size": "15.52861700", "price": "0.71420000", "time": "2025-07-12T14:10:13.046606Z", "fetched_at": "2025-07-12T14:10:52.676981+00:00", "symbol": "ADA-USD"}, {"trade_id": 143215416, "side": "sell", "size": "0.00000243", "price": "0.71410000", "time": "2025-07-12T14:10:12.047554Z", "fetched_at": "2025-07-12T14:10:52.676981+00:00", "symbol": "ADA-USD"}, {"trade_id": 143215415, "side": "sell", "size": "95.82414000", "price": "0.71410000", "time": "2025-07-12T14:10:12.028814Z", "fetched_at": "2025-07-12T14:10:52.676981+00:00", "symbol": "ADA-USD"}, {"trade_id": 143215414, "side": "buy", "size": "705.66316926", "price": "0.71410000", "time": "2025-07-12T14:10:11.893153Z", "fetched_at": "2025-07-12T14:10:52.676981+00:00", "symbol": "ADA-USD"}, {"trade_id": 143215413, "side": "buy", "size": "2.11268831", "price": "0.71410000", "time": "2025-07-12T14:10:11.893153Z", "fetched_at": "2025-07-12T14:10:52.676981+00:00", "symbol": "ADA-USD"}, {"trade_id": 143215412, "side": "buy", "size": "7.07383500", "price": "0.71400000", "time": "2025-07-12T14:10:09.155378Z", "fetched_at": "2025-07-12T14:10:52.676981+00:00", "symbol": "ADA-USD"}, {"trade_id": 143215411, "side": "sell", "size": "13.43947900", "price": "0.71410000", "time": "2025-07-12T14:10:08.219172Z", "fetched_at": "2025-07-12T14:10:52.676981+00:00", "symbol": "ADA-USD"}, {"trade_id": 143215410, "side": "buy", "size": "6.89205953", "price": "0.71410000", "time": "2025-07-12T14:10:08.113961Z", "fetched_at": "2025-07-12T14:10:52.676981+00:00", "symbol": "ADA-USD"}, {"trade_id": 143215409, "side": "buy", "size": "1500.00000000", "price": "0.71420000", "time": "2025-07-12T14:10:07.781569Z", "fetched_at": "2025-07-12T14:10:52.676981+00:00", "symbol": "ADA-USD"}, {"trade_id": 143215408, "side": "buy", "size": "4970.14884799", "price": "0.71420000", "time": "2025-07-12T14:10:07.778867Z", "fetched_at": "2025-07-12T14:10:52.676981+00:00", "symbol": "ADA-USD"}, {"trade_id": 143215407, "side": "buy", "size": "69.93006000", "price": "0.71420000", "time": "2025-07-12T14:10:07.205281Z", "fetched_at": "2025-07-12T14:10:52.676981+00:00", "symbol": "ADA-USD"}