[{"trade_id": 848203904, "side": "sell", "size": "0.00075355", "price": "118115.48000000", "time": "2025-07-13T12:39:29.332254Z", "fetched_at": "2025-07-13T12:39:32.647090+00:00", "symbol": "BTC-USD"}, {"trade_id": 848203903, "side": "sell", "size": "0.00008467", "price": "118111.47000000", "time": "2025-07-13T12:39:29.332254Z", "fetched_at": "2025-07-13T12:39:32.647090+00:00", "symbol": "BTC-USD"}, {"trade_id": 848203902, "side": "sell", "size": "0.00106786", "price": "118115.48000000", "time": "2025-07-13T12:39:29.093291Z", "fetched_at": "2025-07-13T12:39:32.647090+00:00", "symbol": "BTC-USD"}, {"trade_id": 848203901, "side": "sell", "size": "0.00008468", "price": "118115.47000000", "time": "2025-07-13T12:39:29.093291Z", "fetched_at": "2025-07-13T12:39:32.647090+00:00", "symbol": "BTC-USD"}, {"trade_id": 848203900, "side": "sell", "size": "0.00073814", "price": "118115.23000000", "time": "2025-07-13T12:39:28.670261Z", "fetched_at": "2025-07-13T12:39:32.647090+00:00", "symbol": "BTC-USD"}, {"trade_id": 848203899, "side": "sell", "size": "0.00008468", "price": "118115.22000000", "time": "2025-07-13T12:39:28.670261Z", "fetched_at": "2025-07-13T12:39:32.647090+00:00", "symbol": "BTC-USD"}, {"trade_id": 848203898, "side": "sell", "size": "0.00001229", "price": "118105.11000000", "time": "2025-07-13T12:39:28.032807Z", "fetched_at": "2025-07-13T12:39:32.647090+00:00", "symbol": "BTC-USD"}, {"trade_id": 848203897, "side": "sell", "size": "0.00251256", "price": "118099.75000000", "time": "2025-07-13T12:39:28.003401Z", "fetched_at": "2025-07-13T12:39:32.647090+00:00", "symbol": "BTC-USD"}, {"trade_id": 848203896, "side": "sell", "size": "0.00020956", "price": "118099.75000000", "time": "2025-07-13T12:39:27.804005Z", "fetched_at": "2025-07-13T12:39:32.647090+00:00", "symbol": "BTC-USD"}, {"trade_id": 848203895, "side": "sell", "size": "0.00004191", "price": "118099.75000000", "time": "2025-07-13T12:39:27.056979Z", "fetched_at": "2025-07-13T12:39:32.647090+00:00", "symbol": "BTC-USD"}, {"trade_id": 848203894, "side": "sell", "size": "0.00368828", "price": "118109.09000000", "time": "2025-07-13T12:39:24.122667Z", "fetched_at": "2025-07-13T12:39:32.647090+00:00", "symbol": "BTC-USD"}, {"trade_id": 848203893, "side": "buy", "size": "0.00379844", "price": "118099.93000000", "time": "2025-07-13T12:39:23.318294Z", "fetched_at": "2025-07-13T12:39:32.647090+00:00", "symbol": "BTC-USD"}, {"trade_id": 848203892, "side": "buy", "size": "0.01018483", "price": "118099.94000000", "time": "2025-07-13T12:39:23.318294Z", "fetched_at": "2025-07-13T12:39:32.647090+00:00", "symbol": "BTC-USD"}, {"trade_id": 848203891, "side": "buy", "size": "0.00001673", "price": "118099.95000000", "time": "2025-07-13T12:39:23.318294Z", "fetched_at": "2025-07-13T12:39:32.647090+00:00", "symbol": "BTC-USD"}, {"trade_id": 848203890, "side": "sell", "size": "0.00012488", "price": "118108.97000000", "time": "2025-07-13T12:39:23.300624Z", "fetched_at": "2025-07-13T12:39:32.647090+00:00", "symbol": "BTC-USD"}, {"trade_id": 848203889, "side": "sell", "size": "0.00008468", "price": "118108.96000000", "time": "2025-07-13T12:39:23.300624Z", "fetched_at": "2025-07-13T12:39:32.647090+00:00", "symbol": "BTC-USD"}, {"trade_id": 848203888, "side": "sell", "size": "0.00072464", "price": "118109.15000000", "time": "2025-07-13T12:39:22.694135Z", "fetched_at": "2025-07-13T12:39:32.647090+00:00", "symbol": "BTC-USD"}, {"trade_id": 848203887, "side": "sell", "size": "0.00008468", "price": "118109.14000000", "time": "2025-07-13T12:39:22.694135Z", "fetched_at": "2025-07-13T12:39:32.647090+00:00", "symbol": "BTC-USD"}, {"trade_id": 848203886, "side": "buy", "size": "0.00851132", "price": "118099.13000000", "time": "2025-07-13T12:39:21.587535Z", "fetched_at": "2025-07-13T12:39:32.647090+00:00", "symbol": "BTC-USD"}, {"trade_id": 848203885, "side": "buy", "size": "0.00846730", "price": "118101.31000000", "time": "2025-07-13T12:39:21.587535Z", "fetched_at": "2025-07-13T12:39:32.647090+00:00", "symbol": "BTC-USD"}, {"trade_id": 848203884, "side": "buy", "size": "0.00001673", "price": "118101.32000000", "time": "2025-07-13T12:39:21.587535Z", "fetched_at": "2025-07-13T12:39:32.647090+00:00", "symbol": "BTC-USD"}, {"trade_id": 848203883, "side": "buy", "size": "0.00000347", "price": "118102.51000000", "time": "2025-07-13T12:39:21.587535Z", "fetched_at": "2025-07-13T12:39:32.647090+00:00", "symbol": "BTC-USD"}, {"trade_id": 848203882, "side": "buy", "size": "0.00000118", "price": "118102.51000000", "time": "2025-07-13T12:39:21.587535Z", "fetched_at": "2025-07-13T12:39:32.647090+00:00", "symbol": "BTC-USD"}, {"trade_id": 848203881, "side": "sell", "size": "0.00082282", "price": "118102.52000000", "time": "2025-07-13T12:39:21.032435Z", "fetched_at": "2025-07-13T12:39:32.647090+00:00", "symbol": "BTC-USD"}, {"trade_id": 848203880, "side": "sell", "size": "0.00008173", "price": "118102.52000000", "time": "2025-07-13T12:39:19.819507Z", "fetched_at": "2025-07-13T12:39:32.647090+00:00", "symbol": "BTC-USD"}, {"trade_id": 848203879, "side": "sell", "size": "0.00016765", "price": "118102.52000000", "time": "2025-07-13T12:39:19.504211Z", "fetched_at": "2025-07-13T12:39:32.647090+00:00", "symbol": "BTC-USD"}, {"trade_id": 848203878, "side": "sell", "size": "0.00041141", "price": "118102.42000000", "time": "2025-07-13T12:39:19.375830Z", "fetched_at": "2025-07-13T12:39:32.647090+00:00", "symbol": "BTC-USD"}, {"trade_id": 848203877, "side": "sell", "size": "0.00628684", "price": "118102.41000000", "time": "2025-07-13T12:39:19.124061Z", "fetched_at": "2025-07-13T12:39:32.647090+00:00", "symbol": "BTC-USD"}, {"trade_id": 848203876, "side": "sell", "size": "0.00083585", "price": "118102.41000000", "time": "2025-07-13T12:39:19.068444Z", "fetched_at": "2025-07-13T12:39:32.647090+00:00", "symbol": "BTC-USD"}, {"trade_id": 848203875, "side": "buy", "size": "0.00546419", "price": "118099.14000000", "time": "2025-07-13T12:39:18.856057Z", "fetched_at": "2025-07-13T12:39:32.647090+00:00", "symbol": "BTC-USD"}, {"trade_id": 848203874, "side": "buy", "size": "0.00001385", "price": "118099.15000000", "time": "2025-07-13T12:39:18.856057Z", "fetched_at": "2025-07-13T12:39:32.647090+00:00", "symbol": "BTC-USD"}, {"trade_id": 848203873, "side": "buy", "size": "0.00000118", "price": "118103.80000000", "time": "2025-07-13T12:39:18.856057Z", "fetched_at": "2025-07-13T12:39:32.647090+00:00", "symbol": "BTC-USD"}, {"trade_id": 848203872, "side": "buy", "size": "0.00000347", "price": "118107.16000000", "time": "2025-07-13T12:39:18.856057Z", "fetched_at": "2025-07-13T12:39:32.647090+00:00", "symbol": "BTC-USD"}, {"trade_id": 848203871, "side": "sell", "size": "0.00012339", "price": "118107.17000000", "time": "2025-07-13T12:39:18.852261Z", "fetched_at": "2025-07-13T12:39:32.647090+00:00", "symbol": "BTC-USD"}, {"trade_id": 848203870, "side": "sell", "size": "0.00020571", "price": "118107.17000000", "time": "2025-07-13T12:39:18.502638Z", "fetched_at": "2025-07-13T12:39:32.647090+00:00", "symbol": "BTC-USD"}, {"trade_id": 848203869, "side": "sell", "size": "0.00055123", "price": "118107.17000000", "time": "2025-07-13T12:39:18.186176Z", "fetched_at": "2025-07-13T12:39:32.647090+00:00", "symbol": "BTC-USD"}, {"trade_id": 848203868, "side": "sell", "size": "0.00041141", "price": "118107.17000000", "time": "2025-07-13T12:39:17.780924Z", "fetched_at": "2025-07-13T12:39:32.647090+00:00", "symbol": "BTC-USD"}, {"trade_id": 848203867, "side": "sell", "size": "0.00082183", "price": "118107.17000000", "time": "2025-07-13T12:39:17.534433Z", "fetched_at": "2025-07-13T12:39:32.647090+00:00", "symbol": "BTC-USD"}, {"trade_id": 848203866, "side": "sell", "size": "0.00000099", "price": "118107.17000000", "time": "2025-07-13T12:39:17.534433Z", "fetched_at": "2025-07-13T12:39:32.647090+00:00", "symbol": "BTC-USD"}, {"trade_id": 848203865, "side": "sell", "size": "0.00002984", "price": "118107.17000000", "time": "2025-07-13T12:39:16.268189Z", "fetched_at": "2025-07-13T12:39:32.647090+00:00", "symbol": "BTC-USD"}, {"trade_id": 848203864, "side": "sell", "size": "0.00000664", "price": "118107.17000000", "time": "2025-07-13T12:39:16.268189Z", "fetched_at": "2025-07-13T12:39:32.647090+00:00", "symbol": "BTC-USD"}, {"trade_id": 848203863, "side": "sell", "size": "0.00040152", "price": "118107.17000000", "time": "2025-07-13T12:39:16.055405Z", "fetched_at": "2025-07-13T12:39:32.647090+00:00", "symbol": "BTC-USD"}, {"trade_id": 848203862, "side": "sell", "size": "0.00007718", "price": "118107.17000000", "time": "2025-07-13T12:39:15.944664Z", "fetched_at": "2025-07-13T12:39:32.647090+00:00", "symbol": "BTC-USD"}, {"trade_id": 848203861, "side": "sell", "size": "0.00000664", "price": "118103.81000000", "time": "2025-07-13T12:39:15.944664Z", "fetched_at": "2025-07-13T12:39:32.647090+00:00", "symbol": "BTC-USD"}, {"trade_id": 848203860, "side": "buy", "size": "0.00004984", "price": "118099.13000000", "time": "2025-07-13T12:39:15.578946Z", "fetched_at": "2025-07-13T12:39:32.647090+00:00", "symbol": "BTC-USD"}, {"trade_id": 848203859, "side": "buy", "size": "0.00001442", "price": "118103.80000000", "time": "2025-07-13T12:39:15.578946Z", "fetched_at": "2025-07-13T12:39:32.647090+00:00", "symbol": "BTC-USD"}, {"trade_id": 848203858, "side": "sell", "size": "0.00008118", "price": "118103.81000000", "time": "2025-07-13T12:39:15.118654Z", "fetched_at": "2025-07-13T12:39:32.647090+00:00", "symbol": "BTC-USD"}, {"trade_id": 848203857, "side": "sell", "size": "0.00001700", "price": "118103.81000000", "time": "2025-07-13T12:39:15.118654Z", "fetched_at": "2025-07-13T12:39:32.647090+00:00", "symbol": "BTC-USD"}, {"trade_id": 848203856, "side": "buy", "size": "0.00652133", "price": "118099.13000000", "time": "2025-07-13T12:39:12.573050Z", "fetched_at": "2025-07-13T12:39:32.647090+00:00", "symbol": "BTC-USD"}, {"trade_id": 848203855, "side": "buy", "size": "0.03160411", "price": "118099.13000000", "time": "2025-07-13T12:39:12.573050Z", "fetched_at": "2025-07-13T12:39:32.647090+00:00", "symbol": "BTC-USD"}, {"trade_id": 848203854, "side": "buy", "size": "0.00164536", "price": "118100.00000000", "time": "2025-07-13T12:39:12.573050Z", "fetched_at": "2025-07-13T12:39:32.647090+00:00", "symbol": "BTC-USD"}, {"trade_id": 848203853, "side": "buy", "size": "0.00001438", "price": "118100.01000000", "time": "2025-07-13T12:39:12.573050Z", "fetched_at": "2025-07-13T12:39:32.647090+00:00", "symbol": "BTC-USD"}, {"trade_id": 848203852, "side": "buy", "size": "0.00000364", "price": "118103.80000000", "time": "2025-07-13T12:39:12.573050Z", "fetched_at": "2025-07-13T12:39:32.647090+00:00", "symbol": "BTC-USD"}, {"trade_id": 848203851, "side": "buy", "size": "0.00000118", "price": "118103.80000000", "time": "2025-07-13T12:39:12.573050Z", "fetched_at": "2025-07-13T12:39:32.647090+00:00", "symbol": "BTC-USD"}, {"trade_id": 848203850, "side": "buy", "size": "0.00001000", "price": "118103.80000000", "time": "2025-07-13T12:39:12.573050Z", "fetched_at": "2025-07-13T12:39:32.647090+00:00", "symbol": "BTC-USD"}, {"trade_id": 848203849, "side": "sell", "size": "0.01200000", "price": "118103.81000000", "time": "2025-07-13T12:39:10.379429Z", "fetched_at": "2025-07-13T12:39:32.647090+00:00", "symbol": "BTC-USD"}, {"trade_id": 848203848, "side": "sell", "size": "0.00016453", "price": "118103.81000000", "time": "2025-07-13T12:39:09.785797Z", "fetched_at": "2025-07-13T12:39:32.647090+00:00", "symbol": "BTC-USD"}, {"trade_id": 848203847, "side": "sell", "size": "0.00063935", "price": "118103.81000000", "time": "2025-07-13T12:39:09.223804Z", "fetched_at": "2025-07-13T12:39:32.647090+00:00", "symbol": "BTC-USD"}, {"trade_id": 848203846, "side": "sell", "size": "0.00015565", "price": "118103.81000000", "time": "2025-07-13T12:39:09.223804Z", "fetched_at": "2025-07-13T12:39:32.647090+00:00", "symbol": "BTC-USD"}, {"trade_id": 848203845, "side": "sell", "size": "0.01512399", "price": "118103.81000000", "time": "2025-07-13T12:39:08.465628Z", "fetched_at": "2025-07-13T12:39:32.647090+00:00", "symbol": "BTC-USD"}, {"trade_id": 848203844, "side": "buy", "size": "0.01101126", "price": "118105.79000000", "time": "2025-07-13T12:39:06.561782Z", "fetched_at": "2025-07-13T12:39:32.647090+00:00", "symbol": "BTC-USD"}, {"trade_id": 848203843, "side": "buy", "size": "0.00846672", "price": "118109.45000000", "time": "2025-07-13T12:39:06.560414Z", "fetched_at": "2025-07-13T12:39:32.647090+00:00", "symbol": "BTC-USD"}, {"trade_id": 848203842, "side": "buy", "size": "0.00002191", "price": "118115.32000000", "time": "2025-07-13T12:39:06.560414Z", "fetched_at": "2025-07-13T12:39:32.647090+00:00", "symbol": "BTC-USD"}, {"trade_id": 848203841, "side": "buy", "size": "0.00001588", "price": "118117.61000000", "time": "2025-07-13T12:39:06.560414Z", "fetched_at": "2025-07-13T12:39:32.647090+00:00", "symbol": "BTC-USD"}, {"trade_id": 848203840, "side": "buy", "size": "0.00000414", "price": "118117.61000000", "time": "2025-07-13T12:39:06.560414Z", "fetched_at": "2025-07-13T12:39:32.647090+00:00", "symbol": "BTC-USD"}, {"trade_id": 848203839, "side": "buy", "size": "0.00000135", "price": "118117.61000000", "time": "2025-07-13T12:39:06.560414Z", "fetched_at": "2025-07-13T12:39:32.647090+00:00", "symbol": "BTC-USD"}, {"trade_id": 848203838, "side": "sell", "size": "0.00198436", "price": "118118.27000000", "time": "2025-07-13T12:39:04.025052Z", "fetched_at": "2025-07-13T12:39:32.647090+00:00", "symbol": "BTC-USD"}, {"trade_id": 848203837, "side": "sell", "size": "0.00031368", "price": "118123.98000000", "time": "2025-07-13T12:39:02.087525Z", "fetched_at": "2025-07-13T12:39:32.647090+00:00", "symbol": "BTC-USD"}, {"trade_id": 848203836, "side": "sell", "size": "0.00000313", "price": "118123.58000000", "time": "2025-07-13T12:39:02.087525Z", "fetched_at": "2025-07-13T12:39:32.647090+00:00", "symbol": "BTC-USD"}, {"trade_id": 848203835, "side": "sell", "size": "0.00008467", "price": "118118.31000000", "time": "2025-07-13T12:39:02.087525Z", "fetched_at": "2025-07-13T12:39:32.647090+00:00", "symbol": "BTC-USD"}, {"trade_id": 848203834, "side": "buy", "size": "0.04275898", "price": "118120.85000000", "time": "2025-07-13T12:39:01.555474Z", "fetched_at": "2025-07-13T12:39:32.647090+00:00", "symbol": "BTC-USD"}, {"trade_id": 848203833, "side": "buy", "size": "0.00000855", "price": "118118.27000000", "time": "2025-07-13T12:39:01.112875Z", "fetched_at": "2025-07-13T12:39:32.647090+00:00", "symbol": "BTC-USD"}, {"trade_id": 848203832, "side": "buy", "size": "0.00166985", "price": "118109.47000000", "time": "2025-07-13T12:39:00.760733Z", "fetched_at": "2025-07-13T12:39:32.647090+00:00", "symbol": "BTC-USD"}, {"trade_id": 848203831, "side": "buy", "size": "0.00001970", "price": "118118.38000000", "time": "2025-07-13T12:39:00.760733Z", "fetched_at": "2025-07-13T12:39:32.647090+00:00", "symbol": "BTC-USD"}, {"trade_id": 848203830, "side": "buy", "size": "0.00000093", "price": "118118.38000000", "time": "2025-07-13T12:39:00.760733Z", "fetched_at": "2025-07-13T12:39:32.647090+00:00", "symbol": "BTC-USD"}, {"trade_id": 848203829, "side": "buy", "size": "0.00000279", "price": "118118.38000000", "time": "2025-07-13T12:39:00.760733Z", "fetched_at": "2025-07-13T12:39:32.647090+00:00", "symbol": "BTC-USD"}, {"trade_id": 848203828, "side": "buy", "size": "0.00497555", "price": "118107.19000000", "time": "2025-07-13T12:39:00.080572Z", "fetched_at": "2025-07-13T12:39:32.647090+00:00", "symbol": "BTC-USD"}, {"trade_id": 848203827, "side": "buy", "size": "0.00000355", "price": "118111.51000000", "time": "2025-07-13T12:39:00.080572Z", "fetched_at": "2025-07-13T12:39:32.647090+00:00", "symbol": "BTC-USD"}, {"trade_id": 848203826, "side": "buy", "size": "0.00000118", "price": "118111.51000000", "time": "2025-07-13T12:39:00.080572Z", "fetched_at": "2025-07-13T12:39:32.647090+00:00", "symbol": "BTC-USD"}, {"trade_id": 848203825, "side": "buy", "size": "0.00001972", "price": "118118.38000000", "time": "2025-07-13T12:39:00.080572Z", "fetched_at": "2025-07-13T12:39:32.647090+00:00", "symbol": "BTC-USD"}, {"trade_id": 848203824, "side": "sell", "size": "0.00421000", "price": "118115.53000000", "time": "2025-07-13T12:38:58.537588Z", "fetched_at": "2025-07-13T12:39:32.647090+00:00", "symbol": "BTC-USD"}, {"trade_id": 848203823, "side": "sell", "size": "0.00067053", "price": "118118.95000000", "time": "2025-07-13T12:38:57.086890Z", "fetched_at": "2025-07-13T12:39:32.647090+00:00", "symbol": "BTC-USD"}, {"trade_id": 848203822, "side": "buy", "size": "0.00021775", "price": "118102.57000000", "time": "2025-07-13T12:38:56.482789Z", "fetched_at": "2025-07-13T12:39:32.647090+00:00", "symbol": "BTC-USD"}, {"trade_id": 848203821, "side": "buy", "size": "0.00846707", "price": "118104.49000000", "time": "2025-07-13T12:38:56.482789Z", "fetched_at": "2025-07-13T12:39:32.647090+00:00", "symbol": "BTC-USD"}, {"trade_id": 848203820, "side": "buy", "size": "0.00006688", "price": "118106.33000000", "time": "2025-07-13T12:38:56.482789Z", "fetched_at": "2025-07-13T12:39:32.647090+00:00", "symbol": "BTC-USD"}, {"trade_id": 848203819, "side": "buy", "size": "0.00002243", "price": "118106.33000000", "time": "2025-07-13T12:38:56.482789Z", "fetched_at": "2025-07-13T12:39:32.647090+00:00", "symbol": "BTC-USD"}, {"trade_id": 848203818, "side": "buy", "size": "0.00420790", "price": "118111.50000000", "time": "2025-07-13T12:38:56.482789Z", "fetched_at": "2025-07-13T12:39:32.647090+00:00", "symbol": "BTC-USD"}, {"trade_id": 848203817, "side": "buy", "size": "0.00001797", "price": "118111.51000000", "time": "2025-07-13T12:38:56.482789Z", "fetched_at": "2025-07-13T12:39:32.647090+00:00", "symbol": "BTC-USD"}, {"trade_id": 848203816, "side": "buy", "size": "0.00002550", "price": "118111.50000000", "time": "2025-07-13T12:38:56.046038Z", "fetched_at": "2025-07-13T12:39:32.647090+00:00", "symbol": "BTC-USD"}, {"trade_id": 848203815, "side": "buy", "size": "0.00001726", "price": "118111.51000000", "time": "2025-07-13T12:38:56.046038Z", "fetched_at": "2025-07-13T12:39:32.647090+00:00", "symbol": "BTC-USD"}, {"trade_id": 848203814, "side": "sell", "size": "0.01830979", "price": "118116.06000000", "time": "2025-07-13T12:38:55.926610Z", "fetched_at": "2025-07-13T12:39:32.647090+00:00", "symbol": "BTC-USD"}, {"trade_id": 848203813, "side": "sell", "size": "0.02319037", "price": "118115.00000000", "time": "2025-07-13T12:38:55.926610Z", "fetched_at": "2025-07-13T12:39:32.647090+00:00", "symbol": "BTC-USD"}, {"trade_id": 848203812, "side": "sell", "size": "0.00523615", "price": "118114.94000000", "time": "2025-07-13T12:38:55.926610Z", "fetched_at": "2025-07-13T12:39:32.647090+00:00", "symbol": "BTC-USD"}, {"trade_id": 848203811, "side": "sell", "size": "0.09285726", "price": "118114.94000000", "time": "2025-07-13T12:38:55.926566Z", "fetched_at": "2025-07-13T12:39:32.647090+00:00", "symbol": "BTC-USD"}, {"trade_id": 848203810, "side": "sell", "size": "0.09807818", "price": "118114.91000000", "time": "2025-07-13T12:38:55.926566Z", "fetched_at": "2025-07-13T12:39:32.647090+00:00", "symbol": "BTC-USD"}, {"trade_id": 848203809, "side": "sell", "size": "0.07380757", "price": "118112.34000000", "time": "2025-07-13T12:38:54.981085Z", "fetched_at": "2025-07-13T12:39:32.647090+00:00", "symbol": "BTC-USD"}, {"trade_id": 848203808, "side": "sell", "size": "0.00846651", "price": "118112.34000000", "time": "2025-07-13T12:38:54.981085Z", "fetched_at": "2025-07-13T12:39:32.647090+00:00", "symbol": "BTC-USD"}, {"trade_id": 848203807, "side": "buy", "size": "0.02455495", "price": "118102.04000000", "time": "2025-07-13T12:38:54.749298Z", "fetched_at": "2025-07-13T12:39:32.647090+00:00", "symbol": "BTC-USD"}, {"trade_id": 848203806, "side": "buy", "size": "0.04095441", "price": "118102.14000000", "time": "2025-07-13T12:38:54.749298Z", "fetched_at": "2025-07-13T12:39:32.647090+00:00", "symbol": "BTC-USD"}, {"trade_id": 848203805, "side": "buy", "size": "0.03052423", "price": "118102.24000000", "time": "2025-07-13T12:38:54.749298Z", "fetched_at": "2025-07-13T12:39:32.647090+00:00", "symbol": "BTC-USD"}, {"trade_id": 848203804, "side": "buy", "size": "0.00001000", "price": "118103.80000000", "time": "2025-07-13T12:38:54.749298Z", "fetched_at": "2025-07-13T12:39:32.647090+00:00", "symbol": "BTC-USD"}, {"trade_id": 848203803, "side": "buy", "size": "0.10163142", "price": "118103.84000000", "time": "2025-07-13T12:38:54.749298Z", "fetched_at": "2025-07-13T12:39:32.647090+00:00", "symbol": "BTC-USD"}, {"trade_id": 848203802, "side": "buy", "size": "0.02937058", "price": "118103.93000000", "time": "2025-07-13T12:38:54.749298Z", "fetched_at": "2025-07-13T12:39:32.647090+00:00", "symbol": "BTC-USD"}, {"trade_id": 848203801, "side": "buy", "size": "0.00000304", "price": "118104.25000000", "time": "2025-07-13T12:38:54.749298Z", "fetched_at": "2025-07-13T12:39:32.647090+00:00", "symbol": "BTC-USD"}, {"trade_id": 848203800, "side": "buy", "size": "0.00000101", "price": "118104.25000000", "time": "2025-07-13T12:38:54.749298Z", "fetched_at": "2025-07-13T12:39:32.647090+00:00", "symbol": "BTC-USD"}, {"trade_id": 848203799, "side": "buy", "size": "0.21913976", "price": "118105.43000000", "time": "2025-07-13T12:38:54.749298Z", "fetched_at": "2025-07-13T12:39:32.647090+00:00", "symbol": "BTC-USD"}, {"trade_id": 848203798, "side": "buy", "size": "0.06485611", "price": "118105.80000000", "time": "2025-07-13T12:38:54.749298Z", "fetched_at": "2025-07-13T12:39:32.647090+00:00", "symbol": "BTC-USD"}, {"trade_id": 848203797, "side": "buy", "size": "0.00846695", "price": "118106.21000000", "time": "2025-07-13T12:38:54.749298Z", "fetched_at": "2025-07-13T12:39:32.647090+00:00", "symbol": "BTC-USD"}, {"trade_id": 848203796, "side": "buy", "size": "0.03334903", "price": "118106.30000000", "time": "2025-07-13T12:38:54.749298Z", "fetched_at": "2025-07-13T12:39:32.647090+00:00", "symbol": "BTC-USD"}, {"trade_id": 848203795, "side": "buy", "size": "0.05817729", "price": "118106.31000000", "time": "2025-07-13T12:38:54.749298Z", "fetched_at": "2025-07-13T12:39:32.647090+00:00", "symbol": "BTC-USD"}, {"trade_id": 848203794, "side": "buy", "size": "0.09890963", "price": "118106.32000000", "time": "2025-07-13T12:38:54.749298Z", "fetched_at": "2025-07-13T12:39:32.647090+00:00", "symbol": "BTC-USD"}, {"trade_id": 848203793, "side": "buy", "size": "0.03500000", "price": "118106.33000000", "time": "2025-07-13T12:38:54.749298Z", "fetched_at": "2025-07-13T12:39:32.647090+00:00", "symbol": "BTC-USD"}, {"trade_id": 848203792, "side": "buy", "size": "0.00001296", "price": "118114.99000000", "time": "2025-07-13T12:38:54.749298Z", "fetched_at": "2025-07-13T12:39:32.647090+00:00", "symbol": "BTC-USD"}, {"trade_id": 848203791, "side": "sell", "size": "0.00061706", "price": "118115.00000000", "time": "2025-07-13T12:38:54.512606Z", "fetched_at": "2025-07-13T12:39:32.647090+00:00", "symbol": "BTC-USD"}, {"trade_id": 848203790, "side": "sell", "size": "0.00016453", "price": "118115.00000000", "time": "2025-07-13T12:38:53.681630Z", "fetched_at": "2025-07-13T12:39:32.647090+00:00", "symbol": "BTC-USD"}, {"trade_id": 848203789, "side": "buy", "size": "0.00011046", "price": "118114.99000000", "time": "2025-07-13T12:38:51.829930Z", "fetched_at": "2025-07-13T12:39:32.647090+00:00", "symbol": "BTC-USD"}, {"trade_id": 848203788, "side": "buy", "size": "0.00001697", "price": "118114.99000000", "time": "2025-07-13T12:38:51.829930Z", "fetched_at": "2025-07-13T12:39:32.647090+00:00", "symbol": "BTC-USD"}, {"trade_id": 848203787, "side": "sell", "size": "0.00038548", "price": "118115.00000000", "time": "2025-07-13T12:38:51.499834Z", "fetched_at": "2025-07-13T12:39:32.647090+00:00", "symbol": "BTC-USD"}, {"trade_id": 848203786, "side": "sell", "size": "0.00603094", "price": "118115.00000000", "time": "2025-07-13T12:38:50.545028Z", "fetched_at": "2025-07-13T12:39:32.647090+00:00", "symbol": "BTC-USD"}, {"trade_id": 848203785, "side": "sell", "size": "0.00002164", "price": "118115.00000000", "time": "2025-07-13T12:38:49.422520Z", "fetched_at": "2025-07-13T12:39:32.647090+00:00", "symbol": "BTC-USD"}, {"trade_id": 848203784, "side": "buy", "size": "0.00000021", "price": "118109.74000000", "time": "2025-07-13T12:38:49.149859Z", "fetched_at": "2025-07-13T12:39:32.647090+00:00", "symbol": "BTC-USD"}, {"trade_id": 848203783, "side": "buy", "size": "0.00001638", "price": "118114.99000000", "time": "2025-07-13T12:38:49.149859Z", "fetched_at": "2025-07-13T12:39:32.647090+00:00", "symbol": "BTC-USD"}, {"trade_id": 848203782, "side": "sell", "size": "0.01645489", "price": "118115.00000000", "time": "2025-07-13T12:38:48.912109Z", "fetched_at": "2025-07-13T12:39:32.647090+00:00", "symbol": "BTC-USD"}, {"trade_id": 848203781, "side": "buy", "size": "0.00356458", "price": "118109.73000000", "time": "2025-07-13T12:38:47.895918Z", "fetched_at": "2025-07-13T12:39:32.647090+00:00", "symbol": "BTC-USD"}, {"trade_id": 848203780, "side": "buy", "size": "0.00079959", "price": "118110.00000000", "time": "2025-07-13T12:38:47.895918Z", "fetched_at": "2025-07-13T12:39:32.647090+00:00", "symbol": "BTC-USD"}, {"trade_id": 848203779, "side": "buy", "size": "0.00008402", "price": "118113.62000000", "time": "2025-07-13T12:38:47.895918Z", "fetched_at": "2025-07-13T12:39:32.647090+00:00", "symbol": "BTC-USD"}, {"trade_id": 848203778, "side": "buy", "size": "0.00002458", "price": "118113.65000000", "time": "2025-07-13T12:38:47.895918Z", "fetched_at": "2025-07-13T12:39:32.647090+00:00", "symbol": "BTC-USD"}, {"trade_id": 848203777, "side": "buy", "size": "0.00406614", "price": "118113.65000000", "time": "2025-07-13T12:38:47.895918Z", "fetched_at": "2025-07-13T12:39:32.647090+00:00", "symbol": "BTC-USD"}, {"trade_id": 848203776, "side": "buy", "size": "0.00001217", "price": "118114.99000000", "time": "2025-07-13T12:38:47.895918Z", "fetched_at": "2025-07-13T12:39:32.647090+00:00", "symbol": "BTC-USD"}, {"trade_id": 848203775, "side": "sell", "size": "0.02654938", "price": "118115.00000000", "time": "2025-07-13T12:38:46.520742Z", "fetched_at": "2025-07-13T12:39:32.647090+00:00", "symbol": "BTC-USD"}, {"trade_id": 848203774, "side": "sell", "size": "0.00846641", "price": "118113.72000000", "time": "2025-07-13T12:38:46.520742Z", "fetched_at": "2025-07-13T12:39:32.647090+00:00", "symbol": "BTC-USD"}, {"trade_id": 848203773, "side": "sell", "size": "0.00151753", "price": "118113.72000000", "time": "2025-07-13T12:38:46.520742Z", "fetched_at": "2025-07-13T12:39:32.647090+00:00", "symbol": "BTC-USD"}, {"trade_id": 848203772, "side": "sell", "size": "0.00002251", "price": "118113.72000000", "time": "2025-07-13T12:38:46.037301Z", "fetched_at": "2025-07-13T12:39:32.647090+00:00", "symbol": "BTC-USD"}, {"trade_id": 848203771, "side": "sell", "size": "0.00348698", "price": "118113.72000000", "time": "2025-07-13T12:38:44.866819Z", "fetched_at": "2025-07-13T12:39:32.647090+00:00", "symbol": "BTC-USD"}, {"trade_id": 848203770, "side": "buy", "size": "0.00056252", "price": "118113.67000000", "time": "2025-07-13T12:38:44.117162Z", "fetched_at": "2025-07-13T12:39:32.647090+00:00", "symbol": "BTC-USD"}, {"trade_id": 848203769, "side": "buy", "size": "0.00001248", "price": "118113.71000000", "time": "2025-07-13T12:38:44.117162Z", "fetched_at": "2025-07-13T12:39:32.647090+00:00", "symbol": "BTC-USD"}, {"trade_id": 848203768, "side": "buy", "size": "0.01955725", "price": "118113.71000000", "time": "2025-07-13T12:38:44.081277Z", "fetched_at": "2025-07-13T12:39:32.647090+00:00", "symbol": "BTC-USD"}, {"trade_id": 848203767, "side": "buy", "size": "0.00001241", "price": "118113.71000000", "time": "2025-07-13T12:38:43.720389Z", "fetched_at": "2025-07-13T12:39:32.647090+00:00", "symbol": "BTC-USD"}, {"trade_id": 848203766, "side": "buy", "size": "0.00000685", "price": "118113.71000000", "time": "2025-07-13T12:38:43.260763Z", "fetched_at": "2025-07-13T12:39:32.647090+00:00", "symbol": "BTC-USD"}, {"trade_id": 848203765, "side": "buy", "size": "0.00016722", "price": "118113.65000000", "time": "2025-07-13T12:38:43.065182Z", "fetched_at": "2025-07-13T12:39:32.647090+00:00", "symbol": "BTC-USD"}, {"trade_id": 848203764, "side": "buy", "size": "0.00001218", "price": "118113.71000000", "time": "2025-07-13T12:38:43.065182Z", "fetched_at": "2025-07-13T12:39:32.647090+00:00", "symbol": "BTC-USD"}, {"trade_id": 848203763, "side": "sell", "size": "0.00020954", "price": "118113.72000000", "time": "2025-07-13T12:38:42.284531Z", "fetched_at": "2025-07-13T12:39:32.647090+00:00", "symbol": "BTC-USD"}, {"trade_id": 848203762, "side": "sell", "size": "0.00000297", "price": "118113.72000000", "time": "2025-07-13T12:38:41.972411Z", "fetched_at": "2025-07-13T12:39:32.647090+00:00", "symbol": "BTC-USD"}, {"trade_id": 848203761, "side": "buy", "size": "0.00001864", "price": "118113.71000000", "time": "2025-07-13T12:38:41.749120Z", "fetched_at": "2025-07-13T12:39:32.647090+00:00", "symbol": "BTC-USD"}, {"trade_id": 848203760, "side": "sell", "size": "0.00003003", "price": "118117.15000000", "time": "2025-07-13T12:38:38.491654Z", "fetched_at": "2025-07-13T12:39:32.647090+00:00", "symbol": "BTC-USD"}, {"trade_id": 848203759, "side": "sell", "size": "0.00427560", "price": "118117.15000000", "time": "2025-07-13T12:38:38.124664Z", "fetched_at": "2025-07-13T12:39:32.647090+00:00", "symbol": "BTC-USD"}, {"trade_id": 848203758, "side": "sell", "size": "0.00021004", "price": "118117.15000000", "time": "2025-07-13T12:38:37.055234Z", "fetched_at": "2025-07-13T12:39:32.647090+00:00", "symbol": "BTC-USD"}, {"trade_id": 848203757, "side": "sell", "size": "0.00400000", "price": "118117.15000000", "time": "2025-07-13T12:38:36.827573Z", "fetched_at": "2025-07-13T12:39:32.647090+00:00", "symbol": "BTC-USD"}, {"trade_id": 848203756, "side": "sell", "size": "0.00047717", "price": "118117.15000000", "time": "2025-07-13T12:38:32.930886Z", "fetched_at": "2025-07-13T12:39:32.647090+00:00", "symbol": "BTC-USD"}, {"trade_id": 848203755, "side": "sell", "size": "0.00062315", "price": "118117.15000000", "time": "2025-07-13T12:38:32.794557Z", "fetched_at": "2025-07-13T12:39:32.647090+00:00", "symbol": "BTC-USD"}, {"trade_id": 848203754, "side": "sell", "size": "0.00041136", "price": "118117.15000000", "time": "2025-07-13T12:38:29.676737Z", "fetched_at": "2025-07-13T12:39:32.647090+00:00", "symbol": "BTC-USD"}, {"trade_id": 848203753, "side": "buy", "size": "0.00003405", "price": "118117.14000000", "time": "2025-07-13T12:38:25.685068Z", "fetched_at": "2025-07-13T12:39:32.647090+00:00", "symbol": "BTC-USD"}, {"trade_id": 848203752, "side": "sell", "size": "0.02560000", "price": "118113.70000000", "time": "2025-07-13T12:38:24.388895Z", "fetched_at": "2025-07-13T12:39:32.647090+00:00", "symbol": "BTC-USD"}, {"trade_id": 848203751, "side": "buy", "size": "0.00522737", "price": "118113.69000000", "time": "2025-07-13T12:38:23.847268Z", "fetched_at": "2025-07-13T12:39:32.647090+00:00", "symbol": "BTC-USD"}, {"trade_id": 848203750, "side": "sell", "size": "0.00041136", "price": "118113.70000000", "time": "2025-07-13T12:38:22.639026Z", "fetched_at": "2025-07-13T12:39:32.647090+00:00", "symbol": "BTC-USD"}, {"trade_id": 848203749, "side": "sell", "size": "0.00001650", "price": "118113.70000000", "time": "2025-07-13T12:38:22.007231Z", "fetched_at": "2025-07-13T12:39:32.647090+00:00", "symbol": "BTC-USD"}, {"trade_id": 848203748, "side": "sell", "size": "0.00024688", "price": "118113.70000000", "time": "2025-07-13T12:38:21.910764Z", "fetched_at": "2025-07-13T12:39:32.647090+00:00", "symbol": "BTC-USD"}, {"trade_id": 848203747, "side": "sell", "size": "0.00024684", "price": "118117.14000000", "time": "2025-07-13T12:38:20.319558Z", "fetched_at": "2025-07-13T12:39:32.647090+00:00", "symbol": "BTC-USD"}, {"trade_id": 848203746, "side": "sell", "size": "0.00167630", "price": "118113.59000000", "time": "2025-07-13T12:38:19.968428Z", "fetched_at": "2025-07-13T12:39:32.647090+00:00", "symbol": "BTC-USD"}, {"trade_id": 848203745, "side": "sell", "size": "0.00032669", "price": "118121.91000000", "time": "2025-07-13T12:38:18.561722Z", "fetched_at": "2025-07-13T12:39:32.647090+00:00", "symbol": "BTC-USD"}, {"trade_id": 848203744, "side": "sell", "size": "0.00008467", "price": "118121.91000000", "time": "2025-07-13T12:38:18.561722Z", "fetched_at": "2025-07-13T12:39:32.647090+00:00", "symbol": "BTC-USD"}, {"trade_id": 848203743, "side": "sell", "size": "0.00003871", "price": "118121.92000000", "time": "2025-07-13T12:38:18.419862Z", "fetched_at": "2025-07-13T12:39:32.647090+00:00", "symbol": "BTC-USD"}, {"trade_id": 848203742, "side": "sell", "size": "0.00008467", "price": "118121.91000000", "time": "2025-07-13T12:38:18.419862Z", "fetched_at": "2025-07-13T12:39:32.647090+00:00", "symbol": "BTC-USD"}, {"trade_id": 848203741, "side": "buy", "size": "0.00256533", "price": "118115.62000000", "time": "2025-07-13T12:38:16.960545Z", "fetched_at": "2025-07-13T12:39:32.647090+00:00", "symbol": "BTC-USD"}, {"trade_id": 848203740, "side": "buy", "size": "0.10395884", "price": "118115.62000000", "time": "2025-07-13T12:38:16.948962Z", "fetched_at": "2025-07-13T12:39:32.647090+00:00", "symbol": "BTC-USD"}, {"trade_id": 848203739, "side": "buy", "size": "0.02289000", "price": "118115.62000000", "time": "2025-07-13T12:38:16.948962Z", "fetched_at": "2025-07-13T12:39:32.647090+00:00", "symbol": "BTC-USD"}, {"trade_id": 848203738, "side": "sell", "size": "0.00033441", "price": "118115.63000000", "time": "2025-07-13T12:38:16.781182Z", "fetched_at": "2025-07-13T12:39:32.647090+00:00", "symbol": "BTC-USD"}, {"trade_id": 848203737, "side": "sell", "size": "0.00008467", "price": "118112.23000000", "time": "2025-07-13T12:38:16.781182Z", "fetched_at": "2025-07-13T12:39:32.647090+00:00", "symbol": "BTC-USD"}, {"trade_id": 848203736, "side": "sell", "size": "0.00007986", "price": "118120.36000000", "time": "2025-07-13T12:38:16.539513Z", "fetched_at": "2025-07-13T12:39:32.647090+00:00", "symbol": "BTC-USD"}, {"trade_id": 848203735, "side": "sell", "size": "0.00008467", "price": "118120.35000000", "time": "2025-07-13T12:38:16.539513Z", "fetched_at": "2025-07-13T12:39:32.647090+00:00", "symbol": "BTC-USD"}, {"trade_id": 848203734, "side": "sell", "size": "0.00012101", "price": "118120.41000000", "time": "2025-07-13T12:38:16.379279Z", "fetched_at": "2025-07-13T12:39:32.647090+00:00", "symbol": "BTC-USD"}, {"trade_id": 848203733, "side": "sell", "size": "0.00008467", "price": "118120.40000000", "time": "2025-07-13T12:38:16.379279Z", "fetched_at": "2025-07-13T12:39:32.647090+00:00", "symbol": "BTC-USD"}, {"trade_id": 848203732, "side": "buy", "size": "0.03634183", "price": "118105.43000000", "time": "2025-07-13T12:38:15.480594Z", "fetched_at": "2025-07-13T12:39:32.647090+00:00", "symbol": "BTC-USD"}, {"trade_id": 848203731, "side": "buy", "size": "0.00636820", "price": "118110.53000000", "time": "2025-07-13T12:38:15.480594Z", "fetched_at": "2025-07-13T12:39:32.647090+00:00", "symbol": "BTC-USD"}, {"trade_id": 848203730, "side": "buy", "size": "0.04000000", "price": "118111.72000000", "time": "2025-07-13T12:38:15.480594Z", "fetched_at": "2025-07-13T12:39:32.647090+00:00", "symbol": "BTC-USD"}, {"trade_id": 848203729, "side": "buy", "size": "0.03738432", "price": "118113.58000000", "time": "2025-07-13T12:38:15.480594Z", "fetched_at": "2025-07-13T12:39:32.647090+00:00", "symbol": "BTC-USD"}, {"trade_id": 848203728, "side": "buy", "size": "0.03500000", "price": "118113.59000000", "time": "2025-07-13T12:38:15.480594Z", "fetched_at": "2025-07-13T12:39:32.647090+00:00", "symbol": "BTC-USD"}, {"trade_id": 848203727, "side": "buy", "size": "0.00423323", "price": "118113.60000000", "time": "2025-07-13T12:38:15.480594Z", "fetched_at": "2025-07-13T12:39:32.647090+00:00", "symbol": "BTC-USD"}, {"trade_id": 848203726, "side": "buy", "size": "0.00002698", "price": "118113.61000000", "time": "2025-07-13T12:38:15.480594Z", "fetched_at": "2025-07-13T12:39:32.647090+00:00", "symbol": "BTC-USD"}, {"trade_id": 848203725, "side": "buy", "size": "0.00040468", "price": "118113.61000000", "time": "2025-07-13T12:38:15.480594Z", "fetched_at": "2025-07-13T12:39:32.647090+00:00", "symbol": "BTC-USD"}, {"trade_id": 848203724, "side": "buy", "size": "0.02900000", "price": "118113.64000000", "time": "2025-07-13T12:38:15.480594Z", "fetched_at": "2025-07-13T12:39:32.647090+00:00", "symbol": "BTC-USD"}, {"trade_id": 848203723, "side": "sell", "size": "0.00003981", "price": "118120.69000000", "time": "2025-07-13T12:38:15.403156Z", "fetched_at": "2025-07-13T12:39:32.647090+00:00", "symbol": "BTC-USD"}, {"trade_id": 848203722, "side": "sell", "size": "0.00251445", "price": "118113.62000000", "time": "2025-07-13T12:38:14.037208Z", "fetched_at": "2025-07-13T12:39:32.647090+00:00", "symbol": "BTC-USD"}, {"trade_id": 848203721, "side": "sell", "size": "0.00040147", "price": "118113.62000000", "time": "2025-07-13T12:38:12.993183Z", "fetched_at": "2025-07-13T12:39:32.647090+00:00", "symbol": "BTC-USD"}, {"trade_id": 848203720, "side": "buy", "size": "0.00000340", "price": "118113.61000000", "time": "2025-07-13T12:38:11.443273Z", "fetched_at": "2025-07-13T12:39:32.647090+00:00", "symbol": "BTC-USD"}, {"trade_id": 848203719, "side": "sell", "size": "0.00020568", "price": "118113.62000000", "time": "2025-07-13T12:38:11.103600Z", "fetched_at": "2025-07-13T12:39:32.647090+00:00", "symbol": "BTC-USD"}, {"trade_id": 848203718, "side": "buy", "size": "0.02010787", "price": "118113.59000000", "time": "2025-07-13T12:38:09.354047Z", "fetched_at": "2025-07-13T12:39:32.647090+00:00", "symbol": "BTC-USD"}, {"trade_id": 848203717, "side": "buy", "size": "0.00002336", "price": "118113.60000000", "time": "2025-07-13T12:38:09.354047Z", "fetched_at": "2025-07-13T12:39:32.647090+00:00", "symbol": "BTC-USD"}, {"trade_id": 848203716, "side": "buy", "size": "0.00004500", "price": "118117.09000000", "time": "2025-07-13T12:38:09.354047Z", "fetched_at": "2025-07-13T12:39:32.647090+00:00", "symbol": "BTC-USD"}, {"trade_id": 848203715, "side": "buy", "size": "0.00205615", "price": "118117.09000000", "time": "2025-07-13T12:38:09.354047Z", "fetched_at": "2025-07-13T12:39:32.647090+00:00", "symbol": "BTC-USD"}, {"trade_id": 848203714, "side": "buy", "size": "0.00118379", "price": "118117.09000000", "time": "2025-07-13T12:38:06.278273Z", "fetched_at": "2025-07-13T12:39:32.647090+00:00", "symbol": "BTC-USD"}, {"trade_id": 848203713, "side": "buy", "size": "0.00023933", "price": "118117.09000000", "time": "2025-07-13T12:38:05.515110Z", "fetched_at": "2025-07-13T12:39:32.647090+00:00", "symbol": "BTC-USD"}, {"trade_id": 848203712, "side": "sell", "size": "0.00024223", "price": "118117.10000000", "time": "2025-07-13T12:38:03.958327Z", "fetched_at": "2025-07-13T12:39:32.647090+00:00", "symbol": "BTC-USD"}, {"trade_id": 848203711, "side": "sell", "size": "0.00004015", "price": "118116.96000000", "time": "2025-07-13T12:38:02.205798Z", "fetched_at": "2025-07-13T12:39:32.647090+00:00", "symbol": "BTC-USD"}, {"trade_id": 848203710, "side": "sell", "size": "0.00242893", "price": "118113.60000000", "time": "2025-07-13T12:38:00.889318Z", "fetched_at": "2025-07-13T12:39:32.647090+00:00", "symbol": "BTC-USD"}, {"trade_id": 848203709, "side": "sell", "size": "0.00142320", "price": "118113.60000000", "time": "2025-07-13T12:38:00.103346Z", "fetched_at": "2025-07-13T12:39:32.647090+00:00", "symbol": "BTC-USD"}, {"trade_id": 848203708, "side": "sell", "size": "0.00035680", "price": "118113.59000000", "time": "2025-07-13T12:38:00.103346Z", "fetched_at": "2025-07-13T12:39:32.647090+00:00", "symbol": "BTC-USD"}, {"trade_id": 848203707, "side": "buy", "size": "0.00961568", "price": "118113.58000000", "time": "2025-07-13T12:37:58.429944Z", "fetched_at": "2025-07-13T12:39:32.647090+00:00", "symbol": "BTC-USD"}, {"trade_id": 848203706, "side": "sell", "size": "0.00169069", "price": "118113.59000000", "time": "2025-07-13T12:37:58.194957Z", "fetched_at": "2025-07-13T12:39:32.647090+00:00", "symbol": "BTC-USD"}, {"trade_id": 848203705, "side": "sell", "size": "0.00080299", "price": "118113.59000000", "time": "2025-07-13T12:37:57.863364Z", "fetched_at": "2025-07-13T12:39:32.647090+00:00", "symbol": "BTC-USD"}, {"trade_id": 848203704, "side": "sell", "size": "0.00205671", "price": "118113.60000000", "time": "2025-07-13T12:37:54.379833Z", "fetched_at": "2025-07-13T12:39:32.647090+00:00", "symbol": "BTC-USD"}, {"trade_id": 848203703, "side": "sell", "size": "0.00002553", "price": "118115.95000000", "time": "2025-07-13T12:37:53.645146Z", "fetched_at": "2025-07-13T12:39:32.647090+00:00", "symbol": "BTC-USD"}, {"trade_id": 848203702, "side": "sell", "size": "0.00005678", "price": "118115.94000000", "time": "2025-07-13T12:37:53.645146Z", "fetched_at": "2025-07-13T12:39:32.647090+00:00", "symbol": "BTC-USD"}, {"trade_id": 848203701, "side": "sell", "size": "0.00527448", "price": "118115.97000000", "time": "2025-07-13T12:37:53.593999Z", "fetched_at": "2025-07-13T12:39:32.647090+00:00", "symbol": "BTC-USD"}, {"trade_id": 848203700, "side": "sell", "size": "0.00005678", "price": "118115.96000000", "time": "2025-07-13T12:37:53.593999Z", "fetched_at": "2025-07-13T12:39:32.647090+00:00", "symbol": "BTC-USD"}, {"trade_id": 848203699, "side": "sell", "size": "0.00846686", "price": "118107.45000000", "time": "2025-07-13T12:37:53.593999Z", "fetched_at": "2025-07-13T12:39:32.647090+00:00", "symbol": "BTC-USD"}, {"trade_id": 848203698, "side": "sell", "size": "0.00265679", "price": "118105.89000000", "time": "2025-07-13T12:37:53.593999Z", "fetched_at": "2025-07-13T12:39:32.647090+00:00", "symbol": "BTC-USD"}, {"trade_id": 848203697, "side": "buy", "size": "0.00167988", "price": "118104.88000000", "time": "2025-07-13T12:37:50.972662Z", "fetched_at": "2025-07-13T12:39:32.647090+00:00", "symbol": "BTC-USD"}, {"trade_id": 848203696, "side": "buy", "size": "0.00003019", "price": "118104.89000000", "time": "2025-07-13T12:37:50.972662Z", "fetched_at": "2025-07-13T12:39:32.647090+00:00", "symbol": "BTC-USD"}, {"trade_id": 848203695, "side": "sell", "size": "0.00039839", "price": "118113.53000000", "time": "2025-07-13T12:37:50.785869Z", "fetched_at": "2025-07-13T12:39:32.647090+00:00", "symbol": "BTC-USD"}, {"trade_id": 848203694, "side": "sell", "size": "0.00008211", "price": "118113.43000000", "time": "2025-07-13T12:37:50.785869Z", "fetched_at": "2025-07-13T12:39:32.647090+00:00", "symbol": "BTC-USD"}, {"trade_id": 848203693, "side": "buy", "size": "0.00589623", "price": "118104.92000000", "time": "2025-07-13T12:37:50.776193Z", "fetched_at": "2025-07-13T12:39:32.647090+00:00", "symbol": "BTC-USD"}, {"trade_id": 848203692, "side": "buy", "size": "0.00003026", "price": "118104.93000000", "time": "2025-07-13T12:37:50.776193Z", "fetched_at": "2025-07-13T12:39:32.647090+00:00", "symbol": "BTC-USD"}, {"trade_id": 848203691, "side": "sell", "size": "0.01795315", "price": "118113.58000000", "time": "2025-07-13T12:37:49.359277Z", "fetched_at": "2025-07-13T12:39:32.647090+00:00", "symbol": "BTC-USD"}, {"trade_id": 848203690, "side": "sell", "size": "0.01487750", "price": "118106.34000000", "time": "2025-07-13T12:37:49.359277Z", "fetched_at": "2025-07-13T12:39:32.647090+00:00", "symbol": "BTC-USD"}, {"trade_id": 848203689, "side": "sell", "size": "0.00830252", "price": "118104.89000000", "time": "2025-07-13T12:37:49.359277Z", "fetched_at": "2025-07-13T12:39:32.647090+00:00", "symbol": "BTC-USD"}, {"trade_id": 848203688, "side": "buy", "size": "0.00010260", "price": "118104.88000000", "time": "2025-07-13T12:37:48.795294Z", "fetched_at": "2025-07-13T12:39:32.647090+00:00", "symbol": "BTC-USD"}, {"trade_id": 848203687, "side": "sell", "size": "0.00016452", "price": "118104.89000000", "time": "2025-07-13T12:37:48.744741Z", "fetched_at": "2025-07-13T12:39:32.647090+00:00", "symbol": "BTC-USD"}, {"trade_id": 848203686, "side": "sell", "size": "0.07000000", "price": "118104.90000000", "time": "2025-07-13T12:37:47.842592Z", "fetched_at": "2025-07-13T12:39:32.647090+00:00", "symbol": "BTC-USD"}, {"trade_id": 848203685, "side": "buy", "size": "0.05902919", "price": "118111.04000000", "time": "2025-07-13T12:37:47.792836Z", "fetched_at": "2025-07-13T12:39:32.647090+00:00", "symbol": "BTC-USD"}, {"trade_id": 848203684, "side": "buy", "size": "0.00001488", "price": "118111.04000000", "time": "2025-07-13T12:37:47.792836Z", "fetched_at": "2025-07-13T12:39:32.647090+00:00", "symbol": "BTC-USD"}, {"trade_id": 848203683, "side": "buy", "size": "0.04372313", "price": "118113.58000000", "time": "2025-07-13T12:37:47.782050Z", "fetched_at": "2025-07-13T12:39:32.647090+00:00", "symbol": "BTC-USD"}, {"trade_id": 848203682, "side": "buy", "size": "0.00214000", "price": "118113.58000000", "time": "2025-07-13T12:37:46.286513Z", "fetched_at": "2025-07-13T12:39:32.647090+00:00", "symbol": "BTC-USD"}, {"trade_id": 848203681, "side": "sell", "size": "0.02468038", "price": "118113.59000000", "time": "2025-07-13T12:37:45.398398Z", "fetched_at": "2025-07-13T12:39:32.647090+00:00", "symbol": "BTC-USD"}, {"trade_id": 848203680, "side": "buy", "size": "0.00013687", "price": "118113.58000000", "time": "2025-07-13T12:37:44.535868Z", "fetched_at": "2025-07-13T12:39:32.647090+00:00", "symbol": "BTC-USD"}, {"trade_id": 848203679, "side": "buy", "size": "0.00001783", "price": "118113.59000000", "time": "2025-07-13T12:37:44.535868Z", "fetched_at": "2025-07-13T12:39:32.647090+00:00", "symbol": "BTC-USD"}, {"trade_id": 848203678, "side": "buy", "size": "0.04500000", "price": "118113.58000000", "time": "2025-07-13T12:37:43.850348Z", "fetched_at": "2025-07-13T12:39:32.647090+00:00", "symbol": "BTC-USD"}, {"trade_id": 848203677, "side": "buy", "size": "0.00001806", "price": "118113.68000000", "time": "2025-07-13T12:37:43.850348Z", "fetched_at": "2025-07-13T12:39:32.647090+00:00", "symbol": "BTC-USD"}, {"trade_id": 848203676, "side": "buy", "size": "0.00001422", "price": "118113.68000000", "time": "2025-07-13T12:37:43.850348Z", "fetched_at": "2025-07-13T12:39:32.647090+00:00", "symbol": "BTC-USD"}, {"trade_id": 848203675, "side": "sell", "size": "0.00035477", "price": "118113.69000000", "time": "2025-07-13T12:37:42.156658Z", "fetched_at": "2025-07-13T12:39:32.647090+00:00", "symbol": "BTC-USD"}, {"trade_id": 848203674, "side": "buy", "size": "0.02929390", "price": "118113.58000000", "time": "2025-07-13T12:37:42.049924Z", "fetched_at": "2025-07-13T12:39:32.647090+00:00", "symbol": "BTC-USD"}, {"trade_id": 848203673, "side": "buy", "size": "0.02070610", "price": "118113.58000000", "time": "2025-07-13T12:37:42.046541Z", "fetched_at": "2025-07-13T12:39:32.647090+00:00", "symbol": "BTC-USD"}, {"trade_id": 848203672, "side": "buy", "size": "0.00222311", "price": "118115.92000000", "time": "2025-07-13T12:37:42.042971Z", "fetched_at": "2025-07-13T12:39:32.647090+00:00", "symbol": "BTC-USD"}, {"trade_id": 848203671, "side": "buy", "size": "0.00119896", "price": "118117.24000000", "time": "2025-07-13T12:37:42.042971Z", "fetched_at": "2025-07-13T12:39:32.647090+00:00", "symbol": "BTC-USD"}, {"trade_id": 848203670, "side": "buy", "size": "0.00104502", "price": "118117.24000000", "time": "2025-07-13T12:37:42.039762Z", "fetched_at": "2025-07-13T12:39:32.647090+00:00", "symbol": "BTC-USD"}, {"trade_id": 848203669, "side": "buy", "size": "0.00163803", "price": "118117.26000000", "time": "2025-07-13T12:37:42.039762Z", "fetched_at": "2025-07-13T12:39:32.647090+00:00", "symbol": "BTC-USD"}, {"trade_id": 848203668, "side": "buy", "size": "0.03843493", "price": "118117.24000000", "time": "2025-07-13T12:37:42.035935Z", "fetched_at": "2025-07-13T12:39:32.647090+00:00", "symbol": "BTC-USD"}, {"trade_id": 848203667, "side": "buy", "size": "0.00001733", "price": "118117.25000000", "time": "2025-07-13T12:37:42.035935Z", "fetched_at": "2025-07-13T12:39:32.647090+00:00", "symbol": "BTC-USD"}, {"trade_id": 848203666, "side": "buy", "size": "0.00153072", "price": "118120.54000000", "time": "2025-07-13T12:37:42.028895Z", "fetched_at": "2025-07-13T12:39:32.647090+00:00", "symbol": "BTC-USD"}, {"trade_id": 848203665, "side": "buy", "size": "0.00640751", "price": "118122.28000000", "time": "2025-07-13T12:37:42.027579Z", "fetched_at": "2025-07-13T12:39:32.647090+00:00", "symbol": "BTC-USD"}, {"trade_id": 848203664, "side": "buy", "size": "0.02065426", "price": "118122.28000000", "time": "2025-07-13T12:37:42.019470Z", "fetched_at": "2025-07-13T12:39:32.647090+00:00", "symbol": "BTC-USD"}, {"trade_id": 848203663, "side": "buy", "size": "0.00640751", "price": "118122.30000000", "time": "2025-07-13T12:37:42.019470Z", "fetched_at": "2025-07-13T12:39:32.647090+00:00", "symbol": "BTC-USD"}, {"trade_id": 848203662, "side": "buy", "size": "0.02859249", "price": "118122.30000000", "time": "2025-07-13T12:37:42.016207Z", "fetched_at": "2025-07-13T12:39:32.647090+00:00", "symbol": "BTC-USD"}, {"trade_id": 848203661, "side": "buy", "size": "0.02093823", "price": "118122.28000000", "time": "2025-07-13T12:37:42.008409Z", "fetched_at": "2025-07-13T12:39:32.647090+00:00", "symbol": "BTC-USD"}, {"trade_id": 848203660, "side": "buy", "size": "0.00229449", "price": "118123.57000000", "time": "2025-07-13T12:37:42.008409Z", "fetched_at": "2025-07-13T12:39:32.647090+00:00", "symbol": "BTC-USD"}, {"trade_id": 848203659, "side": "buy", "size": "0.06383503", "price": "118123.57000000", "time": "2025-07-13T12:37:42.008409Z", "fetched_at": "2025-07-13T12:39:32.647090+00:00", "symbol": "BTC-USD"}, {"trade_id": 848203658, "side": "sell", "size": "0.00101740", "price": "118123.58000000", "time": "2025-07-13T12:37:41.850418Z", "fetched_at": "2025-07-13T12:39:32.647090+00:00", "symbol": "BTC-USD"}, {"trade_id": 848203657, "side": "sell", "size": "0.00002406", "price": "118123.58000000", "time": "2025-07-13T12:37:40.520753Z", "fetched_at": "2025-07-13T12:39:32.647090+00:00", "symbol": "BTC-USD"}, {"trade_id": 848203656, "side": "buy", "size": "0.01578316", "price": "118123.57000000", "time": "2025-07-13T12:37:40.374998Z", "fetched_at": "2025-07-13T12:39:32.647090+00:00", "symbol": "BTC-USD"}, {"trade_id": 848203655, "side": "buy", "size": "0.00111155", "price": "118123.57000000", "time": "2025-07-13T12:37:40.374998Z", "fetched_at": "2025-07-13T12:39:32.647090+00:00", "symbol": "BTC-USD"}, {"trade_id": 848203654, "side": "buy", "size": "0.00003671", "price": "118123.57000000", "time": "2025-07-13T12:37:40.374998Z", "fetched_at": "2025-07-13T12:39:32.647090+00:00", "symbol": "BTC-USD"}, {"trade_id": 848203653, "side": "sell", "size": "0.00168645", "price": "118123.58000000", "time": "2025-07-13T12:37:39.683903Z", "fetched_at": "2025-07-13T12:39:32.647090+00:00", "symbol": "BTC-USD"}, {"trade_id": 848203652, "side": "sell", "size": "0.00007543", "price": "118123.58000000", "time": "2025-07-13T12:37:37.556474Z", "fetched_at": "2025-07-13T12:39:32.647090+00:00", "symbol": "BTC-USD"}, {"trade_id": 848203651, "side": "sell", "size": "0.00020075", "price": "118123.58000000", "time": "2025-07-13T12:37:36.864313Z", "fetched_at": "2025-07-13T12:39:32.647090+00:00", "symbol": "BTC-USD"}, {"trade_id": 848203650, "side": "sell", "size": "0.00000008", "price": "118123.58000000", "time": "2025-07-13T12:37:36.361956Z", "fetched_at": "2025-07-13T12:39:32.647090+00:00", "symbol": "BTC-USD"}, {"trade_id": 848203649, "side": "sell", "size": "0.00000016", "price": "118123.58000000", "time": "2025-07-13T12:37:36.345335Z", "fetched_at": "2025-07-13T12:39:32.647090+00:00", "symbol": "BTC-USD"}, {"trade_id": 848203648, "side": "sell", "size": "0.00052178", "price": "118123.58000000", "time": "2025-07-13T12:37:36.327665Z", "fetched_at": "2025-07-13T12:39:32.647090+00:00", "symbol": "BTC-USD"}, {"trade_id": 848203647, "side": "sell", "size": "0.00000110", "price": "118123.58000000", "time": "2025-07-13T12:37:36.327665Z", "fetched_at": "2025-07-13T12:39:32.647090+00:00", "symbol": "BTC-USD"}, {"trade_id": 848203646, "side": "sell", "size": "0.00012568", "price": "118123.58000000", "time": "2025-07-13T12:37:35.568842Z", "fetched_at": "2025-07-13T12:39:32.647090+00:00", "symbol": "BTC-USD"}, {"trade_id": 848203645, "side": "sell", "size": "0.00059381", "price": "118123.58000000", "time": "2025-07-13T12:37:35.300034Z", "fetched_at": "2025-07-13T12:39:32.647090+00:00", "symbol": "BTC-USD"}, {"trade_id": 848203644, "side": "sell", "size": "0.00022823", "price": "118123.58000000", "time": "2025-07-13T12:37:34.368253Z", "fetched_at": "2025-07-13T12:39:32.647090+00:00", "symbol": "BTC-USD"}, {"trade_id": 848203643, "side": "sell", "size": "0.00000211", "price": "118123.58000000", "time": "2025-07-13T12:37:34.368253Z", "fetched_at": "2025-07-13T12:39:32.647090+00:00", "symbol": "BTC-USD"}, {"trade_id": 848203642, "side": "sell", "size": "0.00205279", "price": "118123.58000000", "time": "2025-07-13T12:37:33.335836Z", "fetched_at": "2025-07-13T12:39:32.647090+00:00", "symbol": "BTC-USD"}, {"trade_id": 848203641, "side": "sell", "size": "0.00000414", "price": "118123.58000000", "time": "2025-07-13T12:37:33.335836Z", "fetched_at": "2025-07-13T12:39:32.647090+00:00", "symbol": "BTC-USD"}, {"trade_id": 848203640, "side": "sell", "size": "0.00131647", "price": "118123.58000000", "time": "2025-07-13T12:37:30.635298Z", "fetched_at": "2025-07-13T12:39:32.647090+00:00", "symbol": "BTC-USD"}, {"trade_id": 848203639, "side": "sell", "size": "0.02560000", "price": "118111.04000000", "time": "2025-07-13T12:37:29.684430Z", "fetched_at": "2025-07-13T12:39:32.647090+00:00", "symbol": "BTC-USD"}, {"trade_id": 848203638, "side": "sell", "size": "0.00000211", "price": "118111.04000000", "time": "2025-07-13T12:37:29.684430Z", "fetched_at": "2025-07-13T12:39:32.647090+00:00", "symbol": "BTC-USD"}, {"trade_id": 848203637, "side": "sell", "size": "0.00281379", "price": "118111.04000000", "time": "2025-07-13T12:37:29.684430Z", "fetched_at": "2025-07-13T12:39:32.647090+00:00", "symbol": "BTC-USD"}, {"trade_id": 848203636, "side": "sell", "size": "0.06443276", "price": "118111.04000000", "time": "2025-07-13T12:37:29.684190Z", "fetched_at": "2025-07-13T12:39:32.647090+00:00", "symbol": "BTC-USD"}, {"trade_id": 848203635, "side": "sell", "size": "0.00007831", "price": "118111.04000000", "time": "2025-07-13T12:37:27.235333Z", "fetched_at": "2025-07-13T12:39:32.647090+00:00", "symbol": "BTC-USD"}, {"trade_id": 848203634, "side": "sell", "size": "0.00004116", "price": "118111.04000000", "time": "2025-07-13T12:37:26.333494Z", "fetched_at": "2025-07-13T12:39:32.647090+00:00", "symbol": "BTC-USD"}, {"trade_id": 848203633, "side": "buy", "size": "0.00000423", "price": "118111.03000000", "time": "2025-07-13T12:37:26.214486Z", "fetched_at": "2025-07-13T12:39:32.647090+00:00", "symbol": "BTC-USD"}, {"trade_id": 848203632, "side": "buy", "size": "0.00411503", "price": "118111.03000000", "time": "2025-07-13T12:37:25.727063Z", "fetched_at": "2025-07-13T12:39:32.647090+00:00", "symbol": "BTC-USD"}, {"trade_id": 848203631, "side": "buy", "size": "0.00846661", "price": "118111.03000000", "time": "2025-07-13T12:37:25.341576Z", "fetched_at": "2025-07-13T12:39:32.647090+00:00", "symbol": "BTC-USD"}, {"trade_id": 848203630, "side": "buy", "size": "0.00012700", "price": "118111.03000000", "time": "2025-07-13T12:37:24.943452Z", "fetched_at": "2025-07-13T12:39:32.647090+00:00", "symbol": "BTC-USD"}, {"trade_id": 848203629, "side": "buy", "size": "0.00423330", "price": "118111.03000000", "time": "2025-07-13T12:37:24.489698Z", "fetched_at": "2025-07-13T12:39:32.647090+00:00", "symbol": "BTC-USD"}, {"trade_id": 848203628, "side": "sell", "size": "0.00046562", "price": "118111.04000000", "time": "2025-07-13T12:37:24.266045Z", "fetched_at": "2025-07-13T12:39:32.647090+00:00", "symbol": "BTC-USD"}, {"trade_id": 848203627, "side": "buy", "size": "0.00008792", "price": "118111.03000000", "time": "2025-07-13T12:37:23.471520Z", "fetched_at": "2025-07-13T12:39:32.647090+00:00", "symbol": "BTC-USD"}, {"trade_id": 848203626, "side": "sell", "size": "0.00008170", "price": "118111.04000000", "time": "2025-07-13T12:37:22.736514Z", "fetched_at": "2025-07-13T12:39:32.647090+00:00", "symbol": "BTC-USD"}, {"trade_id": 848203625, "side": "sell", "size": "0.00334315", "price": "118111.04000000", "time": "2025-07-13T12:37:21.344447Z", "fetched_at": "2025-07-13T12:39:32.647090+00:00", "symbol": "BTC-USD"}, {"trade_id": 848203624, "side": "sell", "size": "0.00008379", "price": "118111.04000000", "time": "2025-07-13T12:37:20.396444Z", "fetched_at": "2025-07-13T12:39:32.647090+00:00", "symbol": "BTC-USD"}, {"trade_id": 848203623, "side": "sell", "size": "0.00086362", "price": "118111.04000000", "time": "2025-07-13T12:37:19.947941Z", "fetched_at": "2025-07-13T12:39:32.647090+00:00", "symbol": "BTC-USD"}, {"trade_id": 848203622, "side": "sell", "size": "0.00083790", "price": "118111.04000000", "time": "2025-07-13T12:37:19.272662Z", "fetched_at": "2025-07-13T12:39:32.647090+00:00", "symbol": "BTC-USD"}, {"trade_id": 848203621, "side": "buy", "size": "0.00094672", "price": "118111.03000000", "time": "2025-07-13T12:37:19.248846Z", "fetched_at": "2025-07-13T12:39:32.647090+00:00", "symbol": "BTC-USD"}, {"trade_id": 848203620, "side": "buy", "size": "0.00002652", "price": "118111.03000000", "time": "2025-07-13T12:37:19.248846Z", "fetched_at": "2025-07-13T12:39:32.647090+00:00", "symbol": "BTC-USD"}, {"trade_id": 848203619, "side": "sell", "size": "0.00125474", "price": "118111.04000000", "time": "2025-07-13T12:37:19.186656Z", "fetched_at": "2025-07-13T12:39:32.647090+00:00", "symbol": "BTC-USD"}, {"trade_id": 848203618, "side": "sell", "size": "0.00000211", "price": "118111.02000000", "time": "2025-07-13T12:37:19.186656Z", "fetched_at": "2025-07-13T12:39:32.647090+00:00", "symbol": "BTC-USD"}, {"trade_id": 848203617, "side": "sell", "size": "0.00418949", "price": "118111.02000000", "time": "2025-07-13T12:37:18.667394Z", "fetched_at": "2025-07-13T12:39:32.647090+00:00", "symbol": "BTC-USD"}, {"trade_id": 848203616, "side": "buy", "size": "0.00003419", "price": "118111.01000000", "time": "2025-07-13T12:37:18.549478Z", "fetched_at": "2025-07-13T12:39:32.647090+00:00", "symbol": "BTC-USD"}, {"trade_id": 848203615, "side": "sell", "size": "0.00041124", "price": "118111.02000000", "time": "2025-07-13T12:37:17.827354Z", "fetched_at": "2025-07-13T12:39:32.647090+00:00", "symbol": "BTC-USD"}, {"trade_id": 848203614, "side": "sell", "size": "0.00020562", "price": "118111.02000000", "time": "2025-07-13T12:37:17.648653Z", "fetched_at": "2025-07-13T12:39:32.647090+00:00", "symbol": "BTC-USD"}, {"trade_id": 848203613, "side": "sell", "size": "0.00008170", "price": "118111.02000000", "time": "2025-07-13T12:37:16.543917Z", "fetched_at": "2025-07-13T12:39:32.647090+00:00", "symbol": "BTC-USD"}, {"trade_id": 848203612, "side": "sell", "size": "0.00008170", "price": "118111.02000000", "time": "2025-07-13T12:37:16.456920Z", "fetched_at": "2025-07-13T12:39:32.647090+00:00", "symbol": "BTC-USD"}, {"trade_id": 848203611, "side": "sell", "size": "0.00003980", "price": "118111.02000000", "time": "2025-07-13T12:37:16.361640Z", "fetched_at": "2025-07-13T12:39:32.647090+00:00", "symbol": "BTC-USD"}, {"trade_id": 848203610, "side": "sell", "size": "0.00009100", "price": "118111.04000000", "time": "2025-07-13T12:37:16.235022Z", "fetched_at": "2025-07-13T12:39:32.647090+00:00", "symbol": "BTC-USD"}, {"trade_id": 848203609, "side": "sell", "size": "0.00164496", "price": "118111.03000000", "time": "2025-07-13T12:37:16.203857Z", "fetched_at": "2025-07-13T12:39:32.647090+00:00", "symbol": "BTC-USD"}, {"trade_id": 848203608, "side": "sell", "size": "0.00004818", "price": "118111.03000000", "time": "2025-07-13T12:37:15.979253Z", "fetched_at": "2025-07-13T12:39:32.647090+00:00", "symbol": "BTC-USD"}, {"trade_id": 848203607, "side": "sell", "size": "0.04491533", "price": "118104.37000000", "time": "2025-07-13T12:37:15.470488Z", "fetched_at": "2025-07-13T12:39:32.647090+00:00", "symbol": "BTC-USD"}, {"trade_id": 848203606, "side": "sell", "size": "0.00008467", "price": "118104.26000000", "time": "2025-07-13T12:37:15.470488Z", "fetched_at": "2025-07-13T12:39:32.647090+00:00", "symbol": "BTC-USD"}, {"trade_id": 848203605, "side": "sell", "size": "0.06500000", "price": "118104.26000000", "time": "2025-07-13T12:37:15.470488Z", "fetched_at": "2025-07-13T12:39:32.647090+00:00", "symbol": "BTC-USD"}, {"trade_id": 848203604, "side": "sell", "size": "0.11000000", "price": "118104.26000000", "time": "2025-07-13T12:37:15.449782Z", "fetched_at": "2025-07-13T12:39:32.647090+00:00", "symbol": "BTC-USD"}, {"trade_id": 848203603, "side": "buy", "size": "0.00001929", "price": "118112.66000000", "time": "2025-07-13T12:37:15.325178Z", "fetched_at": "2025-07-13T12:39:32.647090+00:00", "symbol": "BTC-USD"}, {"trade_id": 848203602, "side": "buy", "size": "0.00000237", "price": "118112.66000000", "time": "2025-07-13T12:37:15.325178Z", "fetched_at": "2025-07-13T12:39:32.647090+00:00", "symbol": "BTC-USD"}, {"trade_id": 848203601, "side": "buy", "size": "0.00000694", "price": "118112.66000000", "time": "2025-07-13T12:37:15.325178Z", "fetched_at": "2025-07-13T12:39:32.647090+00:00", "symbol": "BTC-USD"}, {"trade_id": 848203600, "side": "buy", "size": "0.04900000", "price": "118112.66000000", "time": "2025-07-13T12:37:15.294288Z", "fetched_at": "2025-07-13T12:39:32.647090+00:00", "symbol": "BTC-USD"}, {"trade_id": 848203599, "side": "buy", "size": "0.00001000", "price": "118112.66000000", "time": "2025-07-13T12:37:15.294288Z", "fetched_at": "2025-07-13T12:39:32.647090+00:00", "symbol": "BTC-USD"}, {"trade_id": 848203598, "side": "buy", "size": "0.00001931", "price": "118112.67000000", "time": "2025-07-13T12:37:15.126597Z", "fetched_at": "2025-07-13T12:39:32.647090+00:00", "symbol": "BTC-USD"}, {"trade_id": 848203597, "side": "buy", "size": "0.00001931", "price": "118112.67000000", "time": "2025-07-13T12:37:15.117886Z", "fetched_at": "2025-07-13T12:39:32.647090+00:00", "symbol": "BTC-USD"}, {"trade_id": 848203596, "side": "buy", "size": "0.00001931", "price": "118112.67000000", "time": "2025-07-13T12:37:15.109672Z", "fetched_at": "2025-07-13T12:39:32.647090+00:00", "symbol": "BTC-USD"}, {"trade_id": 848203595, "side": "sell", "size": "0.00005027", "price": "118112.67000000", "time": "2025-07-13T12:37:14.875057Z", "fetched_at": "2025-07-13T12:39:32.647090+00:00", "symbol": "BTC-USD"}, {"trade_id": 848203594, "side": "sell", "size": "0.03421777", "price": "118118.55000000", "time": "2025-07-13T12:37:14.438388Z", "fetched_at": "2025-07-13T12:39:32.647090+00:00", "symbol": "BTC-USD"}, {"trade_id": 848203593, "side": "sell", "size": "0.03500000", "price": "118116.53000000", "time": "2025-07-13T12:37:14.398496Z", "fetched_at": "2025-07-13T12:39:32.647090+00:00", "symbol": "BTC-USD"}, {"trade_id": 848203592, "side": "sell", "size": "0.00055414", "price": "118115.66000000", "time": "2025-07-13T12:37:14.398496Z", "fetched_at": "2025-07-13T12:39:32.647090+00:00", "symbol": "BTC-USD"}, {"trade_id": 848203591, "side": "sell", "size": "0.00022809", "price": "118115.60000000", "time": "2025-07-13T12:37:14.398496Z", "fetched_at": "2025-07-13T12:39:32.647090+00:00", "symbol": "BTC-USD"}, {"trade_id": 848203590, "side": "sell", "size": "0.00018752", "price": "118115.60000000", "time": "2025-07-13T12:37:14.376018Z", "fetched_at": "2025-07-13T12:39:32.647090+00:00", "symbol": "BTC-USD"}, {"trade_id": 848203589, "side": "sell", "size": "0.00017248", "price": "118113.75000000", "time": "2025-07-13T12:37:14.376018Z", "fetched_at": "2025-07-13T12:39:32.647090+00:00", "symbol": "BTC-USD"}, {"trade_id": 848203588, "side": "buy", "size": "0.00001000", "price": "118121.52000000", "time": "2025-07-13T12:37:14.340948Z", "fetched_at": "2025-07-13T12:39:32.647090+00:00", "symbol": "BTC-USD"}, {"trade_id": 848203587, "side": "buy", "size": "0.06480000", "price": "118125.20000000", "time": "2025-07-13T12:37:14.340948Z", "fetched_at": "2025-07-13T12:39:32.647090+00:00", "symbol": "BTC-USD"}, {"trade_id": 848203586, "side": "buy", "size": "0.00211590", "price": "118126.22000000", "time": "2025-07-13T12:37:14.340948Z", "fetched_at": "2025-07-13T12:39:32.647090+00:00", "symbol": "BTC-USD"}, {"trade_id": 848203585, "side": "buy", "size": "0.01100807", "price": "118126.23000000", "time": "2025-07-13T12:37:14.340948Z", "fetched_at": "2025-07-13T12:39:32.647090+00:00", "symbol": "BTC-USD"}, {"trade_id": 848203584, "side": "buy", "size": "0.01938625", "price": "118126.47000000", "time": "2025-07-13T12:37:14.340948Z", "fetched_at": "2025-07-13T12:39:32.647090+00:00", "symbol": "BTC-USD"}, {"trade_id": 848203583, "side": "buy", "size": "0.05000000", "price": "118128.96000000", "time": "2025-07-13T12:37:14.340948Z", "fetched_at": "2025-07-13T12:39:32.647090+00:00", "symbol": "BTC-USD"}, {"trade_id": 848203582, "side": "buy", "size": "0.00001000", "price": "118130.38000000", "time": "2025-07-13T12:37:14.339044Z", "fetched_at": "2025-07-13T12:39:32.647090+00:00", "symbol": "BTC-USD"}, {"trade_id": 848203581, "side": "buy", "size": "0.29245300", "price": "118131.89000000", "time": "2025-07-13T12:37:14.339044Z", "fetched_at": "2025-07-13T12:39:32.647090+00:00", "symbol": "BTC-USD"}, {"trade_id": 848203580, "side": "buy", "size": "0.00401202", "price": "118134.11000000", "time": "2025-07-13T12:37:14.339044Z", "fetched_at": "2025-07-13T12:39:32.647090+00:00", "symbol": "BTC-USD"}, {"trade_id": 848203579, "side": "buy", "size": "0.04231409", "price": "118137.34000000", "time": "2025-07-13T12:37:14.339044Z", "fetched_at": "2025-07-13T12:39:32.647090+00:00", "symbol": "BTC-USD"}, {"trade_id": 848203578, "side": "buy", "size": "0.05100000", "price": "118137.66000000", "time": "2025-07-13T12:37:14.339044Z", "fetched_at": "2025-07-13T12:39:32.647090+00:00", "symbol": "BTC-USD"}, {"trade_id": 848203577, "side": "buy", "size": "0.02999966", "price": "118137.83000000", "time": "2025-07-13T12:37:14.339044Z", "fetched_at": "2025-07-13T12:39:32.647090+00:00", "symbol": "BTC-USD"}, {"trade_id": 848203576, "side": "buy", "size": "0.00001000", "price": "118139.24000000", "time": "2025-07-13T12:37:14.339044Z", "fetched_at": "2025-07-13T12:39:32.647090+00:00", "symbol": "BTC-USD"}, {"trade_id": 848203575, "side": "buy", "size": "0.07723238", "price": "118139.41000000", "time": "2025-07-13T12:37:14.295265Z", "fetched_at": "2025-07-13T12:39:32.647090+00:00", "symbol": "BTC-USD"}, {"trade_id": 848203574, "side": "buy", "size": "0.00395632", "price": "118141.79000000", "time": "2025-07-13T12:37:14.295265Z", "fetched_at": "2025-07-13T12:39:32.647090+00:00", "symbol": "BTC-USD"}, {"trade_id": 848203573, "side": "buy", "size": "0.02542341", "price": "118144.35000000", "time": "2025-07-13T12:37:14.292114Z", "fetched_at": "2025-07-13T12:39:32.647090+00:00", "symbol": "BTC-USD"}, {"trade_id": 848203572, "side": "buy", "size": "0.04500000", "price": "118146.36000000", "time": "2025-07-13T12:37:14.283441Z", "fetched_at": "2025-07-13T12:39:32.647090+00:00", "symbol": "BTC-USD"}, {"trade_id": 848203571, "side": "buy", "size": "0.01878344", "price": "118146.37000000", "time": "2025-07-13T12:37:14.283441Z", "fetched_at": "2025-07-13T12:39:32.647090+00:00", "symbol": "BTC-USD"}, {"trade_id": 848203570, "side": "buy", "size": "0.06588679", "price": "118146.37000000", "time": "2025-07-13T12:37:14.283270Z", "fetched_at": "2025-07-13T12:39:32.647090+00:00", "symbol": "BTC-USD"}, {"trade_id": 848203569, "side": "buy", "size": "0.00002002", "price": "118146.38000000", "time": "2025-07-13T12:37:14.283270Z", "fetched_at": "2025-07-13T12:39:32.647090+00:00", "symbol": "BTC-USD"}, {"trade_id": 848203568, "side": "buy", "size": "0.00029446", "price": "118147.47000000", "time": "2025-07-13T12:37:14.283270Z", "fetched_at": "2025-07-13T12:39:32.647090+00:00", "symbol": "BTC-USD"}, {"trade_id": 848203567, "side": "buy", "size": "0.00001000", "price": "118148.10000000", "time": "2025-07-13T12:37:14.283270Z", "fetched_at": "2025-07-13T12:39:32.647090+00:00", "symbol": "BTC-USD"}, {"trade_id": 848203566, "side": "buy", "size": "0.00197816", "price": "118149.83000000", "time": "2025-07-13T12:37:14.283094Z", "fetched_at": "2025-07-13T12:39:32.647090+00:00", "symbol": "BTC-USD"}, {"trade_id": 848203565, "side": "buy", "size": "0.00003156", "price": "118151.20000000", "time": "2025-07-13T12:37:14.283094Z", "fetched_at": "2025-07-13T12:39:32.647090+00:00", "symbol": "BTC-USD"}, {"trade_id": 848203564, "side": "buy", "size": "0.00009792", "price": "118151.20000000", "time": "2025-07-13T12:37:14.283094Z", "fetched_at": "2025-07-13T12:39:32.647090+00:00", "symbol": "BTC-USD"}, {"trade_id": 848203563, "side": "buy", "size": "0.00395353", "price": "118151.20000000", "time": "2025-07-13T12:37:14.283094Z", "fetched_at": "2025-07-13T12:39:32.647090+00:00", "symbol": "BTC-USD"}, {"trade_id": 848203562, "side": "sell", "size": "0.00082248", "price": "118151.21000000", "time": "2025-07-13T12:37:14.112444Z", "fetched_at": "2025-07-13T12:39:32.647090+00:00", "symbol": "BTC-USD"}, {"trade_id": 848203561, "side": "buy", "size": "0.00065605", "price": "118152.81000000", "time": "2025-07-13T12:37:13.550638Z", "fetched_at": "2025-07-13T12:39:32.647090+00:00", "symbol": "BTC-USD"}, {"trade_id": 848203560, "side": "sell", "size": "0.00150840", "price": "118152.82000000", "time": "2025-07-13T12:37:13.261403Z", "fetched_at": "2025-07-13T12:39:32.647090+00:00", "symbol": "BTC-USD"}, {"trade_id": 848203559, "side": "sell", "size": "0.00301456", "price": "118152.83000000", "time": "2025-07-13T12:37:11.314727Z", "fetched_at": "2025-07-13T12:39:32.647090+00:00", "symbol": "BTC-USD"}, {"trade_id": 848203558, "side": "sell", "size": "0.00167547", "price": "118152.83000000", "time": "2025-07-13T12:37:10.579881Z", "fetched_at": "2025-07-13T12:39:32.647090+00:00", "symbol": "BTC-USD"}, {"trade_id": 848203557, "side": "sell", "size": "0.00016857", "price": "118159.35000000", "time": "2025-07-13T12:37:07.455164Z", "fetched_at": "2025-07-13T12:39:32.647090+00:00", "symbol": "BTC-USD"}, {"trade_id": 848203556, "side": "sell", "size": "0.00008408", "price": "118152.82000000", "time": "2025-07-13T12:37:07.112152Z", "fetched_at": "2025-07-13T12:39:32.647090+00:00", "symbol": "BTC-USD"}, {"trade_id": 848203555, "side": "sell", "size": "0.00000211", "price": "118152.81000000", "time": "2025-07-13T12:37:07.112152Z", "fetched_at": "2025-07-13T12:39:32.647090+00:00", "symbol": "BTC-USD"}, {"trade_id": 848203554, "side": "sell", "size": "0.00791600", "price": "118152.81000000", "time": "2025-07-13T12:37:07.112152Z", "fetched_at": "2025-07-13T12:39:32.647090+00:00", "symbol": "BTC-USD"}, {"trade_id": 848203553, "side": "buy", "size": "0.00104595", "price": "118151.20000000", "time": "2025-07-13T12:37:05.525747Z", "fetched_at": "2025-07-13T12:39:32.647090+00:00", "symbol": "BTC-USD"}, {"trade_id": 848203552, "side": "buy", "size": "0.00001595", "price": "118152.80000000", "time": "2025-07-13T12:37:05.525747Z", "fetched_at": "2025-07-13T12:39:32.647090+00:00", "symbol": "BTC-USD"}, {"trade_id": 848203551, "side": "sell", "size": "0.00054761", "price": "118152.81000000", "time": "2025-07-13T12:37:04.960530Z", "fetched_at": "2025-07-13T12:39:32.647090+00:00", "symbol": "BTC-USD"}, {"trade_id": 848203550, "side": "sell", "size": "0.00000220", "price": "118151.21000000", "time": "2025-07-13T12:37:04.960530Z", "fetched_at": "2025-07-13T12:39:32.647090+00:00", "symbol": "BTC-USD"}, {"trade_id": 848203549, "side": "sell", "size": "0.00020048", "price": "118151.21000000", "time": "2025-07-13T12:37:03.529311Z", "fetched_at": "2025-07-13T12:39:32.647090+00:00", "symbol": "BTC-USD"}, {"trade_id": 848203548, "side": "sell", "size": "0.00723106", "price": "118151.21000000", "time": "2025-07-13T12:37:02.510444Z", "fetched_at": "2025-07-13T12:39:32.647090+00:00", "symbol": "BTC-USD"}, {"trade_id": 848203547, "side": "sell", "size": "0.00040131", "price": "118151.21000000", "time": "2025-07-13T12:37:01.943074Z", "fetched_at": "2025-07-13T12:39:32.647090+00:00", "symbol": "BTC-USD"}, {"trade_id": 848203546, "side": "sell", "size": "0.10322512", "price": "118151.21000000", "time": "2025-07-13T12:37:01.652451Z", "fetched_at": "2025-07-13T12:39:32.647090+00:00", "symbol": "BTC-USD"}, {"trade_id": 848203545, "side": "buy", "size": "0.00001678", "price": "118152.81000000", "time": "2025-07-13T12:37:01.491553Z", "fetched_at": "2025-07-13T12:39:32.647090+00:00", "symbol": "BTC-USD"}, {"trade_id": 848203544, "side": "buy", "size": "0.00001396", "price": "118152.81000000", "time": "2025-07-13T12:37:01.491553Z", "fetched_at": "2025-07-13T12:39:32.647090+00:00", "symbol": "BTC-USD"}, {"trade_id": 848203543, "side": "buy", "size": "0.00000592", "price": "118152.81000000", "time": "2025-07-13T12:37:01.491553Z", "fetched_at": "2025-07-13T12:39:32.647090+00:00", "symbol": "BTC-USD"}, {"trade_id": 848203542, "side": "buy", "size": "0.00026644", "price": "118155.00000000", "time": "2025-07-13T12:37:00.945968Z", "fetched_at": "2025-07-13T12:39:32.647090+00:00", "symbol": "BTC-USD"}, {"trade_id": 848203541, "side": "buy", "size": "0.00001678", "price": "118155.06000000", "time": "2025-07-13T12:37:00.945968Z", "fetched_at": "2025-07-13T12:39:32.647090+00:00", "symbol": "BTC-USD"}, {"trade_id": 848203540, "side": "buy", "size": "0.05100000", "price": "118155.06000000", "time": "2025-07-13T12:37:00.945968Z", "fetched_at": "2025-07-13T12:39:32.647090+00:00", "symbol": "BTC-USD"}, {"trade_id": 848203539, "side": "buy", "size": "0.00001000", "price": "118156.96000000", "time": "2025-07-13T12:37:00.693971Z", "fetched_at": "2025-07-13T12:39:32.647090+00:00", "symbol": "BTC-USD"}, {"trade_id": 848203538, "side": "buy", "size": "0.02499872", "price": "118161.04000000", "time": "2025-07-13T12:37:00.686536Z", "fetched_at": "2025-07-13T12:39:32.647090+00:00", "symbol": "BTC-USD"}, {"trade_id": 848203537, "side": "buy", "size": "0.00499997", "price": "118161.78000000", "time": "2025-07-13T12:37:00.686536Z", "fetched_at": "2025-07-13T12:39:32.647090+00:00", "symbol": "BTC-USD"}, {"trade_id": 848203536, "side": "buy", "size": "0.00317257", "price": "118163.71000000", "time": "2025-07-13T12:37:00.683937Z", "fetched_at": "2025-07-13T12:39:32.647090+00:00", "symbol": "BTC-USD"}, {"trade_id": 848203535, "side": "buy", "size": "0.00098488", "price": "118163.79000000", "time": "2025-07-13T12:37:00.683937Z", "fetched_at": "2025-07-13T12:39:32.647090+00:00", "symbol": "BTC-USD"}, {"trade_id": 848203534, "side": "buy", "size": "0.00084153", "price": "118163.80000000", "time": "2025-07-13T12:37:00.683937Z", "fetched_at": "2025-07-13T12:39:32.647090+00:00", "symbol": "BTC-USD"}, {"trade_id": 848203533, "side": "buy", "size": "0.01586286", "price": "118166.48000000", "time": "2025-07-13T12:37:00.550301Z", "fetched_at": "2025-07-13T12:39:32.647090+00:00", "symbol": "BTC-USD"}, {"trade_id": 848203532, "side": "buy", "size": "0.00001702", "price": "118166.59000000", "time": "2025-07-13T12:37:00.550301Z", "fetched_at": "2025-07-13T12:39:32.647090+00:00", "symbol": "BTC-USD"}, {"trade_id": 848203531, "side": "buy", "size": "0.00846246", "price": "118171.48000000", "time": "2025-07-13T12:36:59.376929Z", "fetched_at": "2025-07-13T12:39:32.647090+00:00", "symbol": "BTC-USD"}, {"trade_id": 848203530, "side": "buy", "size": "0.00423145", "price": "118172.46000000", "time": "2025-07-13T12:36:59.369172Z", "fetched_at": "2025-07-13T12:39:32.647090+00:00", "symbol": "BTC-USD"}, {"trade_id": 848203529, "side": "buy", "size": "0.04076855", "price": "118172.46000000", "time": "2025-07-13T12:36:59.366420Z", "fetched_at": "2025-07-13T12:39:32.647090+00:00", "symbol": "BTC-USD"}, {"trade_id": 848203528, "side": "buy", "size": "0.00423145", "price": "118172.47000000", "time": "2025-07-13T12:36:59.366420Z", "fetched_at": "2025-07-13T12:39:32.647090+00:00", "symbol": "BTC-USD"}, {"trade_id": 848203527, "side": "buy", "size": "0.07931431", "price": "118175.92000000", "time": "2025-07-13T12:36:59.356099Z", "fetched_at": "2025-07-13T12:39:32.647090+00:00", "symbol": "BTC-USD"}, {"trade_id": 848203526, "side": "buy", "size": "0.00001762", "price": "118176.03000000", "time": "2025-07-13T12:36:59.356099Z", "fetched_at": "2025-07-13T12:39:32.647090+00:00", "symbol": "BTC-USD"}, {"trade_id": 848203525, "side": "buy", "size": "0.00004573", "price": "118176.03000000", "time": "2025-07-13T12:36:59.356099Z", "fetched_at": "2025-07-13T12:39:32.647090+00:00", "symbol": "BTC-USD"}, {"trade_id": 848203524, "side": "buy", "size": "0.00423124", "price": "118176.03000000", "time": "2025-07-13T12:36:59.356099Z", "fetched_at": "2025-07-13T12:39:32.647090+00:00", "symbol": "BTC-USD"}, {"trade_id": 848203523, "side": "buy", "size": "0.00040500", "price": "118176.03000000", "time": "2025-07-13T12:36:59.356099Z", "fetched_at": "2025-07-13T12:39:32.647090+00:00", "symbol": "BTC-USD"}, {"trade_id": 848203522, "side": "sell", "size": "0.00013754", "price": "118176.04000000", "time": "2025-07-13T12:36:57.714939Z", "fetched_at": "2025-07-13T12:39:32.647090+00:00", "symbol": "BTC-USD"}, {"trade_id": 848203521, "side": "sell", "size": "0.00000346", "price": "118176.04000000", "time": "2025-07-13T12:36:57.714939Z", "fetched_at": "2025-07-13T12:39:32.647090+00:00", "symbol": "BTC-USD"}, {"trade_id": 848203520, "side": "sell", "size": "0.00002656", "price": "118176.04000000", "time": "2025-07-13T12:36:57.714939Z", "fetched_at": "2025-07-13T12:39:32.647090+00:00", "symbol": "BTC-USD"}, {"trade_id": 848203519, "side": "sell", "size": "0.00000664", "price": "118166.21000000", "time": "2025-07-13T12:36:54.883564Z", "fetched_at": "2025-07-13T12:39:32.647090+00:00", "symbol": "BTC-USD"}, {"trade_id": 848203518, "side": "sell", "size": "0.00008463", "price": "118166.14000000", "time": "2025-07-13T12:36:54.883564Z", "fetched_at": "2025-07-13T12:39:32.647090+00:00", "symbol": "BTC-USD"}, {"trade_id": 848203517, "side": "sell", "size": "0.00001033", "price": "118166.14000000", "time": "2025-07-13T12:36:54.883564Z", "fetched_at": "2025-07-13T12:39:32.647090+00:00", "symbol": "BTC-USD"}, {"trade_id": 848203516, "side": "sell", "size": "0.00846266", "price": "118166.14000000", "time": "2025-07-13T12:36:54.883564Z", "fetched_at": "2025-07-13T12:39:32.647090+00:00", "symbol": "BTC-USD"}, {"trade_id": 848203515, "side": "buy", "size": "0.00042393", "price": "118166.13000000", "time": "2025-07-13T12:36:52.355893Z", "fetched_at": "2025-07-13T12:39:32.647090+00:00", "symbol": "BTC-USD"}, {"trade_id": 848203514, "side": "buy", "size": "0.00025380", "price": "118166.13000000", "time": "2025-07-13T12:36:52.124822Z", "fetched_at": "2025-07-13T12:39:32.647090+00:00", "symbol": "BTC-USD"}, {"trade_id": 848203513, "side": "buy", "size": "0.00002809", "price": "118166.13000000", "time": "2025-07-13T12:36:50.835290Z", "fetched_at": "2025-07-13T12:39:32.647090+00:00", "symbol": "BTC-USD"}, {"trade_id": 848203512, "side": "sell", "size": "0.00016210", "price": "118166.20000000", "time": "2025-07-13T12:36:50.311555Z", "fetched_at": "2025-07-13T12:39:32.647090+00:00", "symbol": "BTC-USD"}, {"trade_id": 848203511, "side": "sell", "size": "0.00008463", "price": "118166.14000000", "time": "2025-07-13T12:36:50.311555Z", "fetched_at": "2025-07-13T12:39:32.647090+00:00", "symbol": "BTC-USD"}, {"trade_id": 848203510, "side": "sell", "size": "0.00012406", "price": "118166.20000000", "time": "2025-07-13T12:36:49.160148Z", "fetched_at": "2025-07-13T12:39:32.647090+00:00", "symbol": "BTC-USD"}, {"trade_id": 848203509, "side": "sell", "size": "0.00008463", "price": "118166.14000000", "time": "2025-07-13T12:36:49.160148Z", "fetched_at": "2025-07-13T12:39:32.647090+00:00", "symbol": "BTC-USD"}, {"trade_id": 848203508, "side": "sell", "size": "0.00000076", "price": "118166.14000000", "time": "2025-07-13T12:36:49.160148Z", "fetched_at": "2025-07-13T12:39:32.647090+00:00", "symbol": "BTC-USD"}, {"trade_id": 848203507, "side": "sell", "size": "0.00015413", "price": "118166.20000000", "time": "2025-07-13T12:36:48.558339Z", "fetched_at": "2025-07-13T12:39:32.647090+00:00", "symbol": "BTC-USD"}, {"trade_id": 848203506, "side": "sell", "size": "0.00008463", "price": "118166.14000000", "time": "2025-07-13T12:36:48.558339Z", "fetched_at": "2025-07-13T12:39:32.647090+00:00", "symbol": "BTC-USD"}, {"trade_id": 848203505, "side": "sell", "size": "0.00001034", "price": "118166.14000000", "time": "2025-07-13T12:36:48.558339Z", "fetched_at": "2025-07-13T12:39:32.647090+00:00", "symbol": "BTC-USD"}, {"trade_id": 848203504, "side": "sell", "size": "0.00000211", "price": "118166.14000000", "time": "2025-07-13T12:36:48.558339Z", "fetched_at": "2025-07-13T12:39:32.647090+00:00", "symbol": "BTC-USD"}, {"trade_id": 848203503, "side": "sell", "size": "0.00006715", "price": "118166.14000000", "time": "2025-07-13T12:36:48.528883Z", "fetched_at": "2025-07-13T12:39:32.647090+00:00", "symbol": "BTC-USD"}, {"trade_id": 848203502, "side": "sell", "size": "0.00846266", "price": "118166.12000000", "time": "2025-07-13T12:36:47.111352Z", "fetched_at": "2025-07-13T12:39:32.647090+00:00", "symbol": "BTC-USD"}, {"trade_id": 848203501, "side": "sell", "size": "0.00008463", "price": "118166.12000000", "time": "2025-07-13T12:36:47.111352Z", "fetched_at": "2025-07-13T12:39:32.647090+00:00", "symbol": "BTC-USD"}, {"trade_id": 848203500, "side": "sell", "size": "0.00001033", "price": "118166.12000000", "time": "2025-07-13T12:36:47.111352Z", "fetched_at": "2025-07-13T12:39:32.647090+00:00", "symbol": "BTC-USD"}, {"trade_id": 848203499, "side": "sell", "size": "0.00000211", "price": "118166.12000000", "time": "2025-07-13T12:36:47.111352Z", "fetched_at": "2025-07-13T12:39:32.647090+00:00", "symbol": "BTC-USD"}, {"trade_id": 848203498, "side": "sell", "size": "0.00829984", "price": "118166.12000000", "time": "2025-07-13T12:36:45.704017Z", "fetched_at": "2025-07-13T12:39:32.647090+00:00", "symbol": "BTC-USD"}, {"trade_id": 848203497, "side": "buy", "size": "0.00015508", "price": "118166.11000000", "time": "2025-07-13T12:36:42.054491Z", "fetched_at": "2025-07-13T12:39:32.647090+00:00", "symbol": "BTC-USD"}, {"trade_id": 848203496, "side": "buy", "size": "0.00000854", "price": "118166.11000000", "time": "2025-07-13T12:36:42.038247Z", "fetched_at": "2025-07-13T12:39:32.647090+00:00", "symbol": "BTC-USD"}, {"trade_id": 848203495, "side": "sell", "size": "0.00006201", "price": "118166.12000000", "time": "2025-07-13T12:36:42.025332Z", "fetched_at": "2025-07-13T12:39:32.647090+00:00", "symbol": "BTC-USD"}, {"trade_id": 848203494, "side": "sell", "size": "0.00008463", "price": "118166.11000000", "time": "2025-07-13T12:36:42.025332Z", "fetched_at": "2025-07-13T12:39:32.647090+00:00", "symbol": "BTC-USD"}, {"trade_id": 848203493, "side": "sell", "size": "0.00001034", "price": "118163.93000000", "time": "2025-07-13T12:36:42.025332Z", "fetched_at": "2025-07-13T12:39:32.647090+00:00", "symbol": "BTC-USD"}, {"trade_id": 848203492, "side": "sell", "size": "0.00000355", "price": "118163.93000000", "time": "2025-07-13T12:36:42.025332Z", "fetched_at": "2025-07-13T12:39:32.647090+00:00", "symbol": "BTC-USD"}, {"trade_id": 848203491, "side": "buy", "size": "0.01100125", "price": "118163.92000000", "time": "2025-07-13T12:36:41.081235Z", "fetched_at": "2025-07-13T12:39:32.647090+00:00", "symbol": "BTC-USD"}, {"trade_id": 848203490, "side": "sell", "size": "0.00004189", "price": "118163.93000000", "time": "2025-07-13T12:36:37.306646Z", "fetched_at": "2025-07-13T12:39:32.647090+00:00", "symbol": "BTC-USD"}, {"trade_id": 848203489, "side": "buy", "size": "0.00001700", "price": "118163.89000000", "time": "2025-07-13T12:36:35.838499Z", "fetched_at": "2025-07-13T12:39:32.647090+00:00", "symbol": "BTC-USD"}, {"trade_id": 848203488, "side": "buy", "size": "0.00240801", "price": "118163.85000000", "time": "2025-07-13T12:36:35.184296Z", "fetched_at": "2025-07-13T12:39:32.647090+00:00", "symbol": "BTC-USD"}, {"trade_id": 848203487, "side": "sell", "size": "0.00007061", "price": "118166.36000000", "time": "2025-07-13T12:36:34.166624Z", "fetched_at": "2025-07-13T12:39:32.647090+00:00", "symbol": "BTC-USD"}, {"trade_id": 848203486, "side": "sell", "size": "0.00008463", "price": "118163.84000000", "time": "2025-07-13T12:36:34.166624Z", "fetched_at": "2025-07-13T12:39:32.647090+00:00", "symbol": "BTC-USD"}, {"trade_id": 848203485, "side": "sell", "size": "0.00001033", "price": "118163.84000000", "time": "2025-07-13T12:36:34.166624Z", "fetched_at": "2025-07-13T12:39:32.647090+00:00", "symbol": "BTC-USD"}, {"trade_id": 848203484, "side": "buy", "size": "0.00003427", "price": "118163.83000000", "time": "2025-07-13T12:36:33.547365Z", "fetched_at": "2025-07-13T12:39:32.647090+00:00", "symbol": "BTC-USD"}, {"trade_id": 848203483, "side": "sell", "size": "0.00039614", "price": "118173.15000000", "time": "2025-07-13T12:36:32.102959Z", "fetched_at": "2025-07-13T12:39:32.647090+00:00", "symbol": "BTC-USD"}, {"trade_id": 848203482, "side": "sell", "size": "0.00776097", "price": "118164.15000000", "time": "2025-07-13T12:36:32.102959Z", "fetched_at": "2025-07-13T12:39:32.647090+00:00", "symbol": "BTC-USD"}, {"trade_id": 848203481, "side": "sell", "size": "0.00006681", "price": "118163.84000000", "time": "2025-07-13T12:36:32.102959Z", "fetched_at": "2025-07-13T12:39:32.647090+00:00", "symbol": "BTC-USD"}, {"trade_id": 848203480, "side": "sell", "size": "0.00007504", "price": "118164.15000000", "time": "2025-07-13T12:36:31.106714Z", "fetched_at": "2025-07-13T12:39:32.647090+00:00", "symbol": "BTC-USD"}, {"trade_id": 848203479, "side": "sell", "size": "0.00000664", "price": "118163.83000000", "time": "2025-07-13T12:36:31.106714Z", "fetched_at": "2025-07-13T12:39:32.647090+00:00", "symbol": "BTC-USD"}, {"trade_id": 848203478, "side": "sell", "size": "0.00062679", "price": "118164.15000000", "time": "2025-07-13T12:36:29.681405Z", "fetched_at": "2025-07-13T12:39:32.647090+00:00", "symbol": "BTC-USD"}, {"trade_id": 848203477, "side": "sell", "size": "0.00008463", "price": "118163.83000000", "time": "2025-07-13T12:36:29.681405Z", "fetched_at": "2025-07-13T12:39:32.647090+00:00", "symbol": "BTC-USD"}, {"trade_id": 848203476, "side": "sell", "size": "0.00001034", "price": "118163.83000000", "time": "2025-07-13T12:36:29.681405Z", "fetched_at": "2025-07-13T12:39:32.647090+00:00", "symbol": "BTC-USD"}, {"trade_id": 848203475, "side": "sell", "size": "0.00000067", "price": "118163.83000000", "time": "2025-07-13T12:36:29.681405Z", "fetched_at": "2025-07-13T12:39:32.647090+00:00", "symbol": "BTC-USD"}, {"trade_id": 848203474, "side": "sell", "size": "0.00312853", "price": "118176.61000000", "time": "2025-07-13T12:36:28.316504Z", "fetched_at": "2025-07-13T12:39:32.647090+00:00", "symbol": "BTC-USD"}, {"trade_id": 848203473, "side": "sell", "size": "0.00008234", "price": "118163.81000000", "time": "2025-07-13T12:36:28.316504Z", "fetched_at": "2025-07-13T12:39:32.647090+00:00", "symbol": "BTC-USD"}, {"trade_id": 848203472, "side": "sell", "size": "0.00000211", "price": "118163.81000000", "time": "2025-07-13T12:36:28.316504Z", "fetched_at": "2025-07-13T12:39:32.647090+00:00", "symbol": "BTC-USD"}, {"trade_id": 848203471, "side": "buy", "size": "0.00011134", "price": "118163.80000000", "time": "2025-07-13T12:36:27.916931Z", "fetched_at": "2025-07-13T12:39:32.647090+00:00", "symbol": "BTC-USD"}, {"trade_id": 848203470, "side": "sell", "size": "0.00031015", "price": "118176.90000000", "time": "2025-07-13T12:36:27.609476Z", "fetched_at": "2025-07-13T12:39:32.647090+00:00", "symbol": "BTC-USD"}, {"trade_id": 848203469, "side": "sell", "size": "0.00008463", "price": "118163.81000000", "time": "2025-07-13T12:36:27.609476Z", "fetched_at": "2025-07-13T12:39:32.647090+00:00", "symbol": "BTC-USD"}, {"trade_id": 848203468, "side": "sell", "size": "0.00031241", "price": "118176.92000000", "time": "2025-07-13T12:36:27.503755Z", "fetched_at": "2025-07-13T12:39:32.647090+00:00", "symbol": "BTC-USD"}, {"trade_id": 848203467, "side": "sell", "size": "0.00000423", "price": "118173.10000000", "time": "2025-07-13T12:36:27.503755Z", "fetched_at": "2025-07-13T12:39:32.647090+00:00", "symbol": "BTC-USD"}, {"trade_id": 848203466, "side": "sell", "size": "0.00008463", "price": "118163.81000000", "time": "2025-07-13T12:36:27.503755Z", "fetched_at": "2025-07-13T12:39:32.647090+00:00", "symbol": "BTC-USD"}, {"trade_id": 848203465, "side": "sell", "size": "0.00008463", "price": "118163.81000000", "time": "2025-07-13T12:36:27.110942Z", "fetched_at": "2025-07-13T12:39:32.647090+00:00", "symbol": "BTC-USD"}, {"trade_id": 848203464, "side": "sell", "size": "0.16557583", "price": "118180.90000000", "time": "2025-07-13T12:36:26.745172Z", "fetched_at": "2025-07-13T12:39:32.647090+00:00", "symbol": "BTC-USD"}, {"trade_id": 848203463, "side": "sell", "size": "0.01832933", "price": "118180.87000000", "time": "2025-07-13T12:36:26.745172Z", "fetched_at": "2025-07-13T12:39:32.647090+00:00", "symbol": "BTC-USD"}, {"trade_id": 848203462, "side": "sell", "size": "0.01715133", "price": "118180.21000000", "time": "2025-07-13T12:36:26.745172Z", "fetched_at": "2025-07-13T12:39:32.647090+00:00", "symbol": "BTC-USD"}, {"trade_id": 848203461, "side": "sell", "size": "0.01774069", "price": "118180.13000000", "time": "2025-07-13T12:36:26.745172Z", "fetched_at": "2025-07-13T12:39:32.647090+00:00", "symbol": "BTC-USD"}, {"trade_id": 848203460, "side": "sell", "size": "0.01793743", "price": "118179.76000000", "time": "2025-07-13T12:36:26.745172Z", "fetched_at": "2025-07-13T12:39:32.647090+00:00", "symbol": "BTC-USD"}, {"trade_id": 848203459, "side": "sell", "size": "0.00290041", "price": "118179.10000000", "time": "2025-07-13T12:36:26.745172Z", "fetched_at": "2025-07-13T12:39:32.647090+00:00", "symbol": "BTC-USD"}, {"trade_id": 848203458, "side": "sell", "size": "0.01624328", "price": "118179.10000000", "time": "2025-07-13T12:36:26.745172Z", "fetched_at": "2025-07-13T12:39:32.647090+00:00", "symbol": "BTC-USD"}, {"trade_id": 848203457, "side": "sell", "size": "0.01800345", "price": "118179.07000000", "time": "2025-07-13T12:36:26.745172Z", "fetched_at": "2025-07-13T12:39:32.647090+00:00", "symbol": "BTC-USD"}, {"trade_id": 848203456, "side": "sell", "size": "0.00034000", "price": "118178.45000000", "time": "2025-07-13T12:36:26.745172Z", "fetched_at": "2025-07-13T12:39:32.647090+00:00", "symbol": "BTC-USD"}, {"trade_id": 848203455, "side": "sell", "size": "0.08466455", "price": "118178.39000000", "time": "2025-07-13T12:36:26.745172Z", "fetched_at": "2025-07-13T12:39:32.647090+00:00", "symbol": "BTC-USD"}, {"trade_id": 848203454, "side": "sell", "size": "0.60799673", "price": "118178.38000000", "time": "2025-07-13T12:36:26.745172Z", "fetched_at": "2025-07-13T12:39:32.647090+00:00", "symbol": "BTC-USD"}, {"trade_id": 848203453, "side": "sell", "size": "0.22127812", "price": "118178.38000000", "time": "2025-07-13T12:36:26.745172Z", "fetched_at": "2025-07-13T12:39:32.647090+00:00", "symbol": "BTC-USD"}, {"trade_id": 848203452, "side": "sell", "size": "0.11917668", "price": "118178.37000000", "time": "2025-07-13T12:36:26.745172Z", "fetched_at": "2025-07-13T12:39:32.647090+00:00", "symbol": "BTC-USD"}, {"trade_id": 848203451, "side": "sell", "size": "0.09773025", "price": "118177.00000000", "time": "2025-07-13T12:36:26.745172Z", "fetched_at": "2025-07-13T12:39:32.647090+00:00", "symbol": "BTC-USD"}, {"trade_id": 848203450, "side": "sell", "size": "0.00846326", "price": "118176.87000000", "time": "2025-07-13T12:36:26.745172Z", "fetched_at": "2025-07-13T12:39:32.647090+00:00", "symbol": "BTC-USD"}, {"trade_id": 848203449, "side": "sell", "size": "0.01721858", "price": "118176.86000000", "time": "2025-07-13T12:36:26.745172Z", "fetched_at": "2025-07-13T12:39:32.647090+00:00", "symbol": "BTC-USD"}, {"trade_id": 848203448, "side": "sell", "size": "0.00000220", "price": "118176.79000000", "time": "2025-07-13T12:36:26.745172Z", "fetched_at": "2025-07-13T12:39:32.647090+00:00", "symbol": "BTC-USD"}, {"trade_id": 848203447, "side": "sell", "size": "0.01100639", "price": "118176.78000000", "time": "2025-07-13T12:36:26.745172Z", "fetched_at": "2025-07-13T12:39:32.647090+00:00", "symbol": "BTC-USD"}, {"trade_id": 848203446, "side": "sell", "size": "0.06472450", "price": "118176.12000000", "time": "2025-07-13T12:36:26.745172Z", "fetched_at": "2025-07-13T12:39:32.647090+00:00", "symbol": "BTC-USD"}, {"trade_id": 848203445, "side": "sell", "size": "0.00423158", "price": "118175.75000000", "time": "2025-07-13T12:36:26.745172Z", "fetched_at": "2025-07-13T12:39:32.647090+00:00", "symbol": "BTC-USD"}, {"trade_id": 848203444, "side": "sell", "size": "0.06480000", "price": "118175.64000000", "time": "2025-07-13T12:36:26.745172Z", "fetched_at": "2025-07-13T12:39:32.647090+00:00", "symbol": "BTC-USD"}, {"trade_id": 848203443, "side": "sell", "size": "0.00999362", "price": "118175.63000000", "time": "2025-07-13T12:36:26.745172Z", "fetched_at": "2025-07-13T12:39:32.647090+00:00", "symbol": "BTC-USD"}, {"trade_id": 848203442, "side": "sell", "size": "0.06816531", "price": "118175.60000000", "time": "2025-07-13T12:36:26.745172Z", "fetched_at": "2025-07-13T12:39:32.647090+00:00", "symbol": "BTC-USD"}, {"trade_id": 848203441, "side": "sell", "size": "0.03185910", "price": "118173.10000000", "time": "2025-07-13T12:36:26.745172Z", "fetched_at": "2025-07-13T12:39:32.647090+00:00", "symbol": "BTC-USD"}, {"trade_id": 848203440, "side": "sell", "size": "0.00008463", "price": "118163.82000000", "time": "2025-07-13T12:36:26.745172Z", "fetched_at": "2025-07-13T12:39:32.647090+00:00", "symbol": "BTC-USD"}, {"trade_id": 848203439, "side": "sell", "size": "0.00005511", "price": "118163.82000000", "time": "2025-07-13T12:36:26.706363Z", "fetched_at": "2025-07-13T12:39:32.647090+00:00", "symbol": "BTC-USD"}, {"trade_id": 848203438, "side": "buy", "size": "0.00215179", "price": "118163.81000000", "time": "2025-07-13T12:36:26.615563Z", "fetched_at": "2025-07-13T12:39:32.647090+00:00", "symbol": "BTC-USD"}, {"trade_id": 848203437, "side": "sell", "size": "0.00012483", "price": "118173.09000000", "time": "2025-07-13T12:36:26.331190Z", "fetched_at": "2025-07-13T12:39:32.647090+00:00", "symbol": "BTC-USD"}, {"trade_id": 848203436, "side": "sell", "size": "0.00008463", "price": "118163.82000000", "time": "2025-07-13T12:36:26.331190Z", "fetched_at": "2025-07-13T12:39:32.647090+00:00", "symbol": "BTC-USD"}, {"trade_id": 848203435, "side": "buy", "size": "0.00001930", "price": "118163.81000000", "time": "2025-07-13T12:36:26.239789Z", "fetched_at": "2025-07-13T12:39:32.647090+00:00", "symbol": "BTC-USD"}, {"trade_id": 848203434, "side": "sell", "size": "0.00835638", "price": "118173.07000000", "time": "2025-07-13T12:36:25.923502Z", "fetched_at": "2025-07-13T12:39:32.647090+00:00", "symbol": "BTC-USD"}, {"trade_id": 848203433, "side": "sell", "size": "0.00008463", "price": "118163.82000000", "time": "2025-07-13T12:36:25.923502Z", "fetched_at": "2025-07-13T12:39:32.647090+00:00", "symbol": "BTC-USD"}, {"trade_id": 848203432, "side": "sell", "size": "0.00026057", "price": "118173.09000000", "time": "2025-07-13T12:36:25.686841Z", "fetched_at": "2025-07-13T12:39:32.647090+00:00", "symbol": "BTC-USD"}, {"trade_id": 848203431, "side": "sell", "size": "0.00000664", "price": "118163.82000000", "time": "2025-07-13T12:36:25.686841Z", "fetched_at": "2025-07-13T12:39:32.647090+00:00", "symbol": "BTC-USD"}, {"trade_id": 848203430, "side": "sell", "size": "0.00008463", "price": "118163.82000000", "time": "2025-07-13T12:36:25.686841Z", "fetched_at": "2025-07-13T12:39:32.647090+00:00", "symbol": "BTC-USD"}, {"trade_id": 848203429, "side": "sell", "size": "0.00073768", "price": "118165.57000000", "time": "2025-07-13T12:36:24.986231Z", "fetched_at": "2025-07-13T12:39:32.647090+00:00", "symbol": "BTC-USD"}, {"trade_id": 848203428, "side": "sell", "size": "0.00008463", "price": "118163.82000000", "time": "2025-07-13T12:36:24.986231Z", "fetched_at": "2025-07-13T12:39:32.647090+00:00", "symbol": "BTC-USD"}, {"trade_id": 848203427, "side": "sell", "size": "0.00007982", "price": "118165.57000000", "time": "2025-07-13T12:36:24.656974Z", "fetched_at": "2025-07-13T12:39:32.647090+00:00", "symbol": "BTC-USD"}, {"trade_id": 848203426, "side": "sell", "size": "0.00008463", "price": "118163.82000000", "time": "2025-07-13T12:36:24.656974Z", "fetched_at": "2025-07-13T12:39:32.647090+00:00", "symbol": "BTC-USD"}, {"trade_id": 848203425, "side": "buy", "size": "0.00003459", "price": "118163.81000000", "time": "2025-07-13T12:36:24.408655Z", "fetched_at": "2025-07-13T12:39:32.647090+00:00", "symbol": "BTC-USD"}, {"trade_id": 848203424, "side": "sell", "size": "0.00010860", "price": "118165.57000000", "time": "2025-07-13T12:36:24.318234Z", "fetched_at": "2025-07-13T12:39:32.647090+00:00", "symbol": "BTC-USD"}, {"trade_id": 848203423, "side": "sell", "size": "0.00008463", "price": "118163.82000000", "time": "2025-07-13T12:36:24.318234Z", "fetched_at": "2025-07-13T12:39:32.647090+00:00", "symbol": "BTC-USD"}, {"trade_id": 848203422, "side": "buy", "size": "0.00003075", "price": "118163.81000000", "time": "2025-07-13T12:36:24.107661Z", "fetched_at": "2025-07-13T12:39:32.647090+00:00", "symbol": "BTC-USD"}, {"trade_id": 848203421, "side": "sell", "size": "0.00120427", "price": "118165.57000000", "time": "2025-07-13T12:36:23.534109Z", "fetched_at": "2025-07-13T12:39:32.647090+00:00", "symbol": "BTC-USD"}, {"trade_id": 848203420, "side": "sell", "size": "0.00008463", "price": "118163.82000000", "time": "2025-07-13T12:36:23.534109Z", "fetched_at": "2025-07-13T12:39:32.647090+00:00", "symbol": "BTC-USD"}, {"trade_id": 848203419, "side": "sell", "size": "0.00001033", "price": "118163.82000000", "time": "2025-07-13T12:36:23.534109Z", "fetched_at": "2025-07-13T12:39:32.647090+00:00", "symbol": "BTC-USD"}, {"trade_id": 848203418, "side": "sell", "size": "0.00109363", "price": "118173.09000000", "time": "2025-07-13T12:36:23.179314Z", "fetched_at": "2025-07-13T12:39:32.647090+00:00", "symbol": "BTC-USD"}, {"trade_id": 848203417, "side": "sell", "size": "0.01000000", "price": "118173.08000000", "time": "2025-07-13T12:36:23.179314Z", "fetched_at": "2025-07-13T12:39:32.647090+00:00", "symbol": "BTC-USD"}, {"trade_id": 848203416, "side": "sell", "size": "0.00523150", "price": "118173.07000000", "time": "2025-07-13T12:36:23.179314Z", "fetched_at": "2025-07-13T12:39:32.647090+00:00", "symbol": "BTC-USD"}, {"trade_id": 848203415, "side": "sell", "size": "0.00002104", "price": "118163.80000000", "time": "2025-07-13T12:36:23.179314Z", "fetched_at": "2025-07-13T12:39:32.647090+00:00", "symbol": "BTC-USD"}, {"trade_id": 848203414, "side": "sell", "size": "0.00832289", "price": "118163.80000000", "time": "2025-07-13T12:36:23.179314Z", "fetched_at": "2025-07-13T12:39:32.647090+00:00", "symbol": "BTC-USD"}, {"trade_id": 848203413, "side": "buy", "size": "0.00000846", "price": "118163.79000000", "time": "2025-07-13T12:36:23.147283Z", "fetched_at": "2025-07-13T12:39:32.647090+00:00", "symbol": "BTC-USD"}, {"trade_id": 848203412, "side": "sell", "size": "0.00013993", "price": "118163.80000000", "time": "2025-07-13T12:36:22.903844Z", "fetched_at": "2025-07-13T12:39:32.647090+00:00", "symbol": "BTC-USD"}, {"trade_id": 848203411, "side": "sell", "size": "0.00002452", "price": "118163.80000000", "time": "2025-07-13T12:36:22.903844Z", "fetched_at": "2025-07-13T12:39:32.647090+00:00", "symbol": "BTC-USD"}, {"trade_id": 848203410, "side": "sell", "size": "0.00004189", "price": "118163.80000000", "time": "2025-07-13T12:36:22.562166Z", "fetched_at": "2025-07-13T12:39:32.647090+00:00", "symbol": "BTC-USD"}, {"trade_id": 848203409, "side": "sell", "size": "0.00305000", "price": "118163.80000000", "time": "2025-07-13T12:36:22.309009Z", "fetched_at": "2025-07-13T12:39:32.647090+00:00", "symbol": "BTC-USD"}, {"trade_id": 848203408, "side": "sell", "size": "0.00075309", "price": "118163.80000000", "time": "2025-07-13T12:36:21.883992Z", "fetched_at": "2025-07-13T12:39:32.647090+00:00", "symbol": "BTC-USD"}, {"trade_id": 848203407, "side": "sell", "size": "0.00008463", "price": "118163.80000000", "time": "2025-07-13T12:36:21.883992Z", "fetched_at": "2025-07-13T12:39:32.647090+00:00", "symbol": "BTC-USD"}