[{"trade_id": 848199417, "side": "sell", "size": "0.00004016", "price": "118070.90000000", "time": "2025-07-13T12:10:48.548490Z", "fetched_at": "2025-07-13T12:10:52.207223+00:00", "symbol": "BTC-USD"}, {"trade_id": 848199416, "side": "sell", "size": "0.00041153", "price": "118070.91000000", "time": "2025-07-13T12:10:47.749217Z", "fetched_at": "2025-07-13T12:10:52.207223+00:00", "symbol": "BTC-USD"}, {"trade_id": 848199415, "side": "sell", "size": "0.00077514", "price": "118070.91000000", "time": "2025-07-13T12:10:47.026678Z", "fetched_at": "2025-07-13T12:10:52.207223+00:00", "symbol": "BTC-USD"}, {"trade_id": 848199414, "side": "sell", "size": "0.00004790", "price": "118070.91000000", "time": "2025-07-13T12:10:47.026678Z", "fetched_at": "2025-07-13T12:10:52.207223+00:00", "symbol": "BTC-USD"}, {"trade_id": 848199413, "side": "sell", "size": "0.00000368", "price": "118072.86000000", "time": "2025-07-13T12:10:45.925793Z", "fetched_at": "2025-07-13T12:10:52.207223+00:00", "symbol": "BTC-USD"}, {"trade_id": 848199412, "side": "sell", "size": "0.00008470", "price": "118072.85000000", "time": "2025-07-13T12:10:45.925793Z", "fetched_at": "2025-07-13T12:10:52.207223+00:00", "symbol": "BTC-USD"}, {"trade_id": 848199411, "side": "buy", "size": "0.00005911", "price": "118072.88000000", "time": "2025-07-13T12:10:44.213326Z", "fetched_at": "2025-07-13T12:10:52.207223+00:00", "symbol": "BTC-USD"}, {"trade_id": 848199410, "side": "sell", "size": "0.00004192", "price": "118072.89000000", "time": "2025-07-13T12:10:44.131913Z", "fetched_at": "2025-07-13T12:10:52.207223+00:00", "symbol": "BTC-USD"}, {"trade_id": 848199409, "side": "sell", "size": "0.00016459", "price": "118072.89000000", "time": "2025-07-13T12:10:43.849987Z", "fetched_at": "2025-07-13T12:10:52.207223+00:00", "symbol": "BTC-USD"}, {"trade_id": 848199408, "side": "sell", "size": "0.00003983", "price": "118072.89000000", "time": "2025-07-13T12:10:43.601651Z", "fetched_at": "2025-07-13T12:10:52.207223+00:00", "symbol": "BTC-USD"}, {"trade_id": 848199407, "side": "sell", "size": "0.00002767", "price": "118072.74000000", "time": "2025-07-13T12:10:42.304Z", "fetched_at": "2025-07-13T12:10:52.207223+00:00", "symbol": "BTC-USD"}, {"trade_id": 848199406, "side": "sell", "size": "0.00196211", "price": "118072.73000000", "time": "2025-07-13T12:10:42.002313Z", "fetched_at": "2025-07-13T12:10:52.207223+00:00", "symbol": "BTC-USD"}, {"trade_id": 848199405, "side": "sell", "size": "0.00009548", "price": "118070.54000000", "time": "2025-07-13T12:10:42.002313Z", "fetched_at": "2025-07-13T12:10:52.207223+00:00", "symbol": "BTC-USD"}, {"trade_id": 848199404, "side": "sell", "size": "0.00061728", "price": "118072.74000000", "time": "2025-07-13T12:10:41.764228Z", "fetched_at": "2025-07-13T12:10:52.207223+00:00", "symbol": "BTC-USD"}, {"trade_id": 848199403, "side": "sell", "size": "0.00212144", "price": "118072.76000000", "time": "2025-07-13T12:10:41.117452Z", "fetched_at": "2025-07-13T12:10:52.207223+00:00", "symbol": "BTC-USD"}, {"trade_id": 848199402, "side": "sell", "size": "0.00008470", "price": "118069.92000000", "time": "2025-07-13T12:10:41.117452Z", "fetched_at": "2025-07-13T12:10:52.207223+00:00", "symbol": "BTC-USD"}, {"trade_id": 848199401, "side": "sell", "size": "0.00032916", "price": "118072.76000000", "time": "2025-07-13T12:10:40.608564Z", "fetched_at": "2025-07-13T12:10:52.207223+00:00", "symbol": "BTC-USD"}, {"trade_id": 848199400, "side": "sell", "size": "0.00002950", "price": "118072.80000000", "time": "2025-07-13T12:10:38.674566Z", "fetched_at": "2025-07-13T12:10:52.207223+00:00", "symbol": "BTC-USD"}, {"trade_id": 848199399, "side": "sell", "size": "0.00001467", "price": "118069.90000000", "time": "2025-07-13T12:10:38.367925Z", "fetched_at": "2025-07-13T12:10:52.207223+00:00", "symbol": "BTC-USD"}, {"trade_id": 848199398, "side": "sell", "size": "0.00000008", "price": "118069.90000000", "time": "2025-07-13T12:10:36.846571Z", "fetched_at": "2025-07-13T12:10:52.207223+00:00", "symbol": "BTC-USD"}, {"trade_id": 848199397, "side": "sell", "size": "0.00026858", "price": "118072.86000000", "time": "2025-07-13T12:10:36.830115Z", "fetched_at": "2025-07-13T12:10:52.207223+00:00", "symbol": "BTC-USD"}, {"trade_id": 848199396, "side": "sell", "size": "0.00008470", "price": "118069.90000000", "time": "2025-07-13T12:10:36.830115Z", "fetched_at": "2025-07-13T12:10:52.207223+00:00", "symbol": "BTC-USD"}, {"trade_id": 848199395, "side": "sell", "size": "0.00019642", "price": "118072.86000000", "time": "2025-07-13T12:10:36.441816Z", "fetched_at": "2025-07-13T12:10:52.207223+00:00", "symbol": "BTC-USD"}, {"trade_id": 848199394, "side": "sell", "size": "0.00008470", "price": "118069.90000000", "time": "2025-07-13T12:10:36.441816Z", "fetched_at": "2025-07-13T12:10:52.207223+00:00", "symbol": "BTC-USD"}, {"trade_id": 848199393, "side": "sell", "size": "0.00000076", "price": "118069.91000000", "time": "2025-07-13T12:10:35.959724Z", "fetched_at": "2025-07-13T12:10:52.207223+00:00", "symbol": "BTC-USD"}, {"trade_id": 848199392, "side": "sell", "size": "0.00173302", "price": "118072.86000000", "time": "2025-07-13T12:10:35.942896Z", "fetched_at": "2025-07-13T12:10:52.207223+00:00", "symbol": "BTC-USD"}, {"trade_id": 848199391, "side": "sell", "size": "0.00008470", "price": "118069.91000000", "time": "2025-07-13T12:10:35.942896Z", "fetched_at": "2025-07-13T12:10:52.207223+00:00", "symbol": "BTC-USD"}, {"trade_id": 848199390, "side": "sell", "size": "0.00005869", "price": "118069.91000000", "time": "2025-07-13T12:10:35.887766Z", "fetched_at": "2025-07-13T12:10:52.207223+00:00", "symbol": "BTC-USD"}, {"trade_id": 848199389, "side": "sell", "size": "0.00071859", "price": "118072.88000000", "time": "2025-07-13T12:10:35.752699Z", "fetched_at": "2025-07-13T12:10:52.207223+00:00", "symbol": "BTC-USD"}, {"trade_id": 848199388, "side": "sell", "size": "0.00008470", "price": "118069.89000000", "time": "2025-07-13T12:10:35.752699Z", "fetched_at": "2025-07-13T12:10:52.207223+00:00", "symbol": "BTC-USD"}, {"trade_id": 848199387, "side": "buy", "size": "0.00307359", "price": "118069.88000000", "time": "2025-07-13T12:10:35.172793Z", "fetched_at": "2025-07-13T12:10:52.207223+00:00", "symbol": "BTC-USD"}, {"trade_id": 848199386, "side": "buy", "size": "0.00002310", "price": "118069.90000000", "time": "2025-07-13T12:10:35.172793Z", "fetched_at": "2025-07-13T12:10:52.207223+00:00", "symbol": "BTC-USD"}, {"trade_id": 848199385, "side": "sell", "size": "0.00000002", "price": "118072.88000000", "time": "2025-07-13T12:10:35.052028Z", "fetched_at": "2025-07-13T12:10:52.207223+00:00", "symbol": "BTC-USD"}, {"trade_id": 848199384, "side": "sell", "size": "0.00020000", "price": "118072.91000000", "time": "2025-07-13T12:10:34.595634Z", "fetched_at": "2025-07-13T12:10:52.207223+00:00", "symbol": "BTC-USD"}, {"trade_id": 848199383, "side": "sell", "size": "0.00019642", "price": "118066.51000000", "time": "2025-07-13T12:10:33.612861Z", "fetched_at": "2025-07-13T12:10:52.207223+00:00", "symbol": "BTC-USD"}, {"trade_id": 848199382, "side": "sell", "size": "0.00008470", "price": "118066.40000000", "time": "2025-07-13T12:10:33.612861Z", "fetched_at": "2025-07-13T12:10:52.207223+00:00", "symbol": "BTC-USD"}, {"trade_id": 848199381, "side": "sell", "size": "0.00018041", "price": "118072.93000000", "time": "2025-07-13T12:10:33.345663Z", "fetched_at": "2025-07-13T12:10:52.207223+00:00", "symbol": "BTC-USD"}, {"trade_id": 848199380, "side": "sell", "size": "0.00008470", "price": "118072.92000000", "time": "2025-07-13T12:10:33.345663Z", "fetched_at": "2025-07-13T12:10:52.207223+00:00", "symbol": "BTC-USD"}, {"trade_id": 848199379, "side": "sell", "size": "0.01527592", "price": "118072.97000000", "time": "2025-07-13T12:10:32.659090Z", "fetched_at": "2025-07-13T12:10:52.207223+00:00", "symbol": "BTC-USD"}, {"trade_id": 848199378, "side": "sell", "size": "0.00008470", "price": "118072.96000000", "time": "2025-07-13T12:10:32.659090Z", "fetched_at": "2025-07-13T12:10:52.207223+00:00", "symbol": "BTC-USD"}, {"trade_id": 848199377, "side": "buy", "size": "0.00333802", "price": "118065.34000000", "time": "2025-07-13T12:10:32.586330Z", "fetched_at": "2025-07-13T12:10:52.207223+00:00", "symbol": "BTC-USD"}, {"trade_id": 848199376, "side": "sell", "size": "0.00073332", "price": "118072.99000000", "time": "2025-07-13T12:10:32.142765Z", "fetched_at": "2025-07-13T12:10:52.207223+00:00", "symbol": "BTC-USD"}, {"trade_id": 848199375, "side": "sell", "size": "0.00008470", "price": "118072.98000000", "time": "2025-07-13T12:10:32.142765Z", "fetched_at": "2025-07-13T12:10:52.207223+00:00", "symbol": "BTC-USD"}, {"trade_id": 848199374, "side": "sell", "size": "0.03258227", "price": "118072.98000000", "time": "2025-07-13T12:10:32.090557Z", "fetched_at": "2025-07-13T12:10:52.207223+00:00", "symbol": "BTC-USD"}, {"trade_id": 848199373, "side": "sell", "size": "0.00008470", "price": "118072.97000000", "time": "2025-07-13T12:10:32.090557Z", "fetched_at": "2025-07-13T12:10:52.207223+00:00", "symbol": "BTC-USD"}, {"trade_id": 848199372, "side": "sell", "size": "0.00010280", "price": "118067.83000000", "time": "2025-07-13T12:10:32.090557Z", "fetched_at": "2025-07-13T12:10:52.207223+00:00", "symbol": "BTC-USD"}, {"trade_id": 848199371, "side": "sell", "size": "0.00012151", "price": "118069.77000000", "time": "2025-07-13T12:10:31.915864Z", "fetched_at": "2025-07-13T12:10:52.207223+00:00", "symbol": "BTC-USD"}, {"trade_id": 848199370, "side": "sell", "size": "0.00041921", "price": "118069.17000000", "time": "2025-07-13T12:10:31.455067Z", "fetched_at": "2025-07-13T12:10:52.207223+00:00", "symbol": "BTC-USD"}, {"trade_id": 848199369, "side": "sell", "size": "0.00117294", "price": "118072.93000000", "time": "2025-07-13T12:10:30.053667Z", "fetched_at": "2025-07-13T12:10:52.207223+00:00", "symbol": "BTC-USD"}, {"trade_id": 848199368, "side": "sell", "size": "0.00008469", "price": "118072.92000000", "time": "2025-07-13T12:10:30.053667Z", "fetched_at": "2025-07-13T12:10:52.207223+00:00", "symbol": "BTC-USD"}, {"trade_id": 848199367, "side": "sell", "size": "0.00001660", "price": "118072.95000000", "time": "2025-07-13T12:10:29.991487Z", "fetched_at": "2025-07-13T12:10:52.207223+00:00", "symbol": "BTC-USD"}, {"trade_id": 848199366, "side": "sell", "size": "0.07637962", "price": "118064.64000000", "time": "2025-07-13T12:10:29.266467Z", "fetched_at": "2025-07-13T12:10:52.207223+00:00", "symbol": "BTC-USD"}, {"trade_id": 848199365, "side": "sell", "size": "0.00008469", "price": "118064.46000000", "time": "2025-07-13T12:10:29.266467Z", "fetched_at": "2025-07-13T12:10:52.207223+00:00", "symbol": "BTC-USD"}, {"trade_id": 848199364, "side": "buy", "size": "0.00234355", "price": "118064.45000000", "time": "2025-07-13T12:10:29.098074Z", "fetched_at": "2025-07-13T12:10:52.207223+00:00", "symbol": "BTC-USD"}, {"trade_id": 848199363, "side": "buy", "size": "0.01103221", "price": "118066.08000000", "time": "2025-07-13T12:10:29.032257Z", "fetched_at": "2025-07-13T12:10:52.207223+00:00", "symbol": "BTC-USD"}, {"trade_id": 848199362, "side": "buy", "size": "0.04856977", "price": "118066.08000000", "time": "2025-07-13T12:10:29.027899Z", "fetched_at": "2025-07-13T12:10:52.207223+00:00", "symbol": "BTC-USD"}, {"trade_id": 848199361, "side": "buy", "size": "0.01255806", "price": "118066.34000000", "time": "2025-07-13T12:10:29.027899Z", "fetched_at": "2025-07-13T12:10:52.207223+00:00", "symbol": "BTC-USD"}, {"trade_id": 848199360, "side": "buy", "size": "0.01934872", "price": "118068.53000000", "time": "2025-07-13T12:10:29.027899Z", "fetched_at": "2025-07-13T12:10:52.207223+00:00", "symbol": "BTC-USD"}, {"trade_id": 848199359, "side": "buy", "size": "0.01255657", "price": "118068.87000000", "time": "2025-07-13T12:10:29.027899Z", "fetched_at": "2025-07-13T12:10:52.207223+00:00", "symbol": "BTC-USD"}, {"trade_id": 848199358, "side": "buy", "size": "0.02499829", "price": "118068.88000000", "time": "2025-07-13T12:10:29.027899Z", "fetched_at": "2025-07-13T12:10:52.207223+00:00", "symbol": "BTC-USD"}, {"trade_id": 848199357, "side": "buy", "size": "0.01101360", "price": "118068.88000000", "time": "2025-07-13T12:10:29.027899Z", "fetched_at": "2025-07-13T12:10:52.207223+00:00", "symbol": "BTC-USD"}, {"trade_id": 848199356, "side": "buy", "size": "0.00315461", "price": "118069.88000000", "time": "2025-07-13T12:10:29.027899Z", "fetched_at": "2025-07-13T12:10:52.207223+00:00", "symbol": "BTC-USD"}, {"trade_id": 848199355, "side": "buy", "size": "0.04084539", "price": "118069.88000000", "time": "2025-07-13T12:10:29.021706Z", "fetched_at": "2025-07-13T12:10:52.207223+00:00", "symbol": "BTC-USD"}, {"trade_id": 848199354, "side": "buy", "size": "0.01177920", "price": "118074.03000000", "time": "2025-07-13T12:10:29.021706Z", "fetched_at": "2025-07-13T12:10:52.207223+00:00", "symbol": "BTC-USD"}, {"trade_id": 848199353, "side": "buy", "size": "0.00042000", "price": "118074.03000000", "time": "2025-07-13T12:10:29.021451Z", "fetched_at": "2025-07-13T12:10:52.207223+00:00", "symbol": "BTC-USD"}, {"trade_id": 848199352, "side": "buy", "size": "0.07252084", "price": "118074.03000000", "time": "2025-07-13T12:10:29.020098Z", "fetched_at": "2025-07-13T12:10:52.207223+00:00", "symbol": "BTC-USD"}, {"trade_id": 848199351, "side": "buy", "size": "0.00643265", "price": "118074.10000000", "time": "2025-07-13T12:10:29.020098Z", "fetched_at": "2025-07-13T12:10:52.207223+00:00", "symbol": "BTC-USD"}, {"trade_id": 848199350, "side": "buy", "size": "0.03296369", "price": "118074.10000000", "time": "2025-07-13T12:10:29.019837Z", "fetched_at": "2025-07-13T12:10:52.207223+00:00", "symbol": "BTC-USD"}, {"trade_id": 848199349, "side": "buy", "size": "0.02228394", "price": "118074.10000000", "time": "2025-07-13T12:10:29.019447Z", "fetched_at": "2025-07-13T12:10:52.207223+00:00", "symbol": "BTC-USD"}, {"trade_id": 848199348, "side": "buy", "size": "0.00008470", "price": "118074.11000000", "time": "2025-07-13T12:10:29.019447Z", "fetched_at": "2025-07-13T12:10:52.207223+00:00", "symbol": "BTC-USD"}, {"trade_id": 848199347, "side": "buy", "size": "0.00499975", "price": "118075.77000000", "time": "2025-07-13T12:10:29.019447Z", "fetched_at": "2025-07-13T12:10:52.207223+00:00", "symbol": "BTC-USD"}, {"trade_id": 848199346, "side": "buy", "size": "0.00000110", "price": "118078.02000000", "time": "2025-07-13T12:10:29.019447Z", "fetched_at": "2025-07-13T12:10:52.207223+00:00", "symbol": "BTC-USD"}, {"trade_id": 848199345, "side": "buy", "size": "0.00001151", "price": "118078.58000000", "time": "2025-07-13T12:10:29.019447Z", "fetched_at": "2025-07-13T12:10:52.207223+00:00", "symbol": "BTC-USD"}, {"trade_id": 848199344, "side": "buy", "size": "0.03703854", "price": "118078.58000000", "time": "2025-07-13T12:10:29.019447Z", "fetched_at": "2025-07-13T12:10:52.207223+00:00", "symbol": "BTC-USD"}, {"trade_id": 848199343, "side": "buy", "size": "0.01977549", "price": "118078.85000000", "time": "2025-07-13T12:10:29.019447Z", "fetched_at": "2025-07-13T12:10:52.207223+00:00", "symbol": "BTC-USD"}, {"trade_id": 848199342, "side": "buy", "size": "0.03828974", "price": "118078.87000000", "time": "2025-07-13T12:10:29.019447Z", "fetched_at": "2025-07-13T12:10:52.207223+00:00", "symbol": "BTC-USD"}, {"trade_id": 848199341, "side": "buy", "size": "0.02900000", "price": "118078.87000000", "time": "2025-07-13T12:10:29.019447Z", "fetched_at": "2025-07-13T12:10:52.207223+00:00", "symbol": "BTC-USD"}, {"trade_id": 848199340, "side": "buy", "size": "0.00016938", "price": "118078.85000000", "time": "2025-07-13T12:10:25.734314Z", "fetched_at": "2025-07-13T12:10:52.207223+00:00", "symbol": "BTC-USD"}, {"trade_id": 848199339, "side": "sell", "size": "0.00237347", "price": "118078.86000000", "time": "2025-07-13T12:10:25.627288Z", "fetched_at": "2025-07-13T12:10:52.207223+00:00", "symbol": "BTC-USD"}, {"trade_id": 848199338, "side": "sell", "size": "0.00008469", "price": "118078.86000000", "time": "2025-07-13T12:10:25.627288Z", "fetched_at": "2025-07-13T12:10:52.207223+00:00", "symbol": "BTC-USD"}, {"trade_id": 848199337, "side": "buy", "size": "0.01804336", "price": "118078.87000000", "time": "2025-07-13T12:10:25.426409Z", "fetched_at": "2025-07-13T12:10:52.207223+00:00", "symbol": "BTC-USD"}, {"trade_id": 848199336, "side": "buy", "size": "0.02900000", "price": "118078.87000000", "time": "2025-07-13T12:10:25.426409Z", "fetched_at": "2025-07-13T12:10:52.207223+00:00", "symbol": "BTC-USD"}, {"trade_id": 848199335, "side": "sell", "size": "0.00031539", "price": "118078.92000000", "time": "2025-07-13T12:10:25.067581Z", "fetched_at": "2025-07-13T12:10:52.207223+00:00", "symbol": "BTC-USD"}, {"trade_id": 848199334, "side": "sell", "size": "0.00008461", "price": "118078.86000000", "time": "2025-07-13T12:10:25.067581Z", "fetched_at": "2025-07-13T12:10:52.207223+00:00", "symbol": "BTC-USD"}, {"trade_id": 848199333, "side": "sell", "size": "0.00000008", "price": "118078.86000000", "time": "2025-07-13T12:10:24.646455Z", "fetched_at": "2025-07-13T12:10:52.207223+00:00", "symbol": "BTC-USD"}, {"trade_id": 848199332, "side": "sell", "size": "0.00008016", "price": "118078.86000000", "time": "2025-07-13T12:10:24.628652Z", "fetched_at": "2025-07-13T12:10:52.207223+00:00", "symbol": "BTC-USD"}, {"trade_id": 848199331, "side": "buy", "size": "0.00002545", "price": "118078.85000000", "time": "2025-07-13T12:10:23.542627Z", "fetched_at": "2025-07-13T12:10:52.207223+00:00", "symbol": "BTC-USD"}, {"trade_id": 848199330, "side": "buy", "size": "0.00423428", "price": "118078.85000000", "time": "2025-07-13T12:10:23.014465Z", "fetched_at": "2025-07-13T12:10:52.207223+00:00", "symbol": "BTC-USD"}, {"trade_id": 848199329, "side": "buy", "size": "0.00193677", "price": "118078.85000000", "time": "2025-07-13T12:10:22.780605Z", "fetched_at": "2025-07-13T12:10:52.207223+00:00", "symbol": "BTC-USD"}, {"trade_id": 848199328, "side": "buy", "size": "0.00003732", "price": "118078.87000000", "time": "2025-07-13T12:10:22.780605Z", "fetched_at": "2025-07-13T12:10:52.207223+00:00", "symbol": "BTC-USD"}, {"trade_id": 848199327, "side": "buy", "size": "0.02584510", "price": "118078.87000000", "time": "2025-07-13T12:10:22.780605Z", "fetched_at": "2025-07-13T12:10:52.207223+00:00", "symbol": "BTC-USD"}, {"trade_id": 848199326, "side": "sell", "size": "0.00167677", "price": "118078.92000000", "time": "2025-07-13T12:10:21.969804Z", "fetched_at": "2025-07-13T12:10:52.207223+00:00", "symbol": "BTC-USD"}, {"trade_id": 848199325, "side": "sell", "size": "0.00600000", "price": "118078.93000000", "time": "2025-07-13T12:10:21.623866Z", "fetched_at": "2025-07-13T12:10:52.207223+00:00", "symbol": "BTC-USD"}, {"trade_id": 848199324, "side": "buy", "size": "0.00290016", "price": "118078.87000000", "time": "2025-07-13T12:10:21.262567Z", "fetched_at": "2025-07-13T12:10:52.207223+00:00", "symbol": "BTC-USD"}, {"trade_id": 848199323, "side": "sell", "size": "0.00104803", "price": "118078.92000000", "time": "2025-07-13T12:10:20.976164Z", "fetched_at": "2025-07-13T12:10:52.207223+00:00", "symbol": "BTC-USD"}, {"trade_id": 848199322, "side": "sell", "size": "0.00019206", "price": "118078.92000000", "time": "2025-07-13T12:10:20.543270Z", "fetched_at": "2025-07-13T12:10:52.207223+00:00", "symbol": "BTC-USD"}, {"trade_id": 848199321, "side": "sell", "size": "0.00008469", "price": "118078.88000000", "time": "2025-07-13T12:10:20.543270Z", "fetched_at": "2025-07-13T12:10:52.207223+00:00", "symbol": "BTC-USD"}, {"trade_id": 848199320, "side": "sell", "size": "0.00201130", "price": "118078.92000000", "time": "2025-07-13T12:10:20.533395Z", "fetched_at": "2025-07-13T12:10:52.207223+00:00", "symbol": "BTC-USD"}, {"trade_id": 848199319, "side": "sell", "size": "0.00008469", "price": "118078.88000000", "time": "2025-07-13T12:10:20.533395Z", "fetched_at": "2025-07-13T12:10:52.207223+00:00", "symbol": "BTC-USD"}, {"trade_id": 848199318, "side": "sell", "size": "0.00004016", "price": "118078.92000000", "time": "2025-07-13T12:10:20.268929Z", "fetched_at": "2025-07-13T12:10:52.207223+00:00", "symbol": "BTC-USD"}, {"trade_id": 848199317, "side": "sell", "size": "0.00098635", "price": "118078.92000000", "time": "2025-07-13T12:10:18.026681Z", "fetched_at": "2025-07-13T12:10:52.207223+00:00", "symbol": "BTC-USD"}, {"trade_id": 848199316, "side": "sell", "size": "0.00008469", "price": "118078.88000000", "time": "2025-07-13T12:10:18.026681Z", "fetched_at": "2025-07-13T12:10:52.207223+00:00", "symbol": "BTC-USD"}, {"trade_id": 848199315, "side": "buy", "size": "0.00025474", "price": "118078.87000000", "time": "2025-07-13T12:10:15.924576Z", "fetched_at": "2025-07-13T12:10:52.207223+00:00", "symbol": "BTC-USD"}, {"trade_id": 848199314, "side": "sell", "size": "0.02330082", "price": "118083.98000000", "time": "2025-07-13T12:10:15.242611Z", "fetched_at": "2025-07-13T12:10:52.207223+00:00", "symbol": "BTC-USD"}, {"trade_id": 848199313, "side": "sell", "size": "0.00942803", "price": "118083.97000000", "time": "2025-07-13T12:10:15.242611Z", "fetched_at": "2025-07-13T12:10:52.207223+00:00", "symbol": "BTC-USD"}, {"trade_id": 848199312, "side": "sell", "size": "0.00000547", "price": "118082.62000000", "time": "2025-07-13T12:10:15.242611Z", "fetched_at": "2025-07-13T12:10:52.207223+00:00", "symbol": "BTC-USD"}, {"trade_id": 848199311, "side": "sell", "size": "0.00001253", "price": "118082.62000000", "time": "2025-07-13T12:10:15.242611Z", "fetched_at": "2025-07-13T12:10:52.207223+00:00", "symbol": "BTC-USD"}, {"trade_id": 848199310, "side": "sell", "size": "0.00000664", "price": "118082.56000000", "time": "2025-07-13T12:10:15.242611Z", "fetched_at": "2025-07-13T12:10:52.207223+00:00", "symbol": "BTC-USD"}, {"trade_id": 848199309, "side": "sell", "size": "0.04945809", "price": "118082.56000000", "time": "2025-07-13T12:10:15.242611Z", "fetched_at": "2025-07-13T12:10:52.207223+00:00", "symbol": "BTC-USD"}, {"trade_id": 848199308, "side": "sell", "size": "0.00008469", "price": "118082.55000000", "time": "2025-07-13T12:10:15.242611Z", "fetched_at": "2025-07-13T12:10:52.207223+00:00", "symbol": "BTC-USD"}, {"trade_id": 848199307, "side": "sell", "size": "0.00047695", "price": "118082.56000000", "time": "2025-07-13T12:10:13.653276Z", "fetched_at": "2025-07-13T12:10:52.207223+00:00", "symbol": "BTC-USD"}, {"trade_id": 848199306, "side": "sell", "size": "0.00008469", "price": "118078.88000000", "time": "2025-07-13T12:10:13.653276Z", "fetched_at": "2025-07-13T12:10:52.207223+00:00", "symbol": "BTC-USD"}, {"trade_id": 848199305, "side": "sell", "size": "0.00185169", "price": "118078.88000000", "time": "2025-07-13T12:10:12.310616Z", "fetched_at": "2025-07-13T12:10:52.207223+00:00", "symbol": "BTC-USD"}, {"trade_id": 848199304, "side": "sell", "size": "0.00016768", "price": "118078.88000000", "time": "2025-07-13T12:10:11.959797Z", "fetched_at": "2025-07-13T12:10:52.207223+00:00", "symbol": "BTC-USD"}, {"trade_id": 848199303, "side": "sell", "size": "0.00000033", "price": "118082.55000000", "time": "2025-07-13T12:10:10.329310Z", "fetched_at": "2025-07-13T12:10:52.207223+00:00", "symbol": "BTC-USD"}, {"trade_id": 848199302, "side": "sell", "size": "0.00061141", "price": "118082.55000000", "time": "2025-07-13T12:10:10.311789Z", "fetched_at": "2025-07-13T12:10:52.207223+00:00", "symbol": "BTC-USD"}, {"trade_id": 848199301, "side": "sell", "size": "0.00014123", "price": "118079.90000000", "time": "2025-07-13T12:10:10.311789Z", "fetched_at": "2025-07-13T12:10:52.207223+00:00", "symbol": "BTC-USD"}, {"trade_id": 848199300, "side": "sell", "size": "0.00182690", "price": "118082.56000000", "time": "2025-07-13T12:10:10.245170Z", "fetched_at": "2025-07-13T12:10:52.207223+00:00", "symbol": "BTC-USD"}, {"trade_id": 848199299, "side": "sell", "size": "0.00023059", "price": "118080.05000000", "time": "2025-07-13T12:10:10.245170Z", "fetched_at": "2025-07-13T12:10:52.207223+00:00", "symbol": "BTC-USD"}, {"trade_id": 848199298, "side": "sell", "size": "0.00002915", "price": "118082.56000000", "time": "2025-07-13T12:10:07.935656Z", "fetched_at": "2025-07-13T12:10:52.207223+00:00", "symbol": "BTC-USD"}, {"trade_id": 848199297, "side": "sell", "size": "0.00000664", "price": "118082.55000000", "time": "2025-07-13T12:10:07.935656Z", "fetched_at": "2025-07-13T12:10:52.207223+00:00", "symbol": "BTC-USD"}, {"trade_id": 848199296, "side": "sell", "size": "0.00008469", "price": "118078.88000000", "time": "2025-07-13T12:10:07.935656Z", "fetched_at": "2025-07-13T12:10:52.207223+00:00", "symbol": "BTC-USD"}, {"trade_id": 848199295, "side": "buy", "size": "0.00002545", "price": "118078.87000000", "time": "2025-07-13T12:10:07.497869Z", "fetched_at": "2025-07-13T12:10:52.207223+00:00", "symbol": "BTC-USD"}, {"trade_id": 848199294, "side": "buy", "size": "0.00039218", "price": "118078.87000000", "time": "2025-07-13T12:10:05.344956Z", "fetched_at": "2025-07-13T12:10:52.207223+00:00", "symbol": "BTC-USD"}, {"trade_id": 848199293, "side": "sell", "size": "0.00004605", "price": "118082.56000000", "time": "2025-07-13T12:10:04.976396Z", "fetched_at": "2025-07-13T12:10:52.207223+00:00", "symbol": "BTC-USD"}, {"trade_id": 848199292, "side": "sell", "size": "0.00089647", "price": "118082.56000000", "time": "2025-07-13T12:10:04.649803Z", "fetched_at": "2025-07-13T12:10:52.207223+00:00", "symbol": "BTC-USD"}, {"trade_id": 848199291, "side": "sell", "size": "0.00009447", "price": "118078.88000000", "time": "2025-07-13T12:10:04.649803Z", "fetched_at": "2025-07-13T12:10:52.207223+00:00", "symbol": "BTC-USD"}, {"trade_id": 848199290, "side": "sell", "size": "0.00065505", "price": "118078.88000000", "time": "2025-07-13T12:10:04.649803Z", "fetched_at": "2025-07-13T12:10:52.207223+00:00", "symbol": "BTC-USD"}, {"trade_id": 848199289, "side": "sell", "size": "0.00020960", "price": "118078.88000000", "time": "2025-07-13T12:10:04.321943Z", "fetched_at": "2025-07-13T12:10:52.207223+00:00", "symbol": "BTC-USD"}, {"trade_id": 848199288, "side": "buy", "size": "0.00001682", "price": "118078.87000000", "time": "2025-07-13T12:10:03.369846Z", "fetched_at": "2025-07-13T12:10:52.207223+00:00", "symbol": "BTC-USD"}, {"trade_id": 848199287, "side": "sell", "size": "0.00039495", "price": "118078.88000000", "time": "2025-07-13T12:10:01.722667Z", "fetched_at": "2025-07-13T12:10:52.207223+00:00", "symbol": "BTC-USD"}, {"trade_id": 848199286, "side": "sell", "size": "0.00000665", "price": "118078.88000000", "time": "2025-07-13T12:10:01.722667Z", "fetched_at": "2025-07-13T12:10:52.207223+00:00", "symbol": "BTC-USD"}, {"trade_id": 848199285, "side": "buy", "size": "0.00019850", "price": "118078.87000000", "time": "2025-07-13T12:10:01.369718Z", "fetched_at": "2025-07-13T12:10:52.207223+00:00", "symbol": "BTC-USD"}, {"trade_id": 848199284, "side": "sell", "size": "0.25320107", "price": "118078.88000000", "time": "2025-07-13T12:09:57.254458Z", "fetched_at": "2025-07-13T12:10:52.207223+00:00", "symbol": "BTC-USD"}, {"trade_id": 848199283, "side": "buy", "size": "0.00427678", "price": "118078.87000000", "time": "2025-07-13T12:09:57.057350Z", "fetched_at": "2025-07-13T12:10:52.207223+00:00", "symbol": "BTC-USD"}, {"trade_id": 848199282, "side": "buy", "size": "0.00002536", "price": "118078.87000000", "time": "2025-07-13T12:09:57.040630Z", "fetched_at": "2025-07-13T12:10:52.207223+00:00", "symbol": "BTC-USD"}, {"trade_id": 848199281, "side": "buy", "size": "0.00173224", "price": "118078.85000000", "time": "2025-07-13T12:09:55.925766Z", "fetched_at": "2025-07-13T12:10:52.207223+00:00", "symbol": "BTC-USD"}, {"trade_id": 848199280, "side": "sell", "size": "0.00000008", "price": "118082.62000000", "time": "2025-07-13T12:09:55.902587Z", "fetched_at": "2025-07-13T12:10:52.207223+00:00", "symbol": "BTC-USD"}, {"trade_id": 848199279, "side": "sell", "size": "0.00025971", "price": "118084.98000000", "time": "2025-07-13T12:09:55.879515Z", "fetched_at": "2025-07-13T12:10:52.207223+00:00", "symbol": "BTC-USD"}, {"trade_id": 848199278, "side": "sell", "size": "0.00001188", "price": "118084.97000000", "time": "2025-07-13T12:09:55.879515Z", "fetched_at": "2025-07-13T12:10:52.207223+00:00", "symbol": "BTC-USD"}, {"trade_id": 848199277, "side": "sell", "size": "0.00000211", "price": "118083.89000000", "time": "2025-07-13T12:09:55.879515Z", "fetched_at": "2025-07-13T12:10:52.207223+00:00", "symbol": "BTC-USD"}, {"trade_id": 848199276, "side": "sell", "size": "0.00000664", "price": "118082.62000000", "time": "2025-07-13T12:09:55.879515Z", "fetched_at": "2025-07-13T12:10:52.207223+00:00", "symbol": "BTC-USD"}, {"trade_id": 848199275, "side": "sell", "size": "0.00002067", "price": "118082.62000000", "time": "2025-07-13T12:09:55.879515Z", "fetched_at": "2025-07-13T12:10:52.207223+00:00", "symbol": "BTC-USD"}, {"trade_id": 848199274, "side": "buy", "size": "0.00001481", "price": "118078.60000000", "time": "2025-07-13T12:09:54.139Z", "fetched_at": "2025-07-13T12:10:52.207223+00:00", "symbol": "BTC-USD"}, {"trade_id": 848199273, "side": "sell", "size": "0.02703577", "price": "118082.62000000", "time": "2025-07-13T12:09:53.791973Z", "fetched_at": "2025-07-13T12:10:52.207223+00:00", "symbol": "BTC-USD"}, {"trade_id": 848199272, "side": "sell", "size": "0.00001034", "price": "118079.46000000", "time": "2025-07-13T12:09:53.791973Z", "fetched_at": "2025-07-13T12:10:52.207223+00:00", "symbol": "BTC-USD"}, {"trade_id": 848199271, "side": "sell", "size": "0.00008469", "price": "118078.61000000", "time": "2025-07-13T12:09:53.791973Z", "fetched_at": "2025-07-13T12:10:52.207223+00:00", "symbol": "BTC-USD"}, {"trade_id": 848199270, "side": "sell", "size": "0.00023499", "price": "118078.61000000", "time": "2025-07-13T12:09:52.738210Z", "fetched_at": "2025-07-13T12:10:52.207223+00:00", "symbol": "BTC-USD"}, {"trade_id": 848199269, "side": "sell", "size": "0.00001193", "price": "118078.61000000", "time": "2025-07-13T12:09:52.738210Z", "fetched_at": "2025-07-13T12:10:52.207223+00:00", "symbol": "BTC-USD"}, {"trade_id": 848199268, "side": "buy", "size": "0.00021795", "price": "118078.60000000", "time": "2025-07-13T12:09:51.798291Z", "fetched_at": "2025-07-13T12:10:52.207223+00:00", "symbol": "BTC-USD"}, {"trade_id": 848199267, "side": "buy", "size": "0.00053141", "price": "118078.60000000", "time": "2025-07-13T12:09:51.438601Z", "fetched_at": "2025-07-13T12:10:52.207223+00:00", "symbol": "BTC-USD"}, {"trade_id": 848199266, "side": "buy", "size": "0.00321819", "price": "118078.58000000", "time": "2025-07-13T12:09:49.801789Z", "fetched_at": "2025-07-13T12:10:52.207223+00:00", "symbol": "BTC-USD"}, {"trade_id": 848199265, "side": "sell", "size": "0.00002808", "price": "118079.45000000", "time": "2025-07-13T12:09:49.302639Z", "fetched_at": "2025-07-13T12:10:52.207223+00:00", "symbol": "BTC-USD"}, {"trade_id": 848199264, "side": "sell", "size": "0.00008469", "price": "118078.59000000", "time": "2025-07-13T12:09:49.302639Z", "fetched_at": "2025-07-13T12:10:52.207223+00:00", "symbol": "BTC-USD"}, {"trade_id": 848199263, "side": "sell", "size": "0.02057481", "price": "118079.46000000", "time": "2025-07-13T12:09:49.045743Z", "fetched_at": "2025-07-13T12:10:52.207223+00:00", "symbol": "BTC-USD"}, {"trade_id": 848199262, "side": "sell", "size": "0.00052824", "price": "118079.46000000", "time": "2025-07-13T12:09:49.023487Z", "fetched_at": "2025-07-13T12:10:52.207223+00:00", "symbol": "BTC-USD"}, {"trade_id": 848199261, "side": "sell", "size": "0.00001506", "price": "118078.59000000", "time": "2025-07-13T12:09:48.450042Z", "fetched_at": "2025-07-13T12:10:52.207223+00:00", "symbol": "BTC-USD"}, {"trade_id": 848199260, "side": "sell", "size": "0.00004192", "price": "118079.45000000", "time": "2025-07-13T12:09:47.120411Z", "fetched_at": "2025-07-13T12:10:52.207223+00:00", "symbol": "BTC-USD"}, {"trade_id": 848199259, "side": "buy", "size": "0.00874327", "price": "118078.58000000", "time": "2025-07-13T12:09:46.317923Z", "fetched_at": "2025-07-13T12:10:52.207223+00:00", "symbol": "BTC-USD"}, {"trade_id": 848199258, "side": "buy", "size": "0.00002250", "price": "118078.84000000", "time": "2025-07-13T12:09:46.317923Z", "fetched_at": "2025-07-13T12:10:52.207223+00:00", "symbol": "BTC-USD"}, {"trade_id": 848199257, "side": "buy", "size": "0.00080027", "price": "118078.84000000", "time": "2025-07-13T12:09:46.317923Z", "fetched_at": "2025-07-13T12:10:52.207223+00:00", "symbol": "BTC-USD"}, {"trade_id": 848199256, "side": "sell", "size": "0.00117389", "price": "118079.46000000", "time": "2025-07-13T12:09:45.860232Z", "fetched_at": "2025-07-13T12:10:52.207223+00:00", "symbol": "BTC-USD"}, {"trade_id": 848199255, "side": "sell", "size": "0.00002066", "price": "118079.45000000", "time": "2025-07-13T12:09:45.860232Z", "fetched_at": "2025-07-13T12:10:52.207223+00:00", "symbol": "BTC-USD"}, {"trade_id": 848199254, "side": "sell", "size": "0.00002172", "price": "118079.44000000", "time": "2025-07-13T12:09:45.860232Z", "fetched_at": "2025-07-13T12:10:52.207223+00:00", "symbol": "BTC-USD"}, {"trade_id": 848199253, "side": "sell", "size": "0.00125272", "price": "118078.85000000", "time": "2025-07-13T12:09:45.860232Z", "fetched_at": "2025-07-13T12:10:52.207223+00:00", "symbol": "BTC-USD"}, {"trade_id": 848199252, "side": "sell", "size": "0.00083842", "price": "118078.85000000", "time": "2025-07-13T12:09:45.415123Z", "fetched_at": "2025-07-13T12:10:52.207223+00:00", "symbol": "BTC-USD"}, {"trade_id": 848199251, "side": "sell", "size": "0.00083842", "price": "118079.45000000", "time": "2025-07-13T12:09:44.103607Z", "fetched_at": "2025-07-13T12:10:52.207223+00:00", "symbol": "BTC-USD"}, {"trade_id": 848199250, "side": "sell", "size": "0.00082300", "price": "118079.46000000", "time": "2025-07-13T12:09:42.071392Z", "fetched_at": "2025-07-13T12:10:52.207223+00:00", "symbol": "BTC-USD"}, {"trade_id": 848199249, "side": "sell", "size": "0.00041150", "price": "118079.46000000", "time": "2025-07-13T12:09:41.901344Z", "fetched_at": "2025-07-13T12:10:52.207223+00:00", "symbol": "BTC-USD"}, {"trade_id": 848199248, "side": "sell", "size": "0.00007530", "price": "118079.46000000", "time": "2025-07-13T12:09:41.826229Z", "fetched_at": "2025-07-13T12:10:52.207223+00:00", "symbol": "BTC-USD"}, {"trade_id": 848199247, "side": "sell", "size": "0.00017162", "price": "118079.46000000", "time": "2025-07-13T12:09:41.826229Z", "fetched_at": "2025-07-13T12:10:52.207223+00:00", "symbol": "BTC-USD"}, {"trade_id": 848199246, "side": "sell", "size": "0.00016768", "price": "118079.46000000", "time": "2025-07-13T12:09:41.667329Z", "fetched_at": "2025-07-13T12:10:52.207223+00:00", "symbol": "BTC-USD"}, {"trade_id": 848199245, "side": "sell", "size": "0.00045370", "price": "118079.46000000", "time": "2025-07-13T12:09:41.589949Z", "fetched_at": "2025-07-13T12:10:52.207223+00:00", "symbol": "BTC-USD"}, {"trade_id": 848199244, "side": "sell", "size": "0.00004800", "price": "118079.46000000", "time": "2025-07-13T12:09:41.589949Z", "fetched_at": "2025-07-13T12:10:52.207223+00:00", "symbol": "BTC-USD"}, {"trade_id": 848199243, "side": "sell", "size": "0.00000135", "price": "118079.45000000", "time": "2025-07-13T12:09:41.589949Z", "fetched_at": "2025-07-13T12:10:52.207223+00:00", "symbol": "BTC-USD"}, {"trade_id": 848199242, "side": "sell", "size": "0.00009512", "price": "118079.45000000", "time": "2025-07-13T12:09:41.399160Z", "fetched_at": "2025-07-13T12:10:52.207223+00:00", "symbol": "BTC-USD"}, {"trade_id": 848199241, "side": "sell", "size": "0.00001992", "price": "118078.85000000", "time": "2025-07-13T12:09:41.399160Z", "fetched_at": "2025-07-13T12:10:52.207223+00:00", "symbol": "BTC-USD"}, {"trade_id": 848199240, "side": "sell", "size": "0.00000838", "price": "118078.85000000", "time": "2025-07-13T12:09:41.399160Z", "fetched_at": "2025-07-13T12:10:52.207223+00:00", "symbol": "BTC-USD"}, {"trade_id": 848199239, "side": "sell", "size": "0.00000196", "price": "118078.85000000", "time": "2025-07-13T12:09:41.351571Z", "fetched_at": "2025-07-13T12:10:52.207223+00:00", "symbol": "BTC-USD"}, {"trade_id": 848199238, "side": "sell", "size": "0.00000664", "price": "118078.85000000", "time": "2025-07-13T12:09:41.351571Z", "fetched_at": "2025-07-13T12:10:52.207223+00:00", "symbol": "BTC-USD"}, {"trade_id": 848199237, "side": "sell", "size": "0.00004016", "price": "118078.85000000", "time": "2025-07-13T12:09:40.647295Z", "fetched_at": "2025-07-13T12:10:52.207223+00:00", "symbol": "BTC-USD"}, {"trade_id": 848199236, "side": "sell", "size": "0.00008175", "price": "118078.85000000", "time": "2025-07-13T12:09:40.301011Z", "fetched_at": "2025-07-13T12:10:52.207223+00:00", "symbol": "BTC-USD"}, {"trade_id": 848199235, "side": "sell", "size": "0.00008384", "price": "118078.85000000", "time": "2025-07-13T12:09:40.226422Z", "fetched_at": "2025-07-13T12:10:52.207223+00:00", "symbol": "BTC-USD"}, {"trade_id": 848199234, "side": "sell", "size": "0.00000805", "price": "118078.85000000", "time": "2025-07-13T12:09:39.248152Z", "fetched_at": "2025-07-13T12:10:52.207223+00:00", "symbol": "BTC-USD"}, {"trade_id": 848199233, "side": "sell", "size": "0.00020575", "price": "118078.85000000", "time": "2025-07-13T12:09:39.197879Z", "fetched_at": "2025-07-13T12:10:52.207223+00:00", "symbol": "BTC-USD"}, {"trade_id": 848199232, "side": "sell", "size": "0.00000569", "price": "118078.85000000", "time": "2025-07-13T12:09:38.730763Z", "fetched_at": "2025-07-13T12:10:52.207223+00:00", "symbol": "BTC-USD"}, {"trade_id": 848199231, "side": "sell", "size": "0.00020961", "price": "118078.85000000", "time": "2025-07-13T12:09:38.526587Z", "fetched_at": "2025-07-13T12:10:52.207223+00:00", "symbol": "BTC-USD"}, {"trade_id": 848199230, "side": "buy", "size": "0.00003987", "price": "118078.84000000", "time": "2025-07-13T12:09:38.502560Z", "fetched_at": "2025-07-13T12:10:52.207223+00:00", "symbol": "BTC-USD"}, {"trade_id": 848199229, "side": "buy", "size": "0.00008119", "price": "118078.84000000", "time": "2025-07-13T12:09:38.480637Z", "fetched_at": "2025-07-13T12:10:52.207223+00:00", "symbol": "BTC-USD"}, {"trade_id": 848199228, "side": "sell", "size": "0.00041921", "price": "118078.85000000", "time": "2025-07-13T12:09:38.207378Z", "fetched_at": "2025-07-13T12:10:52.207223+00:00", "symbol": "BTC-USD"}, {"trade_id": 848199227, "side": "sell", "size": "0.00008384", "price": "118078.85000000", "time": "2025-07-13T12:09:38.113038Z", "fetched_at": "2025-07-13T12:10:52.207223+00:00", "symbol": "BTC-USD"}, {"trade_id": 848199226, "side": "buy", "size": "0.00014770", "price": "118078.84000000", "time": "2025-07-13T12:09:35.116625Z", "fetched_at": "2025-07-13T12:10:52.207223+00:00", "symbol": "BTC-USD"}, {"trade_id": 848199225, "side": "sell", "size": "0.00273654", "price": "118078.85000000", "time": "2025-07-13T12:09:34.782798Z", "fetched_at": "2025-07-13T12:10:52.207223+00:00", "symbol": "BTC-USD"}, {"trade_id": 848199224, "side": "sell", "size": "0.00016768", "price": "118078.85000000", "time": "2025-07-13T12:09:31.133218Z", "fetched_at": "2025-07-13T12:10:52.207223+00:00", "symbol": "BTC-USD"}, {"trade_id": 848199223, "side": "sell", "size": "0.00008384", "price": "118078.85000000", "time": "2025-07-13T12:09:29.951827Z", "fetched_at": "2025-07-13T12:10:52.207223+00:00", "symbol": "BTC-USD"}, {"trade_id": 848199222, "side": "buy", "size": "0.05996564", "price": "118078.84000000", "time": "2025-07-13T12:09:29.778825Z", "fetched_at": "2025-07-13T12:10:52.207223+00:00", "symbol": "BTC-USD"}, {"trade_id": 848199221, "side": "buy", "size": "0.00003436", "price": "118078.84000000", "time": "2025-07-13T12:09:29.778825Z", "fetched_at": "2025-07-13T12:10:52.207223+00:00", "symbol": "BTC-USD"}, {"trade_id": 848199220, "side": "sell", "size": "0.00004016", "price": "118078.85000000", "time": "2025-07-13T12:09:29.084223Z", "fetched_at": "2025-07-13T12:10:52.207223+00:00", "symbol": "BTC-USD"}, {"trade_id": 848199219, "side": "sell", "size": "0.00002504", "price": "118078.85000000", "time": "2025-07-13T12:09:28.354323Z", "fetched_at": "2025-07-13T12:10:52.207223+00:00", "symbol": "BTC-USD"}, {"trade_id": 848199218, "side": "sell", "size": "0.00000008", "price": "118078.85000000", "time": "2025-07-13T12:09:26.128538Z", "fetched_at": "2025-07-13T12:10:52.207223+00:00", "symbol": "BTC-USD"}, {"trade_id": 848199217, "side": "sell", "size": "0.00007551", "price": "118078.85000000", "time": "2025-07-13T12:09:26.109830Z", "fetched_at": "2025-07-13T12:10:52.207223+00:00", "symbol": "BTC-USD"}, {"trade_id": 848199216, "side": "buy", "size": "0.03249773", "price": "118078.84000000", "time": "2025-07-13T12:09:25.056519Z", "fetched_at": "2025-07-13T12:10:52.207223+00:00", "symbol": "BTC-USD"}, {"trade_id": 848199215, "side": "sell", "size": "0.00079293", "price": "118083.89000000", "time": "2025-07-13T12:09:23.533047Z", "fetched_at": "2025-07-13T12:10:52.207223+00:00", "symbol": "BTC-USD"}, {"trade_id": 848199214, "side": "sell", "size": "0.00001033", "price": "118083.88000000", "time": "2025-07-13T12:09:23.533047Z", "fetched_at": "2025-07-13T12:10:52.207223+00:00", "symbol": "BTC-USD"}, {"trade_id": 848199213, "side": "sell", "size": "0.00072913", "price": "118083.88000000", "time": "2025-07-13T12:09:21.156869Z", "fetched_at": "2025-07-13T12:10:52.207223+00:00", "symbol": "BTC-USD"}, {"trade_id": 848199212, "side": "sell", "size": "0.00000914", "price": "118083.88000000", "time": "2025-07-13T12:09:21.156869Z", "fetched_at": "2025-07-13T12:10:52.207223+00:00", "symbol": "BTC-USD"}, {"trade_id": 848199211, "side": "sell", "size": "0.00008469", "price": "118083.87000000", "time": "2025-07-13T12:09:21.156869Z", "fetched_at": "2025-07-13T12:10:52.207223+00:00", "symbol": "BTC-USD"}, {"trade_id": 848199210, "side": "buy", "size": "0.00000017", "price": "118078.75000000", "time": "2025-07-13T12:09:20.974960Z", "fetched_at": "2025-07-13T12:10:52.207223+00:00", "symbol": "BTC-USD"}, {"trade_id": 848199209, "side": "sell", "size": "0.00000120", "price": "118083.88000000", "time": "2025-07-13T12:09:20.656044Z", "fetched_at": "2025-07-13T12:10:52.207223+00:00", "symbol": "BTC-USD"}, {"trade_id": 848199208, "side": "sell", "size": "0.00000211", "price": "118083.88000000", "time": "2025-07-13T12:09:20.656044Z", "fetched_at": "2025-07-13T12:10:52.207223+00:00", "symbol": "BTC-USD"}, {"trade_id": 848199207, "side": "sell", "size": "0.00000664", "price": "118082.19000000", "time": "2025-07-13T12:09:20.656044Z", "fetched_at": "2025-07-13T12:10:52.207223+00:00", "symbol": "BTC-USD"}, {"trade_id": 848199206, "side": "buy", "size": "0.00090000", "price": "118079.78000000", "time": "2025-07-13T12:09:19.360676Z", "fetched_at": "2025-07-13T12:10:52.207223+00:00", "symbol": "BTC-USD"}, {"trade_id": 848199205, "side": "sell", "size": "0.00032010", "price": "118083.88000000", "time": "2025-07-13T12:09:15.806404Z", "fetched_at": "2025-07-13T12:10:52.207223+00:00", "symbol": "BTC-USD"}, {"trade_id": 848199204, "side": "sell", "size": "0.00000664", "price": "118083.88000000", "time": "2025-07-13T12:09:15.806404Z", "fetched_at": "2025-07-13T12:10:52.207223+00:00", "symbol": "BTC-USD"}, {"trade_id": 848199203, "side": "sell", "size": "0.00008469", "price": "118083.87000000", "time": "2025-07-13T12:09:15.806404Z", "fetched_at": "2025-07-13T12:10:52.207223+00:00", "symbol": "BTC-USD"}, {"trade_id": 848199202, "side": "sell", "size": "0.00246384", "price": "118083.88000000", "time": "2025-07-13T12:09:15.183299Z", "fetched_at": "2025-07-13T12:10:52.207223+00:00", "symbol": "BTC-USD"}, {"trade_id": 848199201, "side": "sell", "size": "0.00032794", "price": "118082.85000000", "time": "2025-07-13T12:09:15.183299Z", "fetched_at": "2025-07-13T12:10:52.207223+00:00", "symbol": "BTC-USD"}, {"trade_id": 848199200, "side": "sell", "size": "0.00001033", "price": "118079.84000000", "time": "2025-07-13T12:09:14.739125Z", "fetched_at": "2025-07-13T12:10:52.207223+00:00", "symbol": "BTC-USD"}, {"trade_id": 848199199, "side": "sell", "size": "0.00000211", "price": "118079.84000000", "time": "2025-07-13T12:09:14.739125Z", "fetched_at": "2025-07-13T12:10:52.207223+00:00", "symbol": "BTC-USD"}, {"trade_id": 848199198, "side": "sell", "size": "0.00001176", "price": "118079.84000000", "time": "2025-07-13T12:09:14.739125Z", "fetched_at": "2025-07-13T12:10:52.207223+00:00", "symbol": "BTC-USD"}, {"trade_id": 848199197, "side": "buy", "size": "0.00212210", "price": "118079.83000000", "time": "2025-07-13T12:09:14.680357Z", "fetched_at": "2025-07-13T12:10:52.207223+00:00", "symbol": "BTC-USD"}, {"trade_id": 848199196, "side": "buy", "size": "0.00295904", "price": "118079.83000000", "time": "2025-07-13T12:09:14.680357Z", "fetched_at": "2025-07-13T12:10:52.207223+00:00", "symbol": "BTC-USD"}, {"trade_id": 848199195, "side": "sell", "size": "0.00000921", "price": "118083.87000000", "time": "2025-07-13T12:09:10.276479Z", "fetched_at": "2025-07-13T12:10:52.207223+00:00", "symbol": "BTC-USD"}, {"trade_id": 848199194, "side": "sell", "size": "0.00238386", "price": "118083.88000000", "time": "2025-07-13T12:09:09.953363Z", "fetched_at": "2025-07-13T12:10:52.207223+00:00", "symbol": "BTC-USD"}, {"trade_id": 848199193, "side": "sell", "size": "0.00008469", "price": "118083.87000000", "time": "2025-07-13T12:09:09.953363Z", "fetched_at": "2025-07-13T12:10:52.207223+00:00", "symbol": "BTC-USD"}, {"trade_id": 848199192, "side": "sell", "size": "0.00040441", "price": "118083.88000000", "time": "2025-07-13T12:09:09.047590Z", "fetched_at": "2025-07-13T12:10:52.207223+00:00", "symbol": "BTC-USD"}, {"trade_id": 848199191, "side": "sell", "size": "0.00001387", "price": "118083.87000000", "time": "2025-07-13T12:09:09.047590Z", "fetched_at": "2025-07-13T12:10:52.207223+00:00", "symbol": "BTC-USD"}, {"trade_id": 848199190, "side": "sell", "size": "0.00004810", "price": "118083.89000000", "time": "2025-07-13T12:09:06.918935Z", "fetched_at": "2025-07-13T12:10:52.207223+00:00", "symbol": "BTC-USD"}, {"trade_id": 848199189, "side": "sell", "size": "0.00000220", "price": "118083.88000000", "time": "2025-07-13T12:09:06.918935Z", "fetched_at": "2025-07-13T12:10:52.207223+00:00", "symbol": "BTC-USD"}, {"trade_id": 848199188, "side": "buy", "size": "0.00046602", "price": "118079.89000000", "time": "2025-07-13T12:09:06.662489Z", "fetched_at": "2025-07-13T12:10:52.207223+00:00", "symbol": "BTC-USD"}, {"trade_id": 848199187, "side": "sell", "size": "0.00001643", "price": "118083.88000000", "time": "2025-07-13T12:09:06.474604Z", "fetched_at": "2025-07-13T12:10:52.207223+00:00", "symbol": "BTC-USD"}, {"trade_id": 848199186, "side": "sell", "size": "0.00001643", "price": "118081.39000000", "time": "2025-07-13T12:09:06.387737Z", "fetched_at": "2025-07-13T12:10:52.207223+00:00", "symbol": "BTC-USD"}, {"trade_id": 848199185, "side": "sell", "size": "0.00006027", "price": "118081.34000000", "time": "2025-07-13T12:09:05.627986Z", "fetched_at": "2025-07-13T12:10:52.207223+00:00", "symbol": "BTC-USD"}, {"trade_id": 848199184, "side": "sell", "size": "0.00007593", "price": "118083.88000000", "time": "2025-07-13T12:09:04.377178Z", "fetched_at": "2025-07-13T12:10:52.207223+00:00", "symbol": "BTC-USD"}, {"trade_id": 848199183, "side": "sell", "size": "0.00008469", "price": "118081.34000000", "time": "2025-07-13T12:09:04.377178Z", "fetched_at": "2025-07-13T12:10:52.207223+00:00", "symbol": "BTC-USD"}, {"trade_id": 848199182, "side": "buy", "size": "0.00016870", "price": "118080.16000000", "time": "2025-07-13T12:09:04.222821Z", "fetched_at": "2025-07-13T12:10:52.207223+00:00", "symbol": "BTC-USD"}, {"trade_id": 848199181, "side": "sell", "size": "0.00016623", "price": "118083.88000000", "time": "2025-07-13T12:09:04.206122Z", "fetched_at": "2025-07-13T12:10:52.207223+00:00", "symbol": "BTC-USD"}, {"trade_id": 848199180, "side": "sell", "size": "0.00008469", "price": "118080.15000000", "time": "2025-07-13T12:09:04.206122Z", "fetched_at": "2025-07-13T12:10:52.207223+00:00", "symbol": "BTC-USD"}, {"trade_id": 848199179, "side": "sell", "size": "0.00032674", "price": "118083.88000000", "time": "2025-07-13T12:09:04.030507Z", "fetched_at": "2025-07-13T12:10:52.207223+00:00", "symbol": "BTC-USD"}, {"trade_id": 848199178, "side": "sell", "size": "0.00008469", "price": "118080.14000000", "time": "2025-07-13T12:09:04.030507Z", "fetched_at": "2025-07-13T12:10:52.207223+00:00", "symbol": "BTC-USD"}, {"trade_id": 848199177, "side": "buy", "size": "0.00050180", "price": "118080.02000000", "time": "2025-07-13T12:09:03.146627Z", "fetched_at": "2025-07-13T12:10:52.207223+00:00", "symbol": "BTC-USD"}, {"trade_id": 848199176, "side": "buy", "size": "0.00008509", "price": "118080.02000000", "time": "2025-07-13T12:09:02.890494Z", "fetched_at": "2025-07-13T12:10:52.207223+00:00", "symbol": "BTC-USD"}, {"trade_id": 848199175, "side": "buy", "size": "0.00025088", "price": "118080.00000000", "time": "2025-07-13T12:09:02.485265Z", "fetched_at": "2025-07-13T12:10:52.207223+00:00", "symbol": "BTC-USD"}, {"trade_id": 848199174, "side": "buy", "size": "0.00006394", "price": "118080.00000000", "time": "2025-07-13T12:09:02.350421Z", "fetched_at": "2025-07-13T12:10:52.207223+00:00", "symbol": "BTC-USD"}, {"trade_id": 848199173, "side": "sell", "size": "0.00030744", "price": "118090.76000000", "time": "2025-07-13T12:09:02.012757Z", "fetched_at": "2025-07-13T12:10:52.207223+00:00", "symbol": "BTC-USD"}, {"trade_id": 848199172, "side": "sell", "size": "0.00008469", "price": "118080.13000000", "time": "2025-07-13T12:09:02.012757Z", "fetched_at": "2025-07-13T12:10:52.207223+00:00", "symbol": "BTC-USD"}, {"trade_id": 848199171, "side": "sell", "size": "0.00015587", "price": "118087.66000000", "time": "2025-07-13T12:09:01.884883Z", "fetched_at": "2025-07-13T12:10:52.207223+00:00", "symbol": "BTC-USD"}, {"trade_id": 848199170, "side": "sell", "size": "0.00000681", "price": "118080.12000000", "time": "2025-07-13T12:09:01.884883Z", "fetched_at": "2025-07-13T12:10:52.207223+00:00", "symbol": "BTC-USD"}, {"trade_id": 848199169, "side": "sell", "size": "0.00000152", "price": "118080.12000000", "time": "2025-07-13T12:09:01.884883Z", "fetched_at": "2025-07-13T12:10:52.207223+00:00", "symbol": "BTC-USD"}, {"trade_id": 848199168, "side": "sell", "size": "0.00000203", "price": "118080.12000000", "time": "2025-07-13T12:09:01.884883Z", "fetched_at": "2025-07-13T12:10:52.207223+00:00", "symbol": "BTC-USD"}, {"trade_id": 848199167, "side": "sell", "size": "0.00008469", "price": "118080.12000000", "time": "2025-07-13T12:09:01.884883Z", "fetched_at": "2025-07-13T12:10:52.207223+00:00", "symbol": "BTC-USD"}, {"trade_id": 848199166, "side": "sell", "size": "0.00080316", "price": "118090.77000000", "time": "2025-07-13T12:09:01.541470Z", "fetched_at": "2025-07-13T12:10:52.207223+00:00", "symbol": "BTC-USD"}, {"trade_id": 848199165, "side": "sell", "size": "0.11920101", "price": "118095.77000000", "time": "2025-07-13T12:09:01.523654Z", "fetched_at": "2025-07-13T12:10:52.207223+00:00", "symbol": "BTC-USD"}, {"trade_id": 848199164, "side": "sell", "size": "0.01101307", "price": "118092.89000000", "time": "2025-07-13T12:09:01.523654Z", "fetched_at": "2025-07-13T12:10:52.207223+00:00", "symbol": "BTC-USD"}, {"trade_id": 848199163, "side": "sell", "size": "0.02594469", "price": "118092.81000000", "time": "2025-07-13T12:09:01.523654Z", "fetched_at": "2025-07-13T12:10:52.207223+00:00", "symbol": "BTC-USD"}, {"trade_id": 848199162, "side": "sell", "size": "0.02003494", "price": "118090.26000000", "time": "2025-07-13T12:09:01.523654Z", "fetched_at": "2025-07-13T12:10:52.207223+00:00", "symbol": "BTC-USD"}, {"trade_id": 848199161, "side": "sell", "size": "0.03419562", "price": "118090.25000000", "time": "2025-07-13T12:09:01.523654Z", "fetched_at": "2025-07-13T12:10:52.207223+00:00", "symbol": "BTC-USD"}, {"trade_id": 848199160, "side": "sell", "size": "0.25000000", "price": "118083.89000000", "time": "2025-07-13T12:09:01.523294Z", "fetched_at": "2025-07-13T12:10:52.207223+00:00", "symbol": "BTC-USD"}, {"trade_id": 848199159, "side": "sell", "size": "0.15000000", "price": "118083.88000000", "time": "2025-07-13T12:09:01.523294Z", "fetched_at": "2025-07-13T12:10:52.207223+00:00", "symbol": "BTC-USD"}, {"trade_id": 848199158, "side": "sell", "size": "0.03950508", "price": "118078.70000000", "time": "2025-07-13T12:09:01.523294Z", "fetched_at": "2025-07-13T12:10:52.207223+00:00", "symbol": "BTC-USD"}, {"trade_id": 848199157, "side": "sell", "size": "0.00001128", "price": "118078.59000000", "time": "2025-07-13T12:09:01.523294Z", "fetched_at": "2025-07-13T12:10:52.207223+00:00", "symbol": "BTC-USD"}, {"trade_id": 848199156, "side": "sell", "size": "0.00000725", "price": "118078.59000000", "time": "2025-07-13T12:09:01.523294Z", "fetched_at": "2025-07-13T12:10:52.207223+00:00", "symbol": "BTC-USD"}, {"trade_id": 848199155, "side": "sell", "size": "0.00000237", "price": "118078.59000000", "time": "2025-07-13T12:09:01.523294Z", "fetched_at": "2025-07-13T12:10:52.207223+00:00", "symbol": "BTC-USD"}, {"trade_id": 848199154, "side": "sell", "size": "0.00008469", "price": "118078.59000000", "time": "2025-07-13T12:09:01.523294Z", "fetched_at": "2025-07-13T12:10:52.207223+00:00", "symbol": "BTC-USD"}, {"trade_id": 848199153, "side": "buy", "size": "0.00241121", "price": "118089.26000000", "time": "2025-07-13T12:09:00.590678Z", "fetched_at": "2025-07-13T12:10:52.207223+00:00", "symbol": "BTC-USD"}, {"trade_id": 848199152, "side": "buy", "size": "0.01778030", "price": "118089.26000000", "time": "2025-07-13T12:09:00.590594Z", "fetched_at": "2025-07-13T12:10:52.207223+00:00", "symbol": "BTC-USD"}, {"trade_id": 848199151, "side": "buy", "size": "0.15460849", "price": "118089.26000000", "time": "2025-07-13T12:09:00.590439Z", "fetched_at": "2025-07-13T12:10:52.207223+00:00", "symbol": "BTC-USD"}, {"trade_id": 848199150, "side": "buy", "size": "0.06480000", "price": "118089.26000000", "time": "2025-07-13T12:09:00.590439Z", "fetched_at": "2025-07-13T12:10:52.207223+00:00", "symbol": "BTC-USD"}, {"trade_id": 848199149, "side": "sell", "size": "0.03482044", "price": "118089.38000000", "time": "2025-07-13T12:09:00.583361Z", "fetched_at": "2025-07-13T12:10:52.207223+00:00", "symbol": "BTC-USD"}, {"trade_id": 848199148, "side": "sell", "size": "0.00008469", "price": "118089.27000000", "time": "2025-07-13T12:09:00.583361Z", "fetched_at": "2025-07-13T12:10:52.207223+00:00", "symbol": "BTC-USD"}, {"trade_id": 848199147, "side": "sell", "size": "0.09210175", "price": "118100.02000000", "time": "2025-07-13T12:09:00.550732Z", "fetched_at": "2025-07-13T12:10:52.207223+00:00", "symbol": "BTC-USD"}, {"trade_id": 848199146, "side": "sell", "size": "0.01101254", "price": "118100.01000000", "time": "2025-07-13T12:09:00.550732Z", "fetched_at": "2025-07-13T12:10:52.207223+00:00", "symbol": "BTC-USD"}, {"trade_id": 848199145, "side": "sell", "size": "0.02436143", "price": "118099.99000000", "time": "2025-07-13T12:09:00.550732Z", "fetched_at": "2025-07-13T12:10:52.207223+00:00", "symbol": "BTC-USD"}, {"trade_id": 848199144, "side": "sell", "size": "0.09342000", "price": "118098.73000000", "time": "2025-07-13T12:09:00.550732Z", "fetched_at": "2025-07-13T12:10:52.207223+00:00", "symbol": "BTC-USD"}, {"trade_id": 848199143, "side": "sell", "size": "0.00184019", "price": "118091.13000000", "time": "2025-07-13T12:09:00.550732Z", "fetched_at": "2025-07-13T12:10:52.207223+00:00", "symbol": "BTC-USD"}, {"trade_id": 848199142, "side": "sell", "size": "0.00008469", "price": "118083.52000000", "time": "2025-07-13T12:09:00.550732Z", "fetched_at": "2025-07-13T12:10:52.207223+00:00", "symbol": "BTC-USD"}, {"trade_id": 848199141, "side": "sell", "size": "0.00003573", "price": "118083.52000000", "time": "2025-07-13T12:09:00.550732Z", "fetched_at": "2025-07-13T12:10:52.207223+00:00", "symbol": "BTC-USD"}, {"trade_id": 848199140, "side": "sell", "size": "0.00017791", "price": "118083.52000000", "time": "2025-07-13T12:09:00.550732Z", "fetched_at": "2025-07-13T12:10:52.207223+00:00", "symbol": "BTC-USD"}, {"trade_id": 848199139, "side": "sell", "size": "0.00011716", "price": "118083.52000000", "time": "2025-07-13T12:09:00.550732Z", "fetched_at": "2025-07-13T12:10:52.207223+00:00", "symbol": "BTC-USD"}, {"trade_id": 848199138, "side": "sell", "size": "0.00008469", "price": "118082.94000000", "time": "2025-07-13T12:09:00.526845Z", "fetched_at": "2025-07-13T12:10:52.207223+00:00", "symbol": "BTC-USD"}, {"trade_id": 848199137, "side": "sell", "size": "0.04993011", "price": "118083.34000000", "time": "2025-07-13T12:09:00.505597Z", "fetched_at": "2025-07-13T12:10:52.207223+00:00", "symbol": "BTC-USD"}, {"trade_id": 848199136, "side": "sell", "size": "0.04006989", "price": "118083.33000000", "time": "2025-07-13T12:09:00.505597Z", "fetched_at": "2025-07-13T12:10:52.207223+00:00", "symbol": "BTC-USD"}, {"trade_id": 848199135, "side": "sell", "size": "0.01049024", "price": "118083.34000000", "time": "2025-07-13T12:09:00.499197Z", "fetched_at": "2025-07-13T12:10:52.207223+00:00", "symbol": "BTC-USD"}, {"trade_id": 848199134, "side": "sell", "size": "0.02950976", "price": "118083.30000000", "time": "2025-07-13T12:09:00.499197Z", "fetched_at": "2025-07-13T12:10:52.207223+00:00", "symbol": "BTC-USD"}, {"trade_id": 848199133, "side": "sell", "size": "0.00113733", "price": "118083.40000000", "time": "2025-07-13T12:09:00.481116Z", "fetched_at": "2025-07-13T12:10:52.207223+00:00", "symbol": "BTC-USD"}, {"trade_id": 848199132, "side": "sell", "size": "0.04033307", "price": "118020.00000000", "time": "2025-07-13T12:09:00.464772Z", "fetched_at": "2025-07-13T12:10:52.207223+00:00", "symbol": "BTC-USD"}, {"trade_id": 848199131, "side": "buy", "size": "0.13377375", "price": "118007.47000000", "time": "2025-07-13T12:09:00.454338Z", "fetched_at": "2025-07-13T12:10:52.207223+00:00", "symbol": "BTC-USD"}, {"trade_id": 848199130, "side": "buy", "size": "0.00499935", "price": "118010.12000000", "time": "2025-07-13T12:09:00.454338Z", "fetched_at": "2025-07-13T12:10:52.207223+00:00", "symbol": "BTC-USD"}, {"trade_id": 848199129, "side": "buy", "size": "0.00013456", "price": "118010.35000000", "time": "2025-07-13T12:09:00.454338Z", "fetched_at": "2025-07-13T12:10:52.207223+00:00", "symbol": "BTC-USD"}, {"trade_id": 848199128, "side": "buy", "size": "0.02499820", "price": "118011.42000000", "time": "2025-07-13T12:09:00.454338Z", "fetched_at": "2025-07-13T12:10:52.207223+00:00", "symbol": "BTC-USD"}, {"trade_id": 848199127, "side": "buy", "size": "1.48965449", "price": "118011.98000000", "time": "2025-07-13T12:09:00.454338Z", "fetched_at": "2025-07-13T12:10:52.207223+00:00", "symbol": "BTC-USD"}, {"trade_id": 848199126, "side": "buy", "size": "0.06480000", "price": "118014.60000000", "time": "2025-07-13T12:09:00.454338Z", "fetched_at": "2025-07-13T12:10:52.207223+00:00", "symbol": "BTC-USD"}, {"trade_id": 848199125, "side": "buy", "size": "0.00001000", "price": "118015.20000000", "time": "2025-07-13T12:09:00.454338Z", "fetched_at": "2025-07-13T12:10:52.207223+00:00", "symbol": "BTC-USD"}, {"trade_id": 848199124, "side": "buy", "size": "0.00846700", "price": "118018.34000000", "time": "2025-07-13T12:09:00.454338Z", "fetched_at": "2025-07-13T12:10:52.207223+00:00", "symbol": "BTC-USD"}, {"trade_id": 848199123, "side": "buy", "size": "0.00001271", "price": "118018.70000000", "time": "2025-07-13T12:09:00.454338Z", "fetched_at": "2025-07-13T12:10:52.207223+00:00", "symbol": "BTC-USD"}, {"trade_id": 848199122, "side": "buy", "size": "0.01256116", "price": "118018.89000000", "time": "2025-07-13T12:09:00.454338Z", "fetched_at": "2025-07-13T12:10:52.207223+00:00", "symbol": "BTC-USD"}, {"trade_id": 848199121, "side": "buy", "size": "0.00499993", "price": "118018.89000000", "time": "2025-07-13T12:09:00.454338Z", "fetched_at": "2025-07-13T12:10:52.207223+00:00", "symbol": "BTC-USD"}, {"trade_id": 848199120, "side": "buy", "size": "0.02499865", "price": "118018.90000000", "time": "2025-07-13T12:09:00.454338Z", "fetched_at": "2025-07-13T12:10:52.207223+00:00", "symbol": "BTC-USD"}, {"trade_id": 848199119, "side": "buy", "size": "0.00847230", "price": "118020.30000000", "time": "2025-07-13T12:09:00.454338Z", "fetched_at": "2025-07-13T12:10:52.207223+00:00", "symbol": "BTC-USD"}, {"trade_id": 848199118, "side": "buy", "size": "0.00847230", "price": "118020.31000000", "time": "2025-07-13T12:09:00.454338Z", "fetched_at": "2025-07-13T12:10:52.207223+00:00", "symbol": "BTC-USD"}, {"trade_id": 848199117, "side": "buy", "size": "0.00439172", "price": "118020.60000000", "time": "2025-07-13T12:09:00.454338Z", "fetched_at": "2025-07-13T12:10:52.207223+00:00", "symbol": "BTC-USD"}, {"trade_id": 848199116, "side": "buy", "size": "0.00499979", "price": "118020.60000000", "time": "2025-07-13T12:09:00.454338Z", "fetched_at": "2025-07-13T12:10:52.207223+00:00", "symbol": "BTC-USD"}, {"trade_id": 848199115, "side": "buy", "size": "0.00414434", "price": "118020.62000000", "time": "2025-07-13T12:09:00.454338Z", "fetched_at": "2025-07-13T12:10:52.207223+00:00", "symbol": "BTC-USD"}, {"trade_id": 848199114, "side": "buy", "size": "0.00503536", "price": "118020.62000000", "time": "2025-07-13T12:09:00.454338Z", "fetched_at": "2025-07-13T12:10:52.207223+00:00", "symbol": "BTC-USD"}, {"trade_id": 848199113, "side": "buy", "size": "0.00500062", "price": "118020.63000000", "time": "2025-07-13T12:09:00.454338Z", "fetched_at": "2025-07-13T12:10:52.207223+00:00", "symbol": "BTC-USD"}, {"trade_id": 848199112, "side": "buy", "size": "0.02499816", "price": "118020.63000000", "time": "2025-07-13T12:09:00.454338Z", "fetched_at": "2025-07-13T12:10:52.207223+00:00", "symbol": "BTC-USD"}, {"trade_id": 848199111, "side": "buy", "size": "0.00502619", "price": "118020.63000000", "time": "2025-07-13T12:09:00.454338Z", "fetched_at": "2025-07-13T12:10:52.207223+00:00", "symbol": "BTC-USD"}, {"trade_id": 848199110, "side": "buy", "size": "0.00411769", "price": "118020.64000000", "time": "2025-07-13T12:09:00.454338Z", "fetched_at": "2025-07-13T12:10:52.207223+00:00", "symbol": "BTC-USD"}, {"trade_id": 848199109, "side": "buy", "size": "0.00385933", "price": "118020.64000000", "time": "2025-07-13T12:09:00.454338Z", "fetched_at": "2025-07-13T12:10:52.207223+00:00", "symbol": "BTC-USD"}, {"trade_id": 848199108, "side": "buy", "size": "0.00334692", "price": "118020.64000000", "time": "2025-07-13T12:09:00.454338Z", "fetched_at": "2025-07-13T12:10:52.207223+00:00", "symbol": "BTC-USD"}, {"trade_id": 848199107, "side": "buy", "size": "0.00500000", "price": "118021.62000000", "time": "2025-07-13T12:09:00.454338Z", "fetched_at": "2025-07-13T12:10:52.207223+00:00", "symbol": "BTC-USD"}, {"trade_id": 848199106, "side": "buy", "size": "0.07766230", "price": "118021.90000000", "time": "2025-07-13T12:09:00.454338Z", "fetched_at": "2025-07-13T12:10:52.207223+00:00", "symbol": "BTC-USD"}, {"trade_id": 848199105, "side": "buy", "size": "0.00001000", "price": "118024.06000000", "time": "2025-07-13T12:09:00.454338Z", "fetched_at": "2025-07-13T12:10:52.207223+00:00", "symbol": "BTC-USD"}, {"trade_id": 848199104, "side": "buy", "size": "0.03857637", "price": "118025.62000000", "time": "2025-07-13T12:09:00.454338Z", "fetched_at": "2025-07-13T12:10:52.207223+00:00", "symbol": "BTC-USD"}, {"trade_id": 848199103, "side": "buy", "size": "0.04820412", "price": "118025.87000000", "time": "2025-07-13T12:09:00.454338Z", "fetched_at": "2025-07-13T12:10:52.207223+00:00", "symbol": "BTC-USD"}, {"trade_id": 848199102, "side": "buy", "size": "0.00424223", "price": "118027.22000000", "time": "2025-07-13T12:09:00.454338Z", "fetched_at": "2025-07-13T12:10:52.207223+00:00", "symbol": "BTC-USD"}, {"trade_id": 848199101, "side": "buy", "size": "0.00499949", "price": "118027.22000000", "time": "2025-07-13T12:09:00.454338Z", "fetched_at": "2025-07-13T12:10:52.207223+00:00", "symbol": "BTC-USD"}, {"trade_id": 848199100, "side": "buy", "size": "0.00399854", "price": "118027.62000000", "time": "2025-07-13T12:09:00.454338Z", "fetched_at": "2025-07-13T12:10:52.207223+00:00", "symbol": "BTC-USD"}, {"trade_id": 848199099, "side": "buy", "size": "0.00846730", "price": "118027.62000000", "time": "2025-07-13T12:09:00.454338Z", "fetched_at": "2025-07-13T12:10:52.207223+00:00", "symbol": "BTC-USD"}, {"trade_id": 848199098, "side": "buy", "size": "0.02500024", "price": "118027.62000000", "time": "2025-07-13T12:09:00.454338Z", "fetched_at": "2025-07-13T12:10:52.207223+00:00", "symbol": "BTC-USD"}, {"trade_id": 848199097, "side": "buy", "size": "0.00422827", "price": "118027.62000000", "time": "2025-07-13T12:09:00.454338Z", "fetched_at": "2025-07-13T12:10:52.207223+00:00", "symbol": "BTC-USD"}, {"trade_id": 848199096, "side": "buy", "size": "0.18862695", "price": "118028.00000000", "time": "2025-07-13T12:09:00.454338Z", "fetched_at": "2025-07-13T12:10:52.207223+00:00", "symbol": "BTC-USD"}, {"trade_id": 848199095, "side": "buy", "size": "0.17266628", "price": "118028.01000000", "time": "2025-07-13T12:09:00.454338Z", "fetched_at": "2025-07-13T12:10:52.207223+00:00", "symbol": "BTC-USD"}, {"trade_id": 848199094, "side": "buy", "size": "0.03000114", "price": "118028.68000000", "time": "2025-07-13T12:09:00.454338Z", "fetched_at": "2025-07-13T12:10:52.207223+00:00", "symbol": "BTC-USD"}, {"trade_id": 848199093, "side": "buy", "size": "0.00001695", "price": "118030.00000000", "time": "2025-07-13T12:09:00.454338Z", "fetched_at": "2025-07-13T12:10:52.207223+00:00", "symbol": "BTC-USD"}, {"trade_id": 848199092, "side": "buy", "size": "0.06480000", "price": "118030.80000000", "time": "2025-07-13T12:09:00.454338Z", "fetched_at": "2025-07-13T12:10:52.207223+00:00", "symbol": "BTC-USD"}, {"trade_id": 848199091, "side": "buy", "size": "0.00422810", "price": "118032.31000000", "time": "2025-07-13T12:09:00.454338Z", "fetched_at": "2025-07-13T12:10:52.207223+00:00", "symbol": "BTC-USD"}, {"trade_id": 848199090, "side": "buy", "size": "0.02499858", "price": "118032.31000000", "time": "2025-07-13T12:09:00.454338Z", "fetched_at": "2025-07-13T12:10:52.207223+00:00", "symbol": "BTC-USD"}, {"trade_id": 848199089, "side": "buy", "size": "0.02499964", "price": "118032.32000000", "time": "2025-07-13T12:09:00.454338Z", "fetched_at": "2025-07-13T12:10:52.207223+00:00", "symbol": "BTC-USD"}, {"trade_id": 848199088, "side": "buy", "size": "0.00422254", "price": "118032.32000000", "time": "2025-07-13T12:09:00.454338Z", "fetched_at": "2025-07-13T12:10:52.207223+00:00", "symbol": "BTC-USD"}, {"trade_id": 848199087, "side": "buy", "size": "0.14545044", "price": "118032.33000000", "time": "2025-07-13T12:09:00.454338Z", "fetched_at": "2025-07-13T12:10:52.207223+00:00", "symbol": "BTC-USD"}, {"trade_id": 848199086, "side": "buy", "size": "0.17923043", "price": "118032.34000000", "time": "2025-07-13T12:09:00.454338Z", "fetched_at": "2025-07-13T12:10:52.207223+00:00", "symbol": "BTC-USD"}, {"trade_id": 848199085, "side": "buy", "size": "0.00001000", "price": "118032.92000000", "time": "2025-07-13T12:09:00.454338Z", "fetched_at": "2025-07-13T12:10:52.207223+00:00", "symbol": "BTC-USD"}, {"trade_id": 848199084, "side": "buy", "size": "0.29262900", "price": "118040.50000000", "time": "2025-07-13T12:09:00.454338Z", "fetched_at": "2025-07-13T12:10:52.207223+00:00", "symbol": "BTC-USD"}, {"trade_id": 848199083, "side": "buy", "size": "0.00001000", "price": "118041.78000000", "time": "2025-07-13T12:09:00.454338Z", "fetched_at": "2025-07-13T12:10:52.207223+00:00", "symbol": "BTC-USD"}, {"trade_id": 848199082, "side": "buy", "size": "0.06480000", "price": "118046.63000000", "time": "2025-07-13T12:09:00.454338Z", "fetched_at": "2025-07-13T12:10:52.207223+00:00", "symbol": "BTC-USD"}, {"trade_id": 848199081, "side": "buy", "size": "0.81718591", "price": "118047.39000000", "time": "2025-07-13T12:09:00.454338Z", "fetched_at": "2025-07-13T12:10:52.207223+00:00", "symbol": "BTC-USD"}, {"trade_id": 848199080, "side": "buy", "size": "0.00001000", "price": "118050.64000000", "time": "2025-07-13T12:09:00.454338Z", "fetched_at": "2025-07-13T12:10:52.207223+00:00", "symbol": "BTC-USD"}, {"trade_id": 848199079, "side": "buy", "size": "0.33715700", "price": "118051.98000000", "time": "2025-07-13T12:09:00.454338Z", "fetched_at": "2025-07-13T12:10:52.207223+00:00", "symbol": "BTC-USD"}, {"trade_id": 848199078, "side": "buy", "size": "0.01824605", "price": "118052.83000000", "time": "2025-07-13T12:09:00.454338Z", "fetched_at": "2025-07-13T12:10:52.207223+00:00", "symbol": "BTC-USD"}, {"trade_id": 848199077, "side": "buy", "size": "0.00421493", "price": "118052.84000000", "time": "2025-07-13T12:09:00.454338Z", "fetched_at": "2025-07-13T12:10:52.207223+00:00", "symbol": "BTC-USD"}, {"trade_id": 848199076, "side": "buy", "size": "0.00011012", "price": "118053.50000000", "time": "2025-07-13T12:09:00.454338Z", "fetched_at": "2025-07-13T12:10:52.207223+00:00", "symbol": "BTC-USD"}, {"trade_id": 848199075, "side": "buy", "size": "0.00893110", "price": "118053.69000000", "time": "2025-07-13T12:09:00.454338Z", "fetched_at": "2025-07-13T12:10:52.207223+00:00", "symbol": "BTC-USD"}, {"trade_id": 848199074, "side": "buy", "size": "0.04855452", "price": "118053.74000000", "time": "2025-07-13T12:09:00.454338Z", "fetched_at": "2025-07-13T12:10:52.207223+00:00", "symbol": "BTC-USD"}, {"trade_id": 848199073, "side": "buy", "size": "0.00001271", "price": "118054.12000000", "time": "2025-07-13T12:09:00.454338Z", "fetched_at": "2025-07-13T12:10:52.207223+00:00", "symbol": "BTC-USD"}, {"trade_id": 848199072, "side": "buy", "size": "0.08000000", "price": "118054.69000000", "time": "2025-07-13T12:09:00.454338Z", "fetched_at": "2025-07-13T12:10:52.207223+00:00", "symbol": "BTC-USD"}, {"trade_id": 848199071, "side": "buy", "size": "0.02000000", "price": "118055.49000000", "time": "2025-07-13T12:09:00.454338Z", "fetched_at": "2025-07-13T12:10:52.207223+00:00", "symbol": "BTC-USD"}, {"trade_id": 848199070, "side": "buy", "size": "0.04000000", "price": "118055.49000000", "time": "2025-07-13T12:09:00.454338Z", "fetched_at": "2025-07-13T12:10:52.207223+00:00", "symbol": "BTC-USD"}, {"trade_id": 848199069, "side": "buy", "size": "0.00001000", "price": "118059.50000000", "time": "2025-07-13T12:09:00.454338Z", "fetched_at": "2025-07-13T12:10:52.207223+00:00", "symbol": "BTC-USD"}, {"trade_id": 848199068, "side": "buy", "size": "0.04213066", "price": "118059.56000000", "time": "2025-07-13T12:09:00.454338Z", "fetched_at": "2025-07-13T12:10:52.207223+00:00", "symbol": "BTC-USD"}, {"trade_id": 848199067, "side": "buy", "size": "0.00001694", "price": "118060.06000000", "time": "2025-07-13T12:09:00.454338Z", "fetched_at": "2025-07-13T12:10:52.207223+00:00", "symbol": "BTC-USD"}, {"trade_id": 848199066, "side": "buy", "size": "0.03387349", "price": "118060.51000000", "time": "2025-07-13T12:09:00.454338Z", "fetched_at": "2025-07-13T12:10:52.207223+00:00", "symbol": "BTC-USD"}, {"trade_id": 848199065, "side": "buy", "size": "0.03315701", "price": "118060.93000000", "time": "2025-07-13T12:09:00.454338Z", "fetched_at": "2025-07-13T12:10:52.207223+00:00", "symbol": "BTC-USD"}, {"trade_id": 848199064, "side": "buy", "size": "0.09342000", "price": "118061.19000000", "time": "2025-07-13T12:09:00.454338Z", "fetched_at": "2025-07-13T12:10:52.207223+00:00", "symbol": "BTC-USD"}, {"trade_id": 848199063, "side": "buy", "size": "0.00499995", "price": "118062.43000000", "time": "2025-07-13T12:09:00.454338Z", "fetched_at": "2025-07-13T12:10:52.207223+00:00", "symbol": "BTC-USD"}, {"trade_id": 848199062, "side": "buy", "size": "0.04000000", "price": "118062.90000000", "time": "2025-07-13T12:09:00.454338Z", "fetched_at": "2025-07-13T12:10:52.207223+00:00", "symbol": "BTC-USD"}, {"trade_id": 848199061, "side": "buy", "size": "0.08000000", "price": "118062.90000000", "time": "2025-07-13T12:09:00.454338Z", "fetched_at": "2025-07-13T12:10:52.207223+00:00", "symbol": "BTC-USD"}, {"trade_id": 848199060, "side": "buy", "size": "0.00338983", "price": "118063.06000000", "time": "2025-07-13T12:09:00.454338Z", "fetched_at": "2025-07-13T12:10:52.207223+00:00", "symbol": "BTC-USD"}, {"trade_id": 848199059, "side": "buy", "size": "0.01256402", "price": "118063.06000000", "time": "2025-07-13T12:09:00.454338Z", "fetched_at": "2025-07-13T12:10:52.207223+00:00", "symbol": "BTC-USD"}, {"trade_id": 848199058, "side": "buy", "size": "0.03289347", "price": "118063.09000000", "time": "2025-07-13T12:09:00.454338Z", "fetched_at": "2025-07-13T12:10:52.207223+00:00", "symbol": "BTC-USD"}, {"trade_id": 848199057, "side": "buy", "size": "0.06480000", "price": "118063.13000000", "time": "2025-07-13T12:09:00.454338Z", "fetched_at": "2025-07-13T12:10:52.207223+00:00", "symbol": "BTC-USD"}, {"trade_id": 848199056, "side": "buy", "size": "0.00846739", "price": "118064.59000000", "time": "2025-07-13T12:09:00.454338Z", "fetched_at": "2025-07-13T12:10:52.207223+00:00", "symbol": "BTC-USD"}, {"trade_id": 848199055, "side": "buy", "size": "0.00004235", "price": "118067.26000000", "time": "2025-07-13T12:09:00.454338Z", "fetched_at": "2025-07-13T12:10:52.207223+00:00", "symbol": "BTC-USD"}, {"trade_id": 848199054, "side": "buy", "size": "0.04700000", "price": "118068.36000000", "time": "2025-07-13T12:09:00.454338Z", "fetched_at": "2025-07-13T12:10:52.207223+00:00", "symbol": "BTC-USD"}, {"trade_id": 848199053, "side": "buy", "size": "0.00001000", "price": "118068.36000000", "time": "2025-07-13T12:09:00.454338Z", "fetched_at": "2025-07-13T12:10:52.207223+00:00", "symbol": "BTC-USD"}, {"trade_id": 848199052, "side": "buy", "size": "0.04509748", "price": "118069.77000000", "time": "2025-07-13T12:09:00.454338Z", "fetched_at": "2025-07-13T12:10:52.207223+00:00", "symbol": "BTC-USD"}, {"trade_id": 848199051, "side": "buy", "size": "0.05000000", "price": "118070.58000000", "time": "2025-07-13T12:09:00.454338Z", "fetched_at": "2025-07-13T12:10:52.207223+00:00", "symbol": "BTC-USD"}, {"trade_id": 848199050, "side": "buy", "size": "0.04290007", "price": "118070.80000000", "time": "2025-07-13T12:09:00.454338Z", "fetched_at": "2025-07-13T12:10:52.207223+00:00", "symbol": "BTC-USD"}, {"trade_id": 848199049, "side": "buy", "size": "0.09925472", "price": "118070.80000000", "time": "2025-07-13T12:09:00.454338Z", "fetched_at": "2025-07-13T12:10:52.207223+00:00", "symbol": "BTC-USD"}, {"trade_id": 848199048, "side": "buy", "size": "0.03324577", "price": "118074.12000000", "time": "2025-07-13T12:09:00.454338Z", "fetched_at": "2025-07-13T12:10:52.207223+00:00", "symbol": "BTC-USD"}, {"trade_id": 848199047, "side": "buy", "size": "0.00008470", "price": "118074.13000000", "time": "2025-07-13T12:09:00.454338Z", "fetched_at": "2025-07-13T12:10:52.207223+00:00", "symbol": "BTC-USD"}, {"trade_id": 848199046, "side": "buy", "size": "0.06480000", "price": "118076.18000000", "time": "2025-07-13T12:09:00.454338Z", "fetched_at": "2025-07-13T12:10:52.207223+00:00", "symbol": "BTC-USD"}, {"trade_id": 848199045, "side": "buy", "size": "0.01012240", "price": "118077.00000000", "time": "2025-07-13T12:09:00.454338Z", "fetched_at": "2025-07-13T12:10:52.207223+00:00", "symbol": "BTC-USD"}, {"trade_id": 848199044, "side": "buy", "size": "0.03176820", "price": "118077.02000000", "time": "2025-07-13T12:09:00.454338Z", "fetched_at": "2025-07-13T12:10:52.207223+00:00", "symbol": "BTC-USD"}, {"trade_id": 848199043, "side": "buy", "size": "0.05000000", "price": "118077.06000000", "time": "2025-07-13T12:09:00.454338Z", "fetched_at": "2025-07-13T12:10:52.207223+00:00", "symbol": "BTC-USD"}, {"trade_id": 848199042, "side": "buy", "size": "0.00001000", "price": "118077.22000000", "time": "2025-07-13T12:09:00.454338Z", "fetched_at": "2025-07-13T12:10:52.207223+00:00", "symbol": "BTC-USD"}, {"trade_id": 848199041, "side": "buy", "size": "0.10030619", "price": "118077.88000000", "time": "2025-07-13T12:09:00.454338Z", "fetched_at": "2025-07-13T12:10:52.207223+00:00", "symbol": "BTC-USD"}, {"trade_id": 848199040, "side": "buy", "size": "0.00034000", "price": "118077.92000000", "time": "2025-07-13T12:09:00.454338Z", "fetched_at": "2025-07-13T12:10:52.207223+00:00", "symbol": "BTC-USD"}, {"trade_id": 848199039, "side": "buy", "size": "0.00688044", "price": "118077.97000000", "time": "2025-07-13T12:09:00.454338Z", "fetched_at": "2025-07-13T12:10:52.207223+00:00", "symbol": "BTC-USD"}, {"trade_id": 848199038, "side": "buy", "size": "0.01101294", "price": "118078.01000000", "time": "2025-07-13T12:09:00.454338Z", "fetched_at": "2025-07-13T12:10:52.207223+00:00", "symbol": "BTC-USD"}, {"trade_id": 848199037, "side": "buy", "size": "0.01270601", "price": "118079.90000000", "time": "2025-07-13T12:09:00.454338Z", "fetched_at": "2025-07-13T12:10:52.207223+00:00", "symbol": "BTC-USD"}, {"trade_id": 848199036, "side": "buy", "size": "0.00775685", "price": "118079.99000000", "time": "2025-07-13T12:09:00.454338Z", "fetched_at": "2025-07-13T12:10:52.207223+00:00", "symbol": "BTC-USD"}, {"trade_id": 848199035, "side": "buy", "size": "0.00749518", "price": "118080.08000000", "time": "2025-07-13T12:09:00.454338Z", "fetched_at": "2025-07-13T12:10:52.207223+00:00", "symbol": "BTC-USD"}, {"trade_id": 848199034, "side": "buy", "size": "0.01726792", "price": "118080.17000000", "time": "2025-07-13T12:09:00.454338Z", "fetched_at": "2025-07-13T12:10:52.207223+00:00", "symbol": "BTC-USD"}, {"trade_id": 848199033, "side": "buy", "size": "0.00337108", "price": "118080.24000000", "time": "2025-07-13T12:09:00.454338Z", "fetched_at": "2025-07-13T12:10:52.207223+00:00", "symbol": "BTC-USD"}, {"trade_id": 848199032, "side": "buy", "size": "0.00626446", "price": "118080.35000000", "time": "2025-07-13T12:09:00.454338Z", "fetched_at": "2025-07-13T12:10:52.207223+00:00", "symbol": "BTC-USD"}, {"trade_id": 848199031, "side": "buy", "size": "0.00809602", "price": "118080.43000000", "time": "2025-07-13T12:09:00.454338Z", "fetched_at": "2025-07-13T12:10:52.207223+00:00", "symbol": "BTC-USD"}, {"trade_id": 848199030, "side": "buy", "size": "0.00215223", "price": "118080.48000000", "time": "2025-07-13T12:09:00.454338Z", "fetched_at": "2025-07-13T12:10:52.207223+00:00", "symbol": "BTC-USD"}, {"trade_id": 848199029, "side": "buy", "size": "0.01163572", "price": "118080.58000000", "time": "2025-07-13T12:09:00.454338Z", "fetched_at": "2025-07-13T12:10:52.207223+00:00", "symbol": "BTC-USD"}, {"trade_id": 848199028, "side": "buy", "size": "0.00712813", "price": "118080.66000000", "time": "2025-07-13T12:09:00.454338Z", "fetched_at": "2025-07-13T12:10:52.207223+00:00", "symbol": "BTC-USD"}, {"trade_id": 848199027, "side": "buy", "size": "0.01293918", "price": "118080.72000000", "time": "2025-07-13T12:09:00.454338Z", "fetched_at": "2025-07-13T12:10:52.207223+00:00", "symbol": "BTC-USD"}, {"trade_id": 848199026, "side": "buy", "size": "0.00490278", "price": "118080.79000000", "time": "2025-07-13T12:09:00.454338Z", "fetched_at": "2025-07-13T12:10:52.207223+00:00", "symbol": "BTC-USD"}, {"trade_id": 848199025, "side": "buy", "size": "0.11917668", "price": "118080.82000000", "time": "2025-07-13T12:09:00.454338Z", "fetched_at": "2025-07-13T12:10:52.207223+00:00", "symbol": "BTC-USD"}, {"trade_id": 848199024, "side": "buy", "size": "0.07391151", "price": "118080.83000000", "time": "2025-07-13T12:09:00.454338Z", "fetched_at": "2025-07-13T12:10:52.207223+00:00", "symbol": "BTC-USD"}, {"trade_id": 848199023, "side": "buy", "size": "0.01255717", "price": "118083.22000000", "time": "2025-07-13T12:09:00.454338Z", "fetched_at": "2025-07-13T12:10:52.207223+00:00", "symbol": "BTC-USD"}, {"trade_id": 848199022, "side": "buy", "size": "0.00149506", "price": "118083.30000000", "time": "2025-07-13T12:09:00.454338Z", "fetched_at": "2025-07-13T12:10:52.207223+00:00", "symbol": "BTC-USD"}, {"trade_id": 848199021, "side": "buy", "size": "0.00034000", "price": "118083.83000000", "time": "2025-07-13T12:09:00.454338Z", "fetched_at": "2025-07-13T12:10:52.207223+00:00", "symbol": "BTC-USD"}, {"trade_id": 848199020, "side": "buy", "size": "0.01911445", "price": "118084.06000000", "time": "2025-07-13T12:09:00.454338Z", "fetched_at": "2025-07-13T12:10:52.207223+00:00", "symbol": "BTC-USD"}, {"trade_id": 848199019, "side": "buy", "size": "0.08471499", "price": "118084.13000000", "time": "2025-07-13T12:09:00.454338Z", "fetched_at": "2025-07-13T12:10:52.207223+00:00", "symbol": "BTC-USD"}, {"trade_id": 848199018, "side": "buy", "size": "0.00500000", "price": "118085.01000000", "time": "2025-07-13T12:09:00.454338Z", "fetched_at": "2025-07-13T12:10:52.207223+00:00", "symbol": "BTC-USD"}, {"trade_id": 848199017, "side": "buy", "size": "0.00500000", "price": "118085.02000000", "time": "2025-07-13T12:09:00.454338Z", "fetched_at": "2025-07-13T12:10:52.207223+00:00", "symbol": "BTC-USD"}, {"trade_id": 848199016, "side": "buy", "size": "0.03755767", "price": "118085.03000000", "time": "2025-07-13T12:09:00.454338Z", "fetched_at": "2025-07-13T12:10:52.207223+00:00", "symbol": "BTC-USD"}, {"trade_id": 848199015, "side": "buy", "size": "0.00500000", "price": "118085.03000000", "time": "2025-07-13T12:09:00.454338Z", "fetched_at": "2025-07-13T12:10:52.207223+00:00", "symbol": "BTC-USD"}, {"trade_id": 848199014, "side": "buy", "size": "0.05100000", "price": "118085.76000000", "time": "2025-07-13T12:09:00.454338Z", "fetched_at": "2025-07-13T12:10:52.207223+00:00", "symbol": "BTC-USD"}, {"trade_id": 848199013, "side": "buy", "size": "0.01000000", "price": "118085.77000000", "time": "2025-07-13T12:09:00.454338Z", "fetched_at": "2025-07-13T12:10:52.207223+00:00", "symbol": "BTC-USD"}, {"trade_id": 848199012, "side": "buy", "size": "0.00001000", "price": "118086.08000000", "time": "2025-07-13T12:09:00.454338Z", "fetched_at": "2025-07-13T12:10:52.207223+00:00", "symbol": "BTC-USD"}, {"trade_id": 848199011, "side": "buy", "size": "0.02905201", "price": "118086.34000000", "time": "2025-07-13T12:09:00.454338Z", "fetched_at": "2025-07-13T12:10:52.207223+00:00", "symbol": "BTC-USD"}, {"trade_id": 848199010, "side": "buy", "size": "0.07763701", "price": "118091.09000000", "time": "2025-07-13T12:09:00.454338Z", "fetched_at": "2025-07-13T12:10:52.207223+00:00", "symbol": "BTC-USD"}, {"trade_id": 848199009, "side": "buy", "size": "0.00000118", "price": "118091.11000000", "time": "2025-07-13T12:09:00.454338Z", "fetched_at": "2025-07-13T12:10:52.207223+00:00", "symbol": "BTC-USD"}, {"trade_id": 848199008, "side": "buy", "size": "0.00000254", "price": "118091.11000000", "time": "2025-07-13T12:09:00.454338Z", "fetched_at": "2025-07-13T12:10:52.207223+00:00", "symbol": "BTC-USD"}, {"trade_id": 848199007, "side": "buy", "size": "0.02319651", "price": "118091.11000000", "time": "2025-07-13T12:09:00.454338Z", "fetched_at": "2025-07-13T12:10:52.207223+00:00", "symbol": "BTC-USD"}, {"trade_id": 848199006, "side": "buy", "size": "0.03123074", "price": "118091.12000000", "time": "2025-07-13T12:09:00.454338Z", "fetched_at": "2025-07-13T12:10:52.207223+00:00", "symbol": "BTC-USD"}, {"trade_id": 848199005, "side": "buy", "size": "0.30063000", "price": "118091.12000000", "time": "2025-07-13T12:09:00.454338Z", "fetched_at": "2025-07-13T12:10:52.207223+00:00", "symbol": "BTC-USD"}, {"trade_id": 848199004, "side": "sell", "size": "0.00031685", "price": "118099.06000000", "time": "2025-07-13T12:09:00.175473Z", "fetched_at": "2025-07-13T12:10:52.207223+00:00", "symbol": "BTC-USD"}, {"trade_id": 848199003, "side": "sell", "size": "0.00008469", "price": "118091.12000000", "time": "2025-07-13T12:09:00.175473Z", "fetched_at": "2025-07-13T12:10:52.207223+00:00", "symbol": "BTC-USD"}, {"trade_id": 848199002, "side": "sell", "size": "0.00000822", "price": "118091.12000000", "time": "2025-07-13T12:08:59.372424Z", "fetched_at": "2025-07-13T12:10:52.207223+00:00", "symbol": "BTC-USD"}, {"trade_id": 848199001, "side": "sell", "size": "0.00000805", "price": "118091.12000000", "time": "2025-07-13T12:08:59.165357Z", "fetched_at": "2025-07-13T12:10:52.207223+00:00", "symbol": "BTC-USD"}, {"trade_id": 848199000, "side": "sell", "size": "0.00000008", "price": "118091.12000000", "time": "2025-07-13T12:08:59.003723Z", "fetched_at": "2025-07-13T12:10:52.207223+00:00", "symbol": "BTC-USD"}, {"trade_id": 848198999, "side": "sell", "size": "0.00007402", "price": "118099.06000000", "time": "2025-07-13T12:08:58.986476Z", "fetched_at": "2025-07-13T12:10:52.207223+00:00", "symbol": "BTC-USD"}, {"trade_id": 848198998, "side": "sell", "size": "0.00007732", "price": "118091.12000000", "time": "2025-07-13T12:08:58.986476Z", "fetched_at": "2025-07-13T12:10:52.207223+00:00", "symbol": "BTC-USD"}, {"trade_id": 848198997, "side": "buy", "size": "0.00128291", "price": "118091.11000000", "time": "2025-07-13T12:08:58.451855Z", "fetched_at": "2025-07-13T12:10:52.207223+00:00", "symbol": "BTC-USD"}, {"trade_id": 848198996, "side": "buy", "size": "0.00852058", "price": "118091.11000000", "time": "2025-07-13T12:08:57.375803Z", "fetched_at": "2025-07-13T12:10:52.207223+00:00", "symbol": "BTC-USD"}, {"trade_id": 848198995, "side": "buy", "size": "0.00003079", "price": "118091.12000000", "time": "2025-07-13T12:08:57.375803Z", "fetched_at": "2025-07-13T12:10:52.207223+00:00", "symbol": "BTC-USD"}, {"trade_id": 848198994, "side": "buy", "size": "0.00000135", "price": "118091.12000000", "time": "2025-07-13T12:08:57.375803Z", "fetched_at": "2025-07-13T12:10:52.207223+00:00", "symbol": "BTC-USD"}, {"trade_id": 848198993, "side": "sell", "size": "0.00075353", "price": "118100.02000000", "time": "2025-07-13T12:08:57.113109Z", "fetched_at": "2025-07-13T12:10:52.207223+00:00", "symbol": "BTC-USD"}, {"trade_id": 848198992, "side": "sell", "size": "0.00006933", "price": "118091.13000000", "time": "2025-07-13T12:08:57.113109Z", "fetched_at": "2025-07-13T12:10:52.207223+00:00", "symbol": "BTC-USD"}, {"trade_id": 848198991, "side": "sell", "size": "0.00156096", "price": "118099.06000000", "time": "2025-07-13T12:08:55.914670Z", "fetched_at": "2025-07-13T12:10:52.207223+00:00", "symbol": "BTC-USD"}, {"trade_id": 848198990, "side": "sell", "size": "0.00008469", "price": "118091.13000000", "time": "2025-07-13T12:08:55.914670Z", "fetched_at": "2025-07-13T12:10:52.207223+00:00", "symbol": "BTC-USD"}, {"trade_id": 848198989, "side": "sell", "size": "0.00033443", "price": "118100.02000000", "time": "2025-07-13T12:08:54.152130Z", "fetched_at": "2025-07-13T12:10:52.207223+00:00", "symbol": "BTC-USD"}, {"trade_id": 848198988, "side": "sell", "size": "0.00008469", "price": "118091.13000000", "time": "2025-07-13T12:08:54.152130Z", "fetched_at": "2025-07-13T12:10:52.207223+00:00", "symbol": "BTC-USD"}, {"trade_id": 848198987, "side": "sell", "size": "0.00015638", "price": "118100.02000000", "time": "2025-07-13T12:08:53.139296Z", "fetched_at": "2025-07-13T12:10:52.207223+00:00", "symbol": "BTC-USD"}, {"trade_id": 848198986, "side": "sell", "size": "0.00008453", "price": "118091.13000000", "time": "2025-07-13T12:08:53.139296Z", "fetched_at": "2025-07-13T12:10:52.207223+00:00", "symbol": "BTC-USD"}, {"trade_id": 848198985, "side": "sell", "size": "0.00000016", "price": "118091.13000000", "time": "2025-07-13T12:08:51.796399Z", "fetched_at": "2025-07-13T12:10:52.207223+00:00", "symbol": "BTC-USD"}, {"trade_id": 848198984, "side": "sell", "size": "0.00012156", "price": "118099.71000000", "time": "2025-07-13T12:08:51.778226Z", "fetched_at": "2025-07-13T12:10:52.207223+00:00", "symbol": "BTC-USD"}, {"trade_id": 848198983, "side": "sell", "size": "0.00009651", "price": "118098.22000000", "time": "2025-07-13T12:08:51.778226Z", "fetched_at": "2025-07-13T12:10:52.207223+00:00", "symbol": "BTC-USD"}, {"trade_id": 848198982, "side": "sell", "size": "0.00008469", "price": "118091.13000000", "time": "2025-07-13T12:08:51.778226Z", "fetched_at": "2025-07-13T12:10:52.207223+00:00", "symbol": "BTC-USD"}, {"trade_id": 848198981, "side": "buy", "size": "0.00001583", "price": "118091.12000000", "time": "2025-07-13T12:08:48.141132Z", "fetched_at": "2025-07-13T12:10:52.207223+00:00", "symbol": "BTC-USD"}, {"trade_id": 848198980, "side": "buy", "size": "0.00000110", "price": "118091.12000000", "time": "2025-07-13T12:08:48.141132Z", "fetched_at": "2025-07-13T12:10:52.207223+00:00", "symbol": "BTC-USD"}, {"trade_id": 848198979, "side": "sell", "size": "0.00001048", "price": "118091.13000000", "time": "2025-07-13T12:08:47.988843Z", "fetched_at": "2025-07-13T12:10:52.207223+00:00", "symbol": "BTC-USD"}, {"trade_id": 848198978, "side": "sell", "size": "0.00000671", "price": "118091.13000000", "time": "2025-07-13T12:08:47.871345Z", "fetched_at": "2025-07-13T12:10:52.207223+00:00", "symbol": "BTC-USD"}, {"trade_id": 848198977, "side": "sell", "size": "0.00008031", "price": "118091.13000000", "time": "2025-07-13T12:08:47.379852Z", "fetched_at": "2025-07-13T12:10:52.207223+00:00", "symbol": "BTC-USD"}, {"trade_id": 848198976, "side": "sell", "size": "0.00000008", "price": "118091.13000000", "time": "2025-07-13T12:08:46.962115Z", "fetched_at": "2025-07-13T12:10:52.207223+00:00", "symbol": "BTC-USD"}, {"trade_id": 848198975, "side": "sell", "size": "0.00007533", "price": "118091.13000000", "time": "2025-07-13T12:08:46.942557Z", "fetched_at": "2025-07-13T12:10:52.207223+00:00", "symbol": "BTC-USD"}, {"trade_id": 848198974, "side": "sell", "size": "0.00017845", "price": "118098.22000000", "time": "2025-07-13T12:08:45.529743Z", "fetched_at": "2025-07-13T12:10:52.207223+00:00", "symbol": "BTC-USD"}, {"trade_id": 848198973, "side": "sell", "size": "0.00007302", "price": "118091.13000000", "time": "2025-07-13T12:08:45.529743Z", "fetched_at": "2025-07-13T12:10:52.207223+00:00", "symbol": "BTC-USD"}, {"trade_id": 848198972, "side": "sell", "size": "0.00012900", "price": "118096.89000000", "time": "2025-07-13T12:08:45.029666Z", "fetched_at": "2025-07-13T12:10:52.207223+00:00", "symbol": "BTC-USD"}, {"trade_id": 848198971, "side": "sell", "size": "0.00007001", "price": "118091.12000000", "time": "2025-07-13T12:08:45.029666Z", "fetched_at": "2025-07-13T12:10:52.207223+00:00", "symbol": "BTC-USD"}, {"trade_id": 848198970, "side": "buy", "size": "0.00235931", "price": "118091.09000000", "time": "2025-07-13T12:08:44.526905Z", "fetched_at": "2025-07-13T12:10:52.207223+00:00", "symbol": "BTC-USD"}, {"trade_id": 848198969, "side": "buy", "size": "0.00500000", "price": "118091.29000000", "time": "2025-07-13T12:08:44.526905Z", "fetched_at": "2025-07-13T12:10:52.207223+00:00", "symbol": "BTC-USD"}, {"trade_id": 848198968, "side": "buy", "size": "0.00348456", "price": "118094.24000000", "time": "2025-07-13T12:08:44.526905Z", "fetched_at": "2025-07-13T12:10:52.207223+00:00", "symbol": "BTC-USD"}, {"trade_id": 848198967, "side": "buy", "size": "0.04800000", "price": "118094.46000000", "time": "2025-07-13T12:08:44.526905Z", "fetched_at": "2025-07-13T12:10:52.207223+00:00", "symbol": "BTC-USD"}, {"trade_id": 848198966, "side": "buy", "size": "0.00001058", "price": "118094.93000000", "time": "2025-07-13T12:08:44.526905Z", "fetched_at": "2025-07-13T12:10:52.207223+00:00", "symbol": "BTC-USD"}, {"trade_id": 848198965, "side": "buy", "size": "0.00001000", "price": "118094.94000000", "time": "2025-07-13T12:08:44.526905Z", "fetched_at": "2025-07-13T12:10:52.207223+00:00", "symbol": "BTC-USD"}, {"trade_id": 848198964, "side": "buy", "size": "0.00501622", "price": "118096.89000000", "time": "2025-07-13T12:08:44.526905Z", "fetched_at": "2025-07-13T12:10:52.207223+00:00", "symbol": "BTC-USD"}, {"trade_id": 848198963, "side": "buy", "size": "0.00000660", "price": "118097.67000000", "time": "2025-07-13T12:08:44.526905Z", "fetched_at": "2025-07-13T12:10:52.207223+00:00", "symbol": "BTC-USD"}, {"trade_id": 848198962, "side": "buy", "size": "0.00001981", "price": "118097.67000000", "time": "2025-07-13T12:08:44.526905Z", "fetched_at": "2025-07-13T12:10:52.207223+00:00", "symbol": "BTC-USD"}, {"trade_id": 848198961, "side": "buy", "size": "0.00500000", "price": "118097.67000000", "time": "2025-07-13T12:08:44.526905Z", "fetched_at": "2025-07-13T12:10:52.207223+00:00", "symbol": "BTC-USD"}, {"trade_id": 848198960, "side": "sell", "size": "0.00082283", "price": "118097.68000000", "time": "2025-07-13T12:08:44.361205Z", "fetched_at": "2025-07-13T12:10:52.207223+00:00", "symbol": "BTC-USD"}, {"trade_id": 848198959, "side": "sell", "size": "0.00012339", "price": "118097.68000000", "time": "2025-07-13T12:08:43.905498Z", "fetched_at": "2025-07-13T12:10:52.207223+00:00", "symbol": "BTC-USD"}, {"trade_id": 848198958, "side": "sell", "size": "0.00082281", "price": "118097.68000000", "time": "2025-07-13T12:08:43.628596Z", "fetched_at": "2025-07-13T12:10:52.207223+00:00", "symbol": "BTC-USD"}, {"trade_id": 848198957, "side": "sell", "size": "0.01015978", "price": "118097.68000000", "time": "2025-07-13T12:08:43.282445Z", "fetched_at": "2025-07-13T12:10:52.207223+00:00", "symbol": "BTC-USD"}, {"trade_id": 848198956, "side": "sell", "size": "0.00003447", "price": "118097.68000000", "time": "2025-07-13T12:08:43.282445Z", "fetched_at": "2025-07-13T12:10:52.207223+00:00", "symbol": "BTC-USD"}, {"trade_id": 848198955, "side": "sell", "size": "0.00021386", "price": "118097.68000000", "time": "2025-07-13T12:08:43.282445Z", "fetched_at": "2025-07-13T12:10:52.207223+00:00", "symbol": "BTC-USD"}, {"trade_id": 848198954, "side": "sell", "size": "0.00015466", "price": "118097.68000000", "time": "2025-07-13T12:08:43.282445Z", "fetched_at": "2025-07-13T12:10:52.207223+00:00", "symbol": "BTC-USD"}, {"trade_id": 848198953, "side": "buy", "size": "0.00000110", "price": "118100.00000000", "time": "2025-07-13T12:08:43.014371Z", "fetched_at": "2025-07-13T12:10:52.207223+00:00", "symbol": "BTC-USD"}, {"trade_id": 848198952, "side": "buy", "size": "0.00000042", "price": "118100.00000000", "time": "2025-07-13T12:08:43.014371Z", "fetched_at": "2025-07-13T12:10:52.207223+00:00", "symbol": "BTC-USD"}, {"trade_id": 848198951, "side": "buy", "size": "0.00843479", "price": "118100.00000000", "time": "2025-07-13T12:08:43.014371Z", "fetched_at": "2025-07-13T12:10:52.207223+00:00", "symbol": "BTC-USD"}, {"trade_id": 848198950, "side": "buy", "size": "0.00002191", "price": "118100.02000000", "time": "2025-07-13T12:08:43.014371Z", "fetched_at": "2025-07-13T12:10:52.207223+00:00", "symbol": "BTC-USD"}, {"trade_id": 848198949, "side": "buy", "size": "0.02374027", "price": "118100.02000000", "time": "2025-07-13T12:08:43.014371Z", "fetched_at": "2025-07-13T12:10:52.207223+00:00", "symbol": "BTC-USD"}, {"trade_id": 848198948, "side": "sell", "size": "0.00003982", "price": "118100.03000000", "time": "2025-07-13T12:08:42.411133Z", "fetched_at": "2025-07-13T12:10:52.207223+00:00", "symbol": "BTC-USD"}, {"trade_id": 848198947, "side": "sell", "size": "0.00012038", "price": "118100.03000000", "time": "2025-07-13T12:08:41.768900Z", "fetched_at": "2025-07-13T12:10:52.207223+00:00", "symbol": "BTC-USD"}, {"trade_id": 848198946, "side": "sell", "size": "0.00016765", "price": "118100.03000000", "time": "2025-07-13T12:08:41.766766Z", "fetched_at": "2025-07-13T12:10:52.207223+00:00", "symbol": "BTC-USD"}, {"trade_id": 848198945, "side": "sell", "size": "0.00008173", "price": "118100.03000000", "time": "2025-07-13T12:08:41.167675Z", "fetched_at": "2025-07-13T12:10:52.207223+00:00", "symbol": "BTC-USD"}, {"trade_id": 848198944, "side": "sell", "size": "0.00000033", "price": "118100.03000000", "time": "2025-07-13T12:08:40.813373Z", "fetched_at": "2025-07-13T12:10:52.207223+00:00", "symbol": "BTC-USD"}, {"trade_id": 848198943, "side": "sell", "size": "0.00074178", "price": "118100.03000000", "time": "2025-07-13T12:08:40.796006Z", "fetched_at": "2025-07-13T12:10:52.207223+00:00", "symbol": "BTC-USD"}, {"trade_id": 848198942, "side": "sell", "size": "0.00021219", "price": "118100.03000000", "time": "2025-07-13T12:08:40.796006Z", "fetched_at": "2025-07-13T12:10:52.207223+00:00", "symbol": "BTC-USD"}, {"trade_id": 848198941, "side": "buy", "size": "0.00000214", "price": "118100.02000000", "time": "2025-07-13T12:08:40.710526Z", "fetched_at": "2025-07-13T12:10:52.207223+00:00", "symbol": "BTC-USD"}, {"trade_id": 848198940, "side": "sell", "size": "0.00034081", "price": "118100.03000000", "time": "2025-07-13T12:08:40.563710Z", "fetched_at": "2025-07-13T12:10:52.207223+00:00", "symbol": "BTC-USD"}, {"trade_id": 848198939, "side": "sell", "size": "0.00007060", "price": "118100.03000000", "time": "2025-07-13T12:08:40.563710Z", "fetched_at": "2025-07-13T12:10:52.207223+00:00", "symbol": "BTC-USD"}, {"trade_id": 848198938, "side": "sell", "size": "0.00076469", "price": "118106.22000000", "time": "2025-07-13T12:08:40.323233Z", "fetched_at": "2025-07-13T12:10:52.207223+00:00", "symbol": "BTC-USD"}, {"trade_id": 848198937, "side": "sell", "size": "0.00007358", "price": "118100.03000000", "time": "2025-07-13T12:08:40.323233Z", "fetched_at": "2025-07-13T12:10:52.207223+00:00", "symbol": "BTC-USD"}, {"trade_id": 848198936, "side": "sell", "size": "0.00001467", "price": "118100.03000000", "time": "2025-07-13T12:08:39.584453Z", "fetched_at": "2025-07-13T12:10:52.207223+00:00", "symbol": "BTC-USD"}, {"trade_id": 848198935, "side": "sell", "size": "0.00034618", "price": "118106.24000000", "time": "2025-07-13T12:08:39.011539Z", "fetched_at": "2025-07-13T12:10:52.207223+00:00", "symbol": "BTC-USD"}, {"trade_id": 848198934, "side": "sell", "size": "0.00007295", "price": "118100.03000000", "time": "2025-07-13T12:08:39.011539Z", "fetched_at": "2025-07-13T12:10:52.207223+00:00", "symbol": "BTC-USD"}, {"trade_id": 848198933, "side": "sell", "size": "0.00017147", "price": "118105.51000000", "time": "2025-07-13T12:08:38.442049Z", "fetched_at": "2025-07-13T12:10:52.207223+00:00", "symbol": "BTC-USD"}, {"trade_id": 848198932, "side": "sell", "size": "0.00005032", "price": "118105.52000000", "time": "2025-07-13T12:08:38.440335Z", "fetched_at": "2025-07-13T12:10:52.207223+00:00", "symbol": "BTC-USD"}, {"trade_id": 848198931, "side": "sell", "size": "0.00007014", "price": "118100.03000000", "time": "2025-07-13T12:08:38.440335Z", "fetched_at": "2025-07-13T12:10:52.207223+00:00", "symbol": "BTC-USD"}, {"trade_id": 848198930, "side": "sell", "size": "0.00076811", "price": "118105.57000000", "time": "2025-07-13T12:08:38.160082Z", "fetched_at": "2025-07-13T12:10:52.207223+00:00", "symbol": "BTC-USD"}, {"trade_id": 848198929, "side": "sell", "size": "0.00007014", "price": "118100.03000000", "time": "2025-07-13T12:08:38.160082Z", "fetched_at": "2025-07-13T12:10:52.207223+00:00", "symbol": "BTC-USD"}, {"trade_id": 848198928, "side": "sell", "size": "0.00003061", "price": "118100.03000000", "time": "2025-07-13T12:08:37.694890Z", "fetched_at": "2025-07-13T12:10:52.207223+00:00", "symbol": "BTC-USD"}, {"trade_id": 848198927, "side": "sell", "size": "0.00017082", "price": "118105.68000000", "time": "2025-07-13T12:08:37.630849Z", "fetched_at": "2025-07-13T12:10:52.207223+00:00", "symbol": "BTC-USD"}, {"trade_id": 848198926, "side": "sell", "size": "0.00007357", "price": "118100.03000000", "time": "2025-07-13T12:08:37.630849Z", "fetched_at": "2025-07-13T12:10:52.207223+00:00", "symbol": "BTC-USD"}, {"trade_id": 848198925, "side": "sell", "size": "0.00004429", "price": "118100.03000000", "time": "2025-07-13T12:08:37.630849Z", "fetched_at": "2025-07-13T12:10:52.207223+00:00", "symbol": "BTC-USD"}, {"trade_id": 848198924, "side": "sell", "size": "0.00003982", "price": "118100.03000000", "time": "2025-07-13T12:08:36.567285Z", "fetched_at": "2025-07-13T12:10:52.207223+00:00", "symbol": "BTC-USD"}, {"trade_id": 848198923, "side": "sell", "size": "0.00001609", "price": "118100.03000000", "time": "2025-07-13T12:08:35.969080Z", "fetched_at": "2025-07-13T12:10:52.207223+00:00", "symbol": "BTC-USD"}, {"trade_id": 848198922, "side": "buy", "size": "0.00025402", "price": "118100.02000000", "time": "2025-07-13T12:08:35.859953Z", "fetched_at": "2025-07-13T12:10:52.207223+00:00", "symbol": "BTC-USD"}, {"trade_id": 848198921, "side": "sell", "size": "0.00201836", "price": "118100.03000000", "time": "2025-07-13T12:08:34.815396Z", "fetched_at": "2025-07-13T12:10:52.207223+00:00", "symbol": "BTC-USD"}, {"trade_id": 848198920, "side": "sell", "size": "0.00008382", "price": "118100.03000000", "time": "2025-07-13T12:08:34.093049Z", "fetched_at": "2025-07-13T12:10:52.207223+00:00", "symbol": "BTC-USD"}