[{"trade_id": 848195792, "side": "sell", "size": "0.00001089", "price": "118039.37000000", "time": "2025-07-13T11:46:09.692354Z", "fetched_at": "2025-07-13T11:46:15.918512+00:00", "symbol": "BTC-USD"}, {"trade_id": 848195791, "side": "buy", "size": "0.00043008", "price": "118039.36000000", "time": "2025-07-13T11:46:08.523115Z", "fetched_at": "2025-07-13T11:46:15.918512+00:00", "symbol": "BTC-USD"}, {"trade_id": 848195790, "side": "sell", "size": "0.00012581", "price": "118039.37000000", "time": "2025-07-13T11:46:08.370119Z", "fetched_at": "2025-07-13T11:46:15.918512+00:00", "symbol": "BTC-USD"}, {"trade_id": 848195789, "side": "sell", "size": "0.00001700", "price": "118039.37000000", "time": "2025-07-13T11:46:08.303068Z", "fetched_at": "2025-07-13T11:46:15.918512+00:00", "symbol": "BTC-USD"}, {"trade_id": 848195788, "side": "sell", "size": "0.00000008", "price": "118039.37000000", "time": "2025-07-13T11:46:07.778049Z", "fetched_at": "2025-07-13T11:46:15.918512+00:00", "symbol": "BTC-USD"}, {"trade_id": 848195787, "side": "sell", "size": "0.00007282", "price": "118039.37000000", "time": "2025-07-13T11:46:07.755538Z", "fetched_at": "2025-07-13T11:46:15.918512+00:00", "symbol": "BTC-USD"}, {"trade_id": 848195786, "side": "sell", "size": "0.00000033", "price": "118039.37000000", "time": "2025-07-13T11:46:07.755538Z", "fetched_at": "2025-07-13T11:46:15.918512+00:00", "symbol": "BTC-USD"}, {"trade_id": 848195785, "side": "sell", "size": "0.00000067", "price": "118039.37000000", "time": "2025-07-13T11:46:07.755538Z", "fetched_at": "2025-07-13T11:46:15.918512+00:00", "symbol": "BTC-USD"}, {"trade_id": 848195784, "side": "sell", "size": "0.00000133", "price": "118039.37000000", "time": "2025-07-13T11:46:07.755538Z", "fetched_at": "2025-07-13T11:46:15.918512+00:00", "symbol": "BTC-USD"}, {"trade_id": 848195783, "side": "sell", "size": "0.00000267", "price": "118039.37000000", "time": "2025-07-13T11:46:07.755538Z", "fetched_at": "2025-07-13T11:46:15.918512+00:00", "symbol": "BTC-USD"}, {"trade_id": 848195782, "side": "sell", "size": "0.00328125", "price": "118039.37000000", "time": "2025-07-13T11:46:07.407012Z", "fetched_at": "2025-07-13T11:46:15.918512+00:00", "symbol": "BTC-USD"}, {"trade_id": 848195781, "side": "sell", "size": "0.00000533", "price": "118039.37000000", "time": "2025-07-13T11:46:07.407012Z", "fetched_at": "2025-07-13T11:46:15.918512+00:00", "symbol": "BTC-USD"}, {"trade_id": 848195780, "side": "sell", "size": "0.00000033", "price": "118039.37000000", "time": "2025-07-13T11:46:07.407012Z", "fetched_at": "2025-07-13T11:46:15.918512+00:00", "symbol": "BTC-USD"}, {"trade_id": 848195779, "side": "sell", "size": "0.00000067", "price": "118039.37000000", "time": "2025-07-13T11:46:07.407012Z", "fetched_at": "2025-07-13T11:46:15.918512+00:00", "symbol": "BTC-USD"}, {"trade_id": 848195778, "side": "sell", "size": "0.00000133", "price": "118039.37000000", "time": "2025-07-13T11:46:07.407012Z", "fetched_at": "2025-07-13T11:46:15.918512+00:00", "symbol": "BTC-USD"}, {"trade_id": 848195777, "side": "sell", "size": "0.00238819", "price": "118039.37000000", "time": "2025-07-13T11:46:07.407012Z", "fetched_at": "2025-07-13T11:46:15.918512+00:00", "symbol": "BTC-USD"}, {"trade_id": 848195776, "side": "sell", "size": "0.00041164", "price": "118039.37000000", "time": "2025-07-13T11:46:07.271384Z", "fetched_at": "2025-07-13T11:46:15.918512+00:00", "symbol": "BTC-USD"}, {"trade_id": 848195775, "side": "sell", "size": "0.00030537", "price": "118039.37000000", "time": "2025-07-13T11:46:01.755234Z", "fetched_at": "2025-07-13T11:46:15.918512+00:00", "symbol": "BTC-USD"}, {"trade_id": 848195774, "side": "sell", "size": "0.00218883", "price": "118039.45000000", "time": "2025-07-13T11:45:59.987008Z", "fetched_at": "2025-07-13T11:46:15.918512+00:00", "symbol": "BTC-USD"}, {"trade_id": 848195773, "side": "sell", "size": "0.00008085", "price": "118039.42000000", "time": "2025-07-13T11:45:59.987008Z", "fetched_at": "2025-07-13T11:46:15.918512+00:00", "symbol": "BTC-USD"}, {"trade_id": 848195772, "side": "sell", "size": "0.00000276", "price": "118039.42000000", "time": "2025-07-13T11:45:59.987008Z", "fetched_at": "2025-07-13T11:46:15.918512+00:00", "symbol": "BTC-USD"}, {"trade_id": 848195771, "side": "sell", "size": "0.00000977", "price": "118039.37000000", "time": "2025-07-13T11:45:59.987008Z", "fetched_at": "2025-07-13T11:46:15.918512+00:00", "symbol": "BTC-USD"}, {"trade_id": 848195770, "side": "sell", "size": "0.00000267", "price": "118039.37000000", "time": "2025-07-13T11:45:59.987008Z", "fetched_at": "2025-07-13T11:46:15.918512+00:00", "symbol": "BTC-USD"}, {"trade_id": 848195769, "side": "sell", "size": "0.00000534", "price": "118039.37000000", "time": "2025-07-13T11:45:59.987008Z", "fetched_at": "2025-07-13T11:46:15.918512+00:00", "symbol": "BTC-USD"}, {"trade_id": 848195768, "side": "sell", "size": "0.00000033", "price": "118039.37000000", "time": "2025-07-13T11:45:59.987008Z", "fetched_at": "2025-07-13T11:46:15.918512+00:00", "symbol": "BTC-USD"}, {"trade_id": 848195767, "side": "sell", "size": "0.00031476", "price": "118039.37000000", "time": "2025-07-13T11:45:59.987008Z", "fetched_at": "2025-07-13T11:46:15.918512+00:00", "symbol": "BTC-USD"}, {"trade_id": 848195766, "side": "sell", "size": "0.00000067", "price": "118039.37000000", "time": "2025-07-13T11:45:59.987008Z", "fetched_at": "2025-07-13T11:46:15.918512+00:00", "symbol": "BTC-USD"}, {"trade_id": 848195765, "side": "sell", "size": "0.00000133", "price": "118039.37000000", "time": "2025-07-13T11:45:59.987008Z", "fetched_at": "2025-07-13T11:46:15.918512+00:00", "symbol": "BTC-USD"}, {"trade_id": 848195764, "side": "sell", "size": "0.00000267", "price": "118039.37000000", "time": "2025-07-13T11:45:59.987008Z", "fetched_at": "2025-07-13T11:46:15.918512+00:00", "symbol": "BTC-USD"}, {"trade_id": 848195763, "side": "sell", "size": "0.00000533", "price": "118039.37000000", "time": "2025-07-13T11:45:59.987008Z", "fetched_at": "2025-07-13T11:46:15.918512+00:00", "symbol": "BTC-USD"}, {"trade_id": 848195762, "side": "sell", "size": "0.00000033", "price": "118039.37000000", "time": "2025-07-13T11:45:59.987008Z", "fetched_at": "2025-07-13T11:46:15.918512+00:00", "symbol": "BTC-USD"}, {"trade_id": 848195761, "side": "sell", "size": "0.00000067", "price": "118039.37000000", "time": "2025-07-13T11:45:59.987008Z", "fetched_at": "2025-07-13T11:46:15.918512+00:00", "symbol": "BTC-USD"}, {"trade_id": 848195760, "side": "sell", "size": "0.00000134", "price": "118039.37000000", "time": "2025-07-13T11:45:59.987008Z", "fetched_at": "2025-07-13T11:46:15.918512+00:00", "symbol": "BTC-USD"}, {"trade_id": 848195759, "side": "sell", "size": "0.00000267", "price": "118039.37000000", "time": "2025-07-13T11:45:59.987008Z", "fetched_at": "2025-07-13T11:46:15.918512+00:00", "symbol": "BTC-USD"}, {"trade_id": 848195758, "side": "sell", "size": "0.00000534", "price": "118039.37000000", "time": "2025-07-13T11:45:59.987008Z", "fetched_at": "2025-07-13T11:46:15.918512+00:00", "symbol": "BTC-USD"}, {"trade_id": 848195757, "side": "sell", "size": "0.00000034", "price": "118039.37000000", "time": "2025-07-13T11:45:59.987008Z", "fetched_at": "2025-07-13T11:46:15.918512+00:00", "symbol": "BTC-USD"}, {"trade_id": 848195756, "side": "sell", "size": "0.00000069", "price": "118039.37000000", "time": "2025-07-13T11:45:59.987008Z", "fetched_at": "2025-07-13T11:46:15.918512+00:00", "symbol": "BTC-USD"}, {"trade_id": 848195755, "side": "sell", "size": "0.00000138", "price": "118039.37000000", "time": "2025-07-13T11:45:59.987008Z", "fetched_at": "2025-07-13T11:46:15.918512+00:00", "symbol": "BTC-USD"}, {"trade_id": 848195754, "side": "sell", "size": "0.00230920", "price": "118039.37000000", "time": "2025-07-13T11:45:59.987008Z", "fetched_at": "2025-07-13T11:46:15.918512+00:00", "symbol": "BTC-USD"}, {"trade_id": 848195753, "side": "sell", "size": "0.00027163", "price": "118039.37000000", "time": "2025-07-13T11:45:59.502407Z", "fetched_at": "2025-07-13T11:46:15.918512+00:00", "symbol": "BTC-USD"}, {"trade_id": 848195752, "side": "buy", "size": "0.00059302", "price": "118039.36000000", "time": "2025-07-13T11:45:58.490743Z", "fetched_at": "2025-07-13T11:46:15.918512+00:00", "symbol": "BTC-USD"}, {"trade_id": 848195751, "side": "buy", "size": "0.01454080", "price": "118039.36000000", "time": "2025-07-13T11:45:55.452105Z", "fetched_at": "2025-07-13T11:46:15.918512+00:00", "symbol": "BTC-USD"}, {"trade_id": 848195750, "side": "sell", "size": "0.00033548", "price": "118039.37000000", "time": "2025-07-13T11:45:53.797601Z", "fetched_at": "2025-07-13T11:46:15.918512+00:00", "symbol": "BTC-USD"}, {"trade_id": 848195749, "side": "sell", "size": "0.00006722", "price": "118039.37000000", "time": "2025-07-13T11:45:51.742640Z", "fetched_at": "2025-07-13T11:46:15.918512+00:00", "symbol": "BTC-USD"}, {"trade_id": 848195748, "side": "sell", "size": "0.00012345", "price": "118039.37000000", "time": "2025-07-13T11:45:48.454769Z", "fetched_at": "2025-07-13T11:46:15.918512+00:00", "symbol": "BTC-USD"}, {"trade_id": 848195747, "side": "buy", "size": "0.00037365", "price": "118039.36000000", "time": "2025-07-13T11:45:47.696110Z", "fetched_at": "2025-07-13T11:46:15.918512+00:00", "symbol": "BTC-USD"}, {"trade_id": 848195746, "side": "sell", "size": "0.00000942", "price": "118039.37000000", "time": "2025-07-13T11:45:46.935161Z", "fetched_at": "2025-07-13T11:46:15.918512+00:00", "symbol": "BTC-USD"}, {"trade_id": 848195745, "side": "buy", "size": "0.00027370", "price": "118039.36000000", "time": "2025-07-13T11:45:46.920491Z", "fetched_at": "2025-07-13T11:46:15.918512+00:00", "symbol": "BTC-USD"}, {"trade_id": 848195744, "side": "sell", "size": "0.00040043", "price": "118039.45000000", "time": "2025-07-13T11:45:43.354786Z", "fetched_at": "2025-07-13T11:46:15.918512+00:00", "symbol": "BTC-USD"}, {"trade_id": 848195743, "side": "sell", "size": "0.00001977", "price": "118039.35000000", "time": "2025-07-13T11:45:43.354786Z", "fetched_at": "2025-07-13T11:46:15.918512+00:00", "symbol": "BTC-USD"}, {"trade_id": 848195742, "side": "sell", "size": "0.00000551", "price": "118039.35000000", "time": "2025-07-13T11:45:43.354786Z", "fetched_at": "2025-07-13T11:46:15.918512+00:00", "symbol": "BTC-USD"}, {"trade_id": 848195741, "side": "sell", "size": "0.00057781", "price": "118039.35000000", "time": "2025-07-13T11:45:43.354786Z", "fetched_at": "2025-07-13T11:46:15.918512+00:00", "symbol": "BTC-USD"}, {"trade_id": 848195740, "side": "sell", "size": "0.00000069", "price": "118039.35000000", "time": "2025-07-13T11:45:43.354786Z", "fetched_at": "2025-07-13T11:46:15.918512+00:00", "symbol": "BTC-USD"}, {"trade_id": 848195739, "side": "sell", "size": "0.00288680", "price": "118039.35000000", "time": "2025-07-13T11:45:43.354786Z", "fetched_at": "2025-07-13T11:46:15.918512+00:00", "symbol": "BTC-USD"}, {"trade_id": 848195738, "side": "sell", "size": "0.00020580", "price": "118039.35000000", "time": "2025-07-13T11:45:43.028931Z", "fetched_at": "2025-07-13T11:46:15.918512+00:00", "symbol": "BTC-USD"}, {"trade_id": 848195737, "side": "buy", "size": "0.01405023", "price": "118048.04000000", "time": "2025-07-13T11:45:41.798577Z", "fetched_at": "2025-07-13T11:46:15.918512+00:00", "symbol": "BTC-USD"}, {"trade_id": 848195736, "side": "buy", "size": "0.02494160", "price": "118048.04000000", "time": "2025-07-13T11:45:41.798557Z", "fetched_at": "2025-07-13T11:46:15.918512+00:00", "symbol": "BTC-USD"}, {"trade_id": 848195735, "side": "buy", "size": "0.00486817", "price": "118048.04000000", "time": "2025-07-13T11:45:41.797751Z", "fetched_at": "2025-07-13T11:46:15.918512+00:00", "symbol": "BTC-USD"}, {"trade_id": 848195734, "side": "buy", "size": "0.00214000", "price": "118048.04000000", "time": "2025-07-13T11:45:41.762321Z", "fetched_at": "2025-07-13T11:46:15.918512+00:00", "symbol": "BTC-USD"}, {"trade_id": 848195733, "side": "buy", "size": "0.00002100", "price": "118050.00000000", "time": "2025-07-13T11:45:41.624976Z", "fetched_at": "2025-07-13T11:46:15.918512+00:00", "symbol": "BTC-USD"}, {"trade_id": 848195732, "side": "buy", "size": "0.00000703", "price": "118050.00000000", "time": "2025-07-13T11:45:41.624976Z", "fetched_at": "2025-07-13T11:46:15.918512+00:00", "symbol": "BTC-USD"}, {"trade_id": 848195731, "side": "buy", "size": "0.00020923", "price": "118050.00000000", "time": "2025-07-13T11:45:41.624976Z", "fetched_at": "2025-07-13T11:46:15.918512+00:00", "symbol": "BTC-USD"}, {"trade_id": 848195730, "side": "buy", "size": "0.00853524", "price": "118050.00000000", "time": "2025-07-13T11:45:41.624976Z", "fetched_at": "2025-07-13T11:46:15.918512+00:00", "symbol": "BTC-USD"}, {"trade_id": 848195729, "side": "buy", "size": "0.00099588", "price": "118050.00000000", "time": "2025-07-13T11:45:40.546519Z", "fetched_at": "2025-07-13T11:46:15.918512+00:00", "symbol": "BTC-USD"}, {"trade_id": 848195728, "side": "buy", "size": "0.00026888", "price": "118050.00000000", "time": "2025-07-13T11:45:40.495383Z", "fetched_at": "2025-07-13T11:46:15.918512+00:00", "symbol": "BTC-USD"}, {"trade_id": 848195727, "side": "buy", "size": "0.02326093", "price": "118051.05000000", "time": "2025-07-13T11:45:37.526849Z", "fetched_at": "2025-07-13T11:46:15.918512+00:00", "symbol": "BTC-USD"}, {"trade_id": 848195726, "side": "buy", "size": "0.00002311", "price": "118051.07000000", "time": "2025-07-13T11:45:37.526849Z", "fetched_at": "2025-07-13T11:46:15.918512+00:00", "symbol": "BTC-USD"}, {"trade_id": 848195725, "side": "buy", "size": "0.00000703", "price": "118051.07000000", "time": "2025-07-13T11:45:37.526849Z", "fetched_at": "2025-07-13T11:46:15.918512+00:00", "symbol": "BTC-USD"}, {"trade_id": 848195724, "side": "buy", "size": "0.00000237", "price": "118051.07000000", "time": "2025-07-13T11:45:37.526849Z", "fetched_at": "2025-07-13T11:46:15.918512+00:00", "symbol": "BTC-USD"}, {"trade_id": 848195723, "side": "buy", "size": "0.00063554", "price": "118051.07000000", "time": "2025-07-13T11:45:37.526849Z", "fetched_at": "2025-07-13T11:46:15.918512+00:00", "symbol": "BTC-USD"}, {"trade_id": 848195722, "side": "buy", "size": "0.00214000", "price": "118051.07000000", "time": "2025-07-13T11:45:37.475710Z", "fetched_at": "2025-07-13T11:46:15.918512+00:00", "symbol": "BTC-USD"}, {"trade_id": 848195721, "side": "sell", "size": "0.00127584", "price": "118051.08000000", "time": "2025-07-13T11:45:36.932841Z", "fetched_at": "2025-07-13T11:46:15.918512+00:00", "symbol": "BTC-USD"}, {"trade_id": 848195720, "side": "sell", "size": "0.00049179", "price": "118051.08000000", "time": "2025-07-13T11:45:36.932841Z", "fetched_at": "2025-07-13T11:46:15.918512+00:00", "symbol": "BTC-USD"}, {"trade_id": 848195719, "side": "sell", "size": "0.00008462", "price": "118051.08000000", "time": "2025-07-13T11:45:36.217814Z", "fetched_at": "2025-07-13T11:46:15.918512+00:00", "symbol": "BTC-USD"}, {"trade_id": 848195718, "side": "sell", "size": "0.04114137", "price": "118051.08000000", "time": "2025-07-13T11:45:35.835343Z", "fetched_at": "2025-07-13T11:46:15.918512+00:00", "symbol": "BTC-USD"}, {"trade_id": 848195717, "side": "sell", "size": "0.00001699", "price": "118051.08000000", "time": "2025-07-13T11:45:35.835343Z", "fetched_at": "2025-07-13T11:46:15.918512+00:00", "symbol": "BTC-USD"}, {"trade_id": 848195716, "side": "sell", "size": "0.18124743", "price": "118053.84000000", "time": "2025-07-13T11:45:35.499266Z", "fetched_at": "2025-07-13T11:46:15.918512+00:00", "symbol": "BTC-USD"}, {"trade_id": 848195715, "side": "sell", "size": "0.10268295", "price": "118053.84000000", "time": "2025-07-13T11:45:35.499266Z", "fetched_at": "2025-07-13T11:46:15.918512+00:00", "symbol": "BTC-USD"}, {"trade_id": 848195714, "side": "sell", "size": "0.00016171", "price": "118053.83000000", "time": "2025-07-13T11:45:35.499266Z", "fetched_at": "2025-07-13T11:46:15.918512+00:00", "symbol": "BTC-USD"}, {"trade_id": 848195713, "side": "sell", "size": "0.01000000", "price": "118053.83000000", "time": "2025-07-13T11:45:35.499266Z", "fetched_at": "2025-07-13T11:46:15.918512+00:00", "symbol": "BTC-USD"}, {"trade_id": 848195712, "side": "sell", "size": "0.00001675", "price": "118051.08000000", "time": "2025-07-13T11:45:35.499266Z", "fetched_at": "2025-07-13T11:46:15.918512+00:00", "symbol": "BTC-USD"}, {"trade_id": 848195711, "side": "sell", "size": "0.05163444", "price": "118051.08000000", "time": "2025-07-13T11:45:35.499266Z", "fetched_at": "2025-07-13T11:46:15.918512+00:00", "symbol": "BTC-USD"}, {"trade_id": 848195710, "side": "sell", "size": "0.01000000", "price": "118051.08000000", "time": "2025-07-13T11:45:35.499266Z", "fetched_at": "2025-07-13T11:46:15.918512+00:00", "symbol": "BTC-USD"}, {"trade_id": 848195709, "side": "sell", "size": "0.00082188", "price": "118051.08000000", "time": "2025-07-13T11:45:35.499266Z", "fetched_at": "2025-07-13T11:46:15.918512+00:00", "symbol": "BTC-USD"}, {"trade_id": 848195708, "side": "sell", "size": "0.06423089", "price": "118051.08000000", "time": "2025-07-13T11:45:35.499266Z", "fetched_at": "2025-07-13T11:46:15.918512+00:00", "symbol": "BTC-USD"}, {"trade_id": 848195707, "side": "sell", "size": "0.00023616", "price": "118051.08000000", "time": "2025-07-13T11:45:35.174710Z", "fetched_at": "2025-07-13T11:46:15.918512+00:00", "symbol": "BTC-USD"}, {"trade_id": 848195706, "side": "sell", "size": "0.00033295", "price": "118051.08000000", "time": "2025-07-13T11:45:34.201530Z", "fetched_at": "2025-07-13T11:46:15.918512+00:00", "symbol": "BTC-USD"}, {"trade_id": 848195705, "side": "sell", "size": "0.00023043", "price": "118051.08000000", "time": "2025-07-13T11:45:34.201530Z", "fetched_at": "2025-07-13T11:46:15.918512+00:00", "symbol": "BTC-USD"}, {"trade_id": 848195704, "side": "sell", "size": "0.00001273", "price": "118051.08000000", "time": "2025-07-13T11:45:34.058057Z", "fetched_at": "2025-07-13T11:46:15.918512+00:00", "symbol": "BTC-USD"}, {"trade_id": 848195703, "side": "sell", "size": "0.00000146", "price": "118051.08000000", "time": "2025-07-13T11:45:34.058057Z", "fetched_at": "2025-07-13T11:46:15.918512+00:00", "symbol": "BTC-USD"}, {"trade_id": 848195702, "side": "sell", "size": "0.00000079", "price": "118051.08000000", "time": "2025-07-13T11:45:34.058057Z", "fetched_at": "2025-07-13T11:46:15.918512+00:00", "symbol": "BTC-USD"}, {"trade_id": 848195701, "side": "sell", "size": "0.00000214", "price": "118051.08000000", "time": "2025-07-13T11:45:31.643449Z", "fetched_at": "2025-07-13T11:46:15.918512+00:00", "symbol": "BTC-USD"}, {"trade_id": 848195700, "side": "sell", "size": "0.00024316", "price": "118051.08000000", "time": "2025-07-13T11:45:31.643449Z", "fetched_at": "2025-07-13T11:46:15.918512+00:00", "symbol": "BTC-USD"}, {"trade_id": 848195699, "side": "buy", "size": "0.00000426", "price": "118051.07000000", "time": "2025-07-13T11:45:31.637060Z", "fetched_at": "2025-07-13T11:46:15.918512+00:00", "symbol": "BTC-USD"}, {"trade_id": 848195698, "side": "sell", "size": "0.00018812", "price": "118051.08000000", "time": "2025-07-13T11:45:31.509775Z", "fetched_at": "2025-07-13T11:46:15.918512+00:00", "symbol": "BTC-USD"}, {"trade_id": 848195697, "side": "sell", "size": "0.00000586", "price": "118051.08000000", "time": "2025-07-13T11:45:31.509775Z", "fetched_at": "2025-07-13T11:46:15.918512+00:00", "symbol": "BTC-USD"}, {"trade_id": 848195696, "side": "sell", "size": "0.00001172", "price": "118051.08000000", "time": "2025-07-13T11:45:31.509775Z", "fetched_at": "2025-07-13T11:46:15.918512+00:00", "symbol": "BTC-USD"}, {"trade_id": 848195695, "side": "buy", "size": "0.00045293", "price": "118051.07000000", "time": "2025-07-13T11:45:31.422952Z", "fetched_at": "2025-07-13T11:46:15.918512+00:00", "symbol": "BTC-USD"}, {"trade_id": 848195694, "side": "sell", "size": "0.00001998", "price": "118051.08000000", "time": "2025-07-13T11:45:29.737315Z", "fetched_at": "2025-07-13T11:46:15.918512+00:00", "symbol": "BTC-USD"}, {"trade_id": 848195693, "side": "sell", "size": "0.00002516", "price": "118051.08000000", "time": "2025-07-13T11:45:29.473768Z", "fetched_at": "2025-07-13T11:46:15.918512+00:00", "symbol": "BTC-USD"}, {"trade_id": 848195692, "side": "sell", "size": "0.00006514", "price": "118051.08000000", "time": "2025-07-13T11:45:25.896157Z", "fetched_at": "2025-07-13T11:46:15.918512+00:00", "symbol": "BTC-USD"}, {"trade_id": 848195691, "side": "sell", "size": "0.00001872", "price": "118051.08000000", "time": "2025-07-13T11:45:25.896157Z", "fetched_at": "2025-07-13T11:46:15.918512+00:00", "symbol": "BTC-USD"}, {"trade_id": 848195690, "side": "sell", "size": "0.00056030", "price": "118053.83000000", "time": "2025-07-13T11:45:24.899981Z", "fetched_at": "2025-07-13T11:46:15.918512+00:00", "symbol": "BTC-USD"}, {"trade_id": 848195689, "side": "sell", "size": "0.00089380", "price": "118051.08000000", "time": "2025-07-13T11:45:24.899981Z", "fetched_at": "2025-07-13T11:46:15.918512+00:00", "symbol": "BTC-USD"}, {"trade_id": 848195688, "side": "sell", "size": "0.00001713", "price": "118051.08000000", "time": "2025-07-13T11:45:24.899981Z", "fetched_at": "2025-07-13T11:46:15.918512+00:00", "symbol": "BTC-USD"}, {"trade_id": 848195687, "side": "sell", "size": "0.00787148", "price": "118053.84000000", "time": "2025-07-13T11:45:24.166856Z", "fetched_at": "2025-07-13T11:46:15.918512+00:00", "symbol": "BTC-USD"}, {"trade_id": 848195686, "side": "sell", "size": "0.00005390", "price": "118053.84000000", "time": "2025-07-13T11:45:24.166856Z", "fetched_at": "2025-07-13T11:46:15.918512+00:00", "symbol": "BTC-USD"}, {"trade_id": 848195685, "side": "sell", "size": "0.00001877", "price": "118051.08000000", "time": "2025-07-13T11:45:24.166856Z", "fetched_at": "2025-07-13T11:46:15.918512+00:00", "symbol": "BTC-USD"}, {"trade_id": 848195684, "side": "sell", "size": "0.00028757", "price": "118051.08000000", "time": "2025-07-13T11:45:24.166856Z", "fetched_at": "2025-07-13T11:46:15.918512+00:00", "symbol": "BTC-USD"}, {"trade_id": 848195683, "side": "sell", "size": "0.00004193", "price": "118051.08000000", "time": "2025-07-13T11:45:23.684155Z", "fetched_at": "2025-07-13T11:46:15.918512+00:00", "symbol": "BTC-USD"}, {"trade_id": 848195682, "side": "sell", "size": "0.00018699", "price": "118051.08000000", "time": "2025-07-13T11:45:22.627086Z", "fetched_at": "2025-07-13T11:46:15.918512+00:00", "symbol": "BTC-USD"}, {"trade_id": 848195681, "side": "sell", "size": "0.00001880", "price": "118051.08000000", "time": "2025-07-13T11:45:22.627086Z", "fetched_at": "2025-07-13T11:46:15.918512+00:00", "symbol": "BTC-USD"}, {"trade_id": 848195680, "side": "sell", "size": "0.00192208", "price": "118053.84000000", "time": "2025-07-13T11:45:21.825597Z", "fetched_at": "2025-07-13T11:46:15.918512+00:00", "symbol": "BTC-USD"}, {"trade_id": 848195679, "side": "sell", "size": "0.00001519", "price": "118051.08000000", "time": "2025-07-13T11:45:21.825597Z", "fetched_at": "2025-07-13T11:46:15.918512+00:00", "symbol": "BTC-USD"}, {"trade_id": 848195678, "side": "sell", "size": "0.00003320", "price": "118051.08000000", "time": "2025-07-13T11:45:21.825597Z", "fetched_at": "2025-07-13T11:46:15.918512+00:00", "symbol": "BTC-USD"}, {"trade_id": 848195677, "side": "sell", "size": "0.00006641", "price": "118051.08000000", "time": "2025-07-13T11:45:21.825597Z", "fetched_at": "2025-07-13T11:46:15.918512+00:00", "symbol": "BTC-USD"}, {"trade_id": 848195676, "side": "sell", "size": "0.00000277", "price": "118051.08000000", "time": "2025-07-13T11:45:21.825597Z", "fetched_at": "2025-07-13T11:46:15.918512+00:00", "symbol": "BTC-USD"}, {"trade_id": 848195675, "side": "sell", "size": "0.00000553", "price": "118051.08000000", "time": "2025-07-13T11:45:21.825597Z", "fetched_at": "2025-07-13T11:46:15.918512+00:00", "symbol": "BTC-USD"}, {"trade_id": 848195674, "side": "sell", "size": "0.00038300", "price": "118051.08000000", "time": "2025-07-13T11:45:21.825597Z", "fetched_at": "2025-07-13T11:46:15.918512+00:00", "symbol": "BTC-USD"}, {"trade_id": 848195673, "side": "buy", "size": "0.00219549", "price": "118051.07000000", "time": "2025-07-13T11:45:21.458774Z", "fetched_at": "2025-07-13T11:46:15.918512+00:00", "symbol": "BTC-USD"}, {"trade_id": 848195672, "side": "sell", "size": "0.00019627", "price": "118051.08000000", "time": "2025-07-13T11:45:20.439854Z", "fetched_at": "2025-07-13T11:46:15.918512+00:00", "symbol": "BTC-USD"}, {"trade_id": 848195671, "side": "sell", "size": "0.00000953", "price": "118051.08000000", "time": "2025-07-13T11:45:20.439854Z", "fetched_at": "2025-07-13T11:46:15.918512+00:00", "symbol": "BTC-USD"}, {"trade_id": 848195670, "side": "buy", "size": "0.00002543", "price": "118051.07000000", "time": "2025-07-13T11:45:20.333165Z", "fetched_at": "2025-07-13T11:46:15.918512+00:00", "symbol": "BTC-USD"}, {"trade_id": 848195669, "side": "sell", "size": "0.00000154", "price": "118051.08000000", "time": "2025-07-13T11:45:20.285062Z", "fetched_at": "2025-07-13T11:46:15.918512+00:00", "symbol": "BTC-USD"}, {"trade_id": 848195668, "side": "buy", "size": "0.01000000", "price": "118051.07000000", "time": "2025-07-13T11:45:18.692773Z", "fetched_at": "2025-07-13T11:46:15.918512+00:00", "symbol": "BTC-USD"}, {"trade_id": 848195667, "side": "buy", "size": "0.00990951", "price": "118051.07000000", "time": "2025-07-13T11:45:17.881718Z", "fetched_at": "2025-07-13T11:46:15.918512+00:00", "symbol": "BTC-USD"}, {"trade_id": 848195666, "side": "sell", "size": "0.00058549", "price": "118053.84000000", "time": "2025-07-13T11:45:16.443450Z", "fetched_at": "2025-07-13T11:46:15.918512+00:00", "symbol": "BTC-USD"}, {"trade_id": 848195665, "side": "sell", "size": "0.00002561", "price": "118051.08000000", "time": "2025-07-13T11:45:16.443450Z", "fetched_at": "2025-07-13T11:46:15.918512+00:00", "symbol": "BTC-USD"}, {"trade_id": 848195664, "side": "sell", "size": "0.00049814", "price": "118051.08000000", "time": "2025-07-13T11:45:16.443450Z", "fetched_at": "2025-07-13T11:46:15.918512+00:00", "symbol": "BTC-USD"}, {"trade_id": 848195663, "side": "sell", "size": "0.00002053", "price": "118051.08000000", "time": "2025-07-13T11:45:16.233151Z", "fetched_at": "2025-07-13T11:46:15.918512+00:00", "symbol": "BTC-USD"}, {"trade_id": 848195662, "side": "sell", "size": "0.00020579", "price": "118051.08000000", "time": "2025-07-13T11:45:15.248936Z", "fetched_at": "2025-07-13T11:46:15.918512+00:00", "symbol": "BTC-USD"}, {"trade_id": 848195661, "side": "sell", "size": "0.00005503", "price": "118051.08000000", "time": "2025-07-13T11:45:14.950067Z", "fetched_at": "2025-07-13T11:46:15.918512+00:00", "symbol": "BTC-USD"}, {"trade_id": 848195660, "side": "sell", "size": "0.00002673", "price": "118051.08000000", "time": "2025-07-13T11:45:14.950067Z", "fetched_at": "2025-07-13T11:46:15.918512+00:00", "symbol": "BTC-USD"}, {"trade_id": 848195659, "side": "sell", "size": "0.00005473", "price": "118053.84000000", "time": "2025-07-13T11:45:13.148869Z", "fetched_at": "2025-07-13T11:46:15.918512+00:00", "symbol": "BTC-USD"}, {"trade_id": 848195658, "side": "sell", "size": "0.00002703", "price": "118051.08000000", "time": "2025-07-13T11:45:13.148869Z", "fetched_at": "2025-07-13T11:46:15.918512+00:00", "symbol": "BTC-USD"}, {"trade_id": 848195657, "side": "sell", "size": "0.00002957", "price": "118053.84000000", "time": "2025-07-13T11:45:12.980976Z", "fetched_at": "2025-07-13T11:46:15.918512+00:00", "symbol": "BTC-USD"}, {"trade_id": 848195656, "side": "sell", "size": "0.00002703", "price": "118051.08000000", "time": "2025-07-13T11:45:12.980976Z", "fetched_at": "2025-07-13T11:46:15.918512+00:00", "symbol": "BTC-USD"}, {"trade_id": 848195655, "side": "sell", "size": "0.00079583", "price": "118053.72000000", "time": "2025-07-13T11:45:12.898601Z", "fetched_at": "2025-07-13T11:46:15.918512+00:00", "symbol": "BTC-USD"}, {"trade_id": 848195654, "side": "sell", "size": "0.00002733", "price": "118051.08000000", "time": "2025-07-13T11:45:12.898601Z", "fetched_at": "2025-07-13T11:46:15.918512+00:00", "symbol": "BTC-USD"}, {"trade_id": 848195653, "side": "sell", "size": "0.00039497", "price": "118053.71000000", "time": "2025-07-13T11:45:12.657303Z", "fetched_at": "2025-07-13T11:46:15.918512+00:00", "symbol": "BTC-USD"}, {"trade_id": 848195652, "side": "buy", "size": "0.00009326", "price": "118051.07000000", "time": "2025-07-13T11:45:12.627947Z", "fetched_at": "2025-07-13T11:46:15.918512+00:00", "symbol": "BTC-USD"}, {"trade_id": 848195651, "side": "sell", "size": "0.00037373", "price": "118053.72000000", "time": "2025-07-13T11:45:12.525009Z", "fetched_at": "2025-07-13T11:46:15.918512+00:00", "symbol": "BTC-USD"}, {"trade_id": 848195650, "side": "sell", "size": "0.00002795", "price": "118053.72000000", "time": "2025-07-13T11:45:12.525009Z", "fetched_at": "2025-07-13T11:46:15.918512+00:00", "symbol": "BTC-USD"}, {"trade_id": 848195649, "side": "sell", "size": "0.00063147", "price": "118053.84000000", "time": "2025-07-13T11:45:12.336866Z", "fetched_at": "2025-07-13T11:46:15.918512+00:00", "symbol": "BTC-USD"}, {"trade_id": 848195648, "side": "sell", "size": "0.00002707", "price": "118053.83000000", "time": "2025-07-13T11:45:12.336866Z", "fetched_at": "2025-07-13T11:46:15.918512+00:00", "symbol": "BTC-USD"}, {"trade_id": 848195647, "side": "sell", "size": "0.00001669", "price": "118051.08000000", "time": "2025-07-13T11:45:12.269375Z", "fetched_at": "2025-07-13T11:46:15.918512+00:00", "symbol": "BTC-USD"}, {"trade_id": 848195646, "side": "sell", "size": "0.00102555", "price": "118053.83000000", "time": "2025-07-13T11:45:11.525238Z", "fetched_at": "2025-07-13T11:46:15.918512+00:00", "symbol": "BTC-USD"}, {"trade_id": 848195645, "side": "sell", "size": "0.00003046", "price": "118053.82000000", "time": "2025-07-13T11:45:11.525238Z", "fetched_at": "2025-07-13T11:46:15.918512+00:00", "symbol": "BTC-USD"}, {"trade_id": 848195644, "side": "sell", "size": "0.00000146", "price": "118051.08000000", "time": "2025-07-13T11:45:11.525238Z", "fetched_at": "2025-07-13T11:46:15.918512+00:00", "symbol": "BTC-USD"}, {"trade_id": 848195643, "side": "sell", "size": "0.00050800", "price": "118051.08000000", "time": "2025-07-13T11:45:11.525238Z", "fetched_at": "2025-07-13T11:46:15.918512+00:00", "symbol": "BTC-USD"}, {"trade_id": 848195642, "side": "sell", "size": "0.00000293", "price": "118051.08000000", "time": "2025-07-13T11:45:11.525238Z", "fetched_at": "2025-07-13T11:46:15.918512+00:00", "symbol": "BTC-USD"}, {"trade_id": 848195641, "side": "sell", "size": "0.00000586", "price": "118051.08000000", "time": "2025-07-13T11:45:11.525238Z", "fetched_at": "2025-07-13T11:46:15.918512+00:00", "symbol": "BTC-USD"}, {"trade_id": 848195640, "side": "sell", "size": "0.00001172", "price": "118051.08000000", "time": "2025-07-13T11:45:11.525238Z", "fetched_at": "2025-07-13T11:46:15.918512+00:00", "symbol": "BTC-USD"}, {"trade_id": 848195639, "side": "sell", "size": "0.00009555", "price": "118051.08000000", "time": "2025-07-13T11:45:11.525238Z", "fetched_at": "2025-07-13T11:46:15.918512+00:00", "symbol": "BTC-USD"}, {"trade_id": 848195638, "side": "buy", "size": "0.00050202", "price": "118051.07000000", "time": "2025-07-13T11:45:11.164611Z", "fetched_at": "2025-07-13T11:46:15.918512+00:00", "symbol": "BTC-USD"}, {"trade_id": 848195637, "side": "sell", "size": "0.00020084", "price": "118051.08000000", "time": "2025-07-13T11:45:10.515803Z", "fetched_at": "2025-07-13T11:46:15.918512+00:00", "symbol": "BTC-USD"}, {"trade_id": 848195636, "side": "sell", "size": "0.00004193", "price": "118051.08000000", "time": "2025-07-13T11:45:10.263023Z", "fetched_at": "2025-07-13T11:46:15.918512+00:00", "symbol": "BTC-USD"}, {"trade_id": 848195635, "side": "buy", "size": "0.00203309", "price": "118051.07000000", "time": "2025-07-13T11:45:10.119671Z", "fetched_at": "2025-07-13T11:46:15.918512+00:00", "symbol": "BTC-USD"}, {"trade_id": 848195634, "side": "sell", "size": "0.00025367", "price": "118051.08000000", "time": "2025-07-13T11:45:10.048436Z", "fetched_at": "2025-07-13T11:46:15.918512+00:00", "symbol": "BTC-USD"}, {"trade_id": 848195633, "side": "buy", "size": "0.00000847", "price": "118051.07000000", "time": "2025-07-13T11:45:09.964517Z", "fetched_at": "2025-07-13T11:46:15.918512+00:00", "symbol": "BTC-USD"}, {"trade_id": 848195632, "side": "buy", "size": "0.00173785", "price": "118051.05000000", "time": "2025-07-13T11:45:07.788334Z", "fetched_at": "2025-07-13T11:46:15.918512+00:00", "symbol": "BTC-USD"}, {"trade_id": 848195631, "side": "buy", "size": "0.00247882", "price": "118052.77000000", "time": "2025-07-13T11:45:07.788334Z", "fetched_at": "2025-07-13T11:46:15.918512+00:00", "symbol": "BTC-USD"}, {"trade_id": 848195630, "side": "buy", "size": "0.00002192", "price": "118055.38000000", "time": "2025-07-13T11:45:07.788334Z", "fetched_at": "2025-07-13T11:46:15.918512+00:00", "symbol": "BTC-USD"}, {"trade_id": 848195629, "side": "buy", "size": "0.00000347", "price": "118055.38000000", "time": "2025-07-13T11:45:07.788334Z", "fetched_at": "2025-07-13T11:46:15.918512+00:00", "symbol": "BTC-USD"}, {"trade_id": 848195628, "side": "buy", "size": "0.00001050", "price": "118055.38000000", "time": "2025-07-13T11:45:07.788334Z", "fetched_at": "2025-07-13T11:46:15.918512+00:00", "symbol": "BTC-USD"}, {"trade_id": 848195627, "side": "sell", "size": "0.00000202", "price": "118055.39000000", "time": "2025-07-13T11:45:07.693221Z", "fetched_at": "2025-07-13T11:46:15.918512+00:00", "symbol": "BTC-USD"}, {"trade_id": 848195626, "side": "sell", "size": "0.00045293", "price": "118055.39000000", "time": "2025-07-13T11:45:07.151272Z", "fetched_at": "2025-07-13T11:46:15.918512+00:00", "symbol": "BTC-USD"}, {"trade_id": 848195625, "side": "sell", "size": "0.00011503", "price": "118055.39000000", "time": "2025-07-13T11:45:02.012502Z", "fetched_at": "2025-07-13T11:46:15.918512+00:00", "symbol": "BTC-USD"}, {"trade_id": 848195624, "side": "sell", "size": "0.00000277", "price": "118055.39000000", "time": "2025-07-13T11:45:02.012502Z", "fetched_at": "2025-07-13T11:46:15.918512+00:00", "symbol": "BTC-USD"}, {"trade_id": 848195623, "side": "sell", "size": "0.00000553", "price": "118055.39000000", "time": "2025-07-13T11:45:02.012502Z", "fetched_at": "2025-07-13T11:46:15.918512+00:00", "symbol": "BTC-USD"}, {"trade_id": 848195622, "side": "sell", "size": "0.00000073", "price": "118055.39000000", "time": "2025-07-13T11:45:02.012502Z", "fetched_at": "2025-07-13T11:46:15.918512+00:00", "symbol": "BTC-USD"}, {"trade_id": 848195621, "side": "sell", "size": "0.00000147", "price": "118055.39000000", "time": "2025-07-13T11:45:02.012502Z", "fetched_at": "2025-07-13T11:46:15.918512+00:00", "symbol": "BTC-USD"}, {"trade_id": 848195620, "side": "buy", "size": "0.00215495", "price": "118054.64000000", "time": "2025-07-13T11:45:00.222968Z", "fetched_at": "2025-07-13T11:46:15.918512+00:00", "symbol": "BTC-USD"}, {"trade_id": 848195619, "side": "buy", "size": "0.00000694", "price": "118055.36000000", "time": "2025-07-13T11:45:00.222968Z", "fetched_at": "2025-07-13T11:46:15.918512+00:00", "symbol": "BTC-USD"}, {"trade_id": 848195618, "side": "buy", "size": "0.00000237", "price": "118055.36000000", "time": "2025-07-13T11:45:00.222968Z", "fetched_at": "2025-07-13T11:46:15.918512+00:00", "symbol": "BTC-USD"}, {"trade_id": 848195617, "side": "buy", "size": "0.00002251", "price": "118055.38000000", "time": "2025-07-13T11:45:00.222968Z", "fetched_at": "2025-07-13T11:46:15.918512+00:00", "symbol": "BTC-USD"}, {"trade_id": 848195616, "side": "buy", "size": "0.02645462", "price": "118055.38000000", "time": "2025-07-13T11:45:00.222968Z", "fetched_at": "2025-07-13T11:46:15.918512+00:00", "symbol": "BTC-USD"}, {"trade_id": 848195615, "side": "buy", "size": "0.00022910", "price": "118055.38000000", "time": "2025-07-13T11:44:59.927279Z", "fetched_at": "2025-07-13T11:46:15.918512+00:00", "symbol": "BTC-USD"}, {"trade_id": 848195614, "side": "sell", "size": "0.00030266", "price": "118055.39000000", "time": "2025-07-13T11:44:59.748529Z", "fetched_at": "2025-07-13T11:46:15.918512+00:00", "symbol": "BTC-USD"}, {"trade_id": 848195613, "side": "sell", "size": "0.00000293", "price": "118055.39000000", "time": "2025-07-13T11:44:59.748529Z", "fetched_at": "2025-07-13T11:46:15.918512+00:00", "symbol": "BTC-USD"}, {"trade_id": 848195612, "side": "sell", "size": "0.00000586", "price": "118055.39000000", "time": "2025-07-13T11:44:59.748529Z", "fetched_at": "2025-07-13T11:46:15.918512+00:00", "symbol": "BTC-USD"}, {"trade_id": 848195611, "side": "buy", "size": "0.00300000", "price": "118055.38000000", "time": "2025-07-13T11:44:59.528505Z", "fetched_at": "2025-07-13T11:46:15.918512+00:00", "symbol": "BTC-USD"}, {"trade_id": 848195610, "side": "sell", "size": "0.00262236", "price": "118055.39000000", "time": "2025-07-13T11:44:58.839844Z", "fetched_at": "2025-07-13T11:46:15.918512+00:00", "symbol": "BTC-USD"}, {"trade_id": 848195609, "side": "sell", "size": "0.00001173", "price": "118055.39000000", "time": "2025-07-13T11:44:58.839844Z", "fetched_at": "2025-07-13T11:46:15.918512+00:00", "symbol": "BTC-USD"}, {"trade_id": 848195608, "side": "sell", "size": "0.01741110", "price": "118055.39000000", "time": "2025-07-13T11:44:56.452250Z", "fetched_at": "2025-07-13T11:46:15.918512+00:00", "symbol": "BTC-USD"}, {"trade_id": 848195607, "side": "sell", "size": "0.01250036", "price": "118055.39000000", "time": "2025-07-13T11:44:56.452250Z", "fetched_at": "2025-07-13T11:46:15.918512+00:00", "symbol": "BTC-USD"}, {"trade_id": 848195606, "side": "sell", "size": "0.06480000", "price": "118055.39000000", "time": "2025-07-13T11:44:56.452250Z", "fetched_at": "2025-07-13T11:46:15.918512+00:00", "symbol": "BTC-USD"}, {"trade_id": 848195605, "side": "sell", "size": "0.02132210", "price": "118055.39000000", "time": "2025-07-13T11:44:56.452250Z", "fetched_at": "2025-07-13T11:46:15.918512+00:00", "symbol": "BTC-USD"}, {"trade_id": 848195604, "side": "sell", "size": "0.00419295", "price": "118055.39000000", "time": "2025-07-13T11:44:56.140270Z", "fetched_at": "2025-07-13T11:46:15.918512+00:00", "symbol": "BTC-USD"}, {"trade_id": 848195603, "side": "buy", "size": "0.00199031", "price": "118055.38000000", "time": "2025-07-13T11:44:56.134134Z", "fetched_at": "2025-07-13T11:46:15.918512+00:00", "symbol": "BTC-USD"}, {"trade_id": 848195602, "side": "sell", "size": "0.00000067", "price": "118055.39000000", "time": "2025-07-13T11:44:55.965545Z", "fetched_at": "2025-07-13T11:46:15.918512+00:00", "symbol": "BTC-USD"}, {"trade_id": 848195601, "side": "sell", "size": "0.00151783", "price": "118055.39000000", "time": "2025-07-13T11:44:55.949600Z", "fetched_at": "2025-07-13T11:46:15.918512+00:00", "symbol": "BTC-USD"}, {"trade_id": 848195600, "side": "buy", "size": "0.00020000", "price": "118055.38000000", "time": "2025-07-13T11:44:53.089239Z", "fetched_at": "2025-07-13T11:46:15.918512+00:00", "symbol": "BTC-USD"}, {"trade_id": 848195599, "side": "buy", "size": "0.00012597", "price": "118055.38000000", "time": "2025-07-13T11:44:48.037539Z", "fetched_at": "2025-07-13T11:46:15.918512+00:00", "symbol": "BTC-USD"}, {"trade_id": 848195598, "side": "sell", "size": "0.00209629", "price": "118055.40000000", "time": "2025-07-13T11:44:47.222390Z", "fetched_at": "2025-07-13T11:46:15.918512+00:00", "symbol": "BTC-USD"}, {"trade_id": 848195597, "side": "sell", "size": "0.00040083", "price": "118055.40000000", "time": "2025-07-13T11:44:46.487828Z", "fetched_at": "2025-07-13T11:46:15.918512+00:00", "symbol": "BTC-USD"}, {"trade_id": 848195596, "side": "sell", "size": "0.00043905", "price": "118055.37000000", "time": "2025-07-13T11:44:45.254575Z", "fetched_at": "2025-07-13T11:46:15.918512+00:00", "symbol": "BTC-USD"}, {"trade_id": 848195595, "side": "sell", "size": "0.00000279", "price": "118055.37000000", "time": "2025-07-13T11:44:45.254575Z", "fetched_at": "2025-07-13T11:46:15.918512+00:00", "symbol": "BTC-USD"}, {"trade_id": 848195594, "side": "sell", "size": "0.01112093", "price": "118055.37000000", "time": "2025-07-13T11:44:45.038733Z", "fetched_at": "2025-07-13T11:46:15.918512+00:00", "symbol": "BTC-USD"}, {"trade_id": 848195593, "side": "sell", "size": "0.00000557", "price": "118055.37000000", "time": "2025-07-13T11:44:45.038733Z", "fetched_at": "2025-07-13T11:46:15.918512+00:00", "symbol": "BTC-USD"}, {"trade_id": 848195592, "side": "sell", "size": "0.00000081", "price": "118055.37000000", "time": "2025-07-13T11:44:45.038733Z", "fetched_at": "2025-07-13T11:46:15.918512+00:00", "symbol": "BTC-USD"}, {"trade_id": 848195591, "side": "sell", "size": "0.00000161", "price": "118055.37000000", "time": "2025-07-13T11:44:45.038733Z", "fetched_at": "2025-07-13T11:46:15.918512+00:00", "symbol": "BTC-USD"}, {"trade_id": 848195590, "side": "sell", "size": "0.00000323", "price": "118055.37000000", "time": "2025-07-13T11:44:45.038733Z", "fetched_at": "2025-07-13T11:46:15.918512+00:00", "symbol": "BTC-USD"}, {"trade_id": 848195589, "side": "sell", "size": "0.00000646", "price": "118055.37000000", "time": "2025-07-13T11:44:45.038733Z", "fetched_at": "2025-07-13T11:46:15.918512+00:00", "symbol": "BTC-USD"}, {"trade_id": 848195588, "side": "sell", "size": "0.03000000", "price": "118055.37000000", "time": "2025-07-13T11:44:45.038733Z", "fetched_at": "2025-07-13T11:46:15.918512+00:00", "symbol": "BTC-USD"}, {"trade_id": 848195587, "side": "sell", "size": "0.00001292", "price": "118055.37000000", "time": "2025-07-13T11:44:45.038733Z", "fetched_at": "2025-07-13T11:46:15.918512+00:00", "symbol": "BTC-USD"}, {"trade_id": 848195586, "side": "sell", "size": "0.00000628", "price": "118055.37000000", "time": "2025-07-13T11:44:45.038733Z", "fetched_at": "2025-07-13T11:46:15.918512+00:00", "symbol": "BTC-USD"}, {"trade_id": 848195585, "side": "buy", "size": "0.00165008", "price": "118052.77000000", "time": "2025-07-13T11:44:43.653264Z", "fetched_at": "2025-07-13T11:46:15.918512+00:00", "symbol": "BTC-USD"}, {"trade_id": 848195584, "side": "buy", "size": "0.00073380", "price": "118052.87000000", "time": "2025-07-13T11:44:43.653264Z", "fetched_at": "2025-07-13T11:46:15.918512+00:00", "symbol": "BTC-USD"}, {"trade_id": 848195583, "side": "buy", "size": "0.00001677", "price": "118052.98000000", "time": "2025-07-13T11:44:43.653264Z", "fetched_at": "2025-07-13T11:46:15.918512+00:00", "symbol": "BTC-USD"}, {"trade_id": 848195582, "side": "buy", "size": "0.00005006", "price": "118052.98000000", "time": "2025-07-13T11:44:43.653264Z", "fetched_at": "2025-07-13T11:46:15.918512+00:00", "symbol": "BTC-USD"}, {"trade_id": 848195581, "side": "buy", "size": "0.01428902", "price": "118052.98000000", "time": "2025-07-13T11:44:43.653264Z", "fetched_at": "2025-07-13T11:46:15.918512+00:00", "symbol": "BTC-USD"}, {"trade_id": 848195580, "side": "buy", "size": "0.00008471", "price": "118052.99000000", "time": "2025-07-13T11:44:43.653264Z", "fetched_at": "2025-07-13T11:46:15.918512+00:00", "symbol": "BTC-USD"}, {"trade_id": 848195579, "side": "buy", "size": "0.00054063", "price": "118055.36000000", "time": "2025-07-13T11:44:43.653264Z", "fetched_at": "2025-07-13T11:46:15.918512+00:00", "symbol": "BTC-USD"}, {"trade_id": 848195578, "side": "buy", "size": "0.00003769", "price": "118055.36000000", "time": "2025-07-13T11:44:42.337448Z", "fetched_at": "2025-07-13T11:46:15.918512+00:00", "symbol": "BTC-USD"}, {"trade_id": 848195577, "side": "sell", "size": "0.00000922", "price": "118055.37000000", "time": "2025-07-13T11:44:42.043492Z", "fetched_at": "2025-07-13T11:46:15.918512+00:00", "symbol": "BTC-USD"}, {"trade_id": 848195576, "side": "buy", "size": "0.00116948", "price": "118055.36000000", "time": "2025-07-13T11:44:39.611004Z", "fetched_at": "2025-07-13T11:46:15.918512+00:00", "symbol": "BTC-USD"}, {"trade_id": 848195575, "side": "sell", "size": "0.00002202", "price": "118055.37000000", "time": "2025-07-13T11:44:38.822227Z", "fetched_at": "2025-07-13T11:46:15.918512+00:00", "symbol": "BTC-USD"}, {"trade_id": 848195574, "side": "sell", "size": "0.00000016", "price": "118055.37000000", "time": "2025-07-13T11:44:38.008584Z", "fetched_at": "2025-07-13T11:46:15.918512+00:00", "symbol": "BTC-USD"}, {"trade_id": 848195573, "side": "sell", "size": "0.00045257", "price": "118055.37000000", "time": "2025-07-13T11:44:37.991841Z", "fetched_at": "2025-07-13T11:46:15.918512+00:00", "symbol": "BTC-USD"}, {"trade_id": 848195572, "side": "sell", "size": "0.00050202", "price": "118052.99000000", "time": "2025-07-13T11:44:32.694127Z", "fetched_at": "2025-07-13T11:46:15.918512+00:00", "symbol": "BTC-USD"}, {"trade_id": 848195571, "side": "sell", "size": "0.00024694", "price": "118054.69000000", "time": "2025-07-13T11:44:31.554269Z", "fetched_at": "2025-07-13T11:46:15.918512+00:00", "symbol": "BTC-USD"}, {"trade_id": 848195570, "side": "buy", "size": "0.00033551", "price": "118054.68000000", "time": "2025-07-13T11:44:31.489680Z", "fetched_at": "2025-07-13T11:46:15.918512+00:00", "symbol": "BTC-USD"}, {"trade_id": 848195569, "side": "buy", "size": "0.00008471", "price": "118054.79000000", "time": "2025-07-13T11:44:31.489680Z", "fetched_at": "2025-07-13T11:46:15.918512+00:00", "symbol": "BTC-USD"}, {"trade_id": 848195568, "side": "buy", "size": "0.00000084", "price": "118054.79000000", "time": "2025-07-13T11:44:31.489680Z", "fetched_at": "2025-07-13T11:46:15.918512+00:00", "symbol": "BTC-USD"}, {"trade_id": 848195567, "side": "buy", "size": "0.00000245", "price": "118054.79000000", "time": "2025-07-13T11:44:31.489680Z", "fetched_at": "2025-07-13T11:46:15.918512+00:00", "symbol": "BTC-USD"}, {"trade_id": 848195566, "side": "buy", "size": "0.00021998", "price": "118056.74000000", "time": "2025-07-13T11:44:31.365971Z", "fetched_at": "2025-07-13T11:46:15.918512+00:00", "symbol": "BTC-USD"}, {"trade_id": 848195565, "side": "buy", "size": "0.03278829", "price": "118056.74000000", "time": "2025-07-13T11:44:31.365866Z", "fetched_at": "2025-07-13T11:46:15.918512+00:00", "symbol": "BTC-USD"}, {"trade_id": 848195564, "side": "buy", "size": "0.01299173", "price": "118056.74000000", "time": "2025-07-13T11:44:31.365856Z", "fetched_at": "2025-07-13T11:46:15.918512+00:00", "symbol": "BTC-USD"}, {"trade_id": 848195563, "side": "buy", "size": "0.00008471", "price": "118058.47000000", "time": "2025-07-13T11:44:31.365856Z", "fetched_at": "2025-07-13T11:46:15.918512+00:00", "symbol": "BTC-USD"}, {"trade_id": 848195562, "side": "buy", "size": "0.00325096", "price": "118058.47000000", "time": "2025-07-13T11:44:31.365856Z", "fetched_at": "2025-07-13T11:46:15.918512+00:00", "symbol": "BTC-USD"}, {"trade_id": 848195561, "side": "buy", "size": "0.00008471", "price": "118059.65000000", "time": "2025-07-13T11:44:31.285761Z", "fetched_at": "2025-07-13T11:46:15.918512+00:00", "symbol": "BTC-USD"}, {"trade_id": 848195560, "side": "buy", "size": "0.00449935", "price": "118059.65000000", "time": "2025-07-13T11:44:31.285761Z", "fetched_at": "2025-07-13T11:46:15.918512+00:00", "symbol": "BTC-USD"}, {"trade_id": 848195559, "side": "sell", "size": "0.00411545", "price": "118059.66000000", "time": "2025-07-13T11:44:31.104990Z", "fetched_at": "2025-07-13T11:46:15.918512+00:00", "symbol": "BTC-USD"}, {"trade_id": 848195558, "side": "sell", "size": "0.00030186", "price": "118059.66000000", "time": "2025-07-13T11:44:30.929819Z", "fetched_at": "2025-07-13T11:46:15.918512+00:00", "symbol": "BTC-USD"}, {"trade_id": 848195557, "side": "buy", "size": "0.00051168", "price": "118059.65000000", "time": "2025-07-13T11:44:29.714898Z", "fetched_at": "2025-07-13T11:46:15.918512+00:00", "symbol": "BTC-USD"}, {"trade_id": 848195556, "side": "buy", "size": "0.00002191", "price": "118059.76000000", "time": "2025-07-13T11:44:29.714898Z", "fetched_at": "2025-07-13T11:46:15.918512+00:00", "symbol": "BTC-USD"}, {"trade_id": 848195555, "side": "buy", "size": "0.00008471", "price": "118059.76000000", "time": "2025-07-13T11:44:29.714898Z", "fetched_at": "2025-07-13T11:46:15.918512+00:00", "symbol": "BTC-USD"}, {"trade_id": 848195554, "side": "sell", "size": "0.30071345", "price": "118059.77000000", "time": "2025-07-13T11:44:27.978417Z", "fetched_at": "2025-07-13T11:46:15.918512+00:00", "symbol": "BTC-USD"}, {"trade_id": 848195553, "side": "sell", "size": "0.00008175", "price": "118059.77000000", "time": "2025-07-13T11:44:27.623429Z", "fetched_at": "2025-07-13T11:46:15.918512+00:00", "symbol": "BTC-USD"}, {"trade_id": 848195552, "side": "buy", "size": "0.02505515", "price": "118065.33000000", "time": "2025-07-13T11:44:27.364498Z", "fetched_at": "2025-07-13T11:46:15.918512+00:00", "symbol": "BTC-USD"}, {"trade_id": 848195551, "side": "buy", "size": "0.00519300", "price": "118065.44000000", "time": "2025-07-13T11:44:27.364498Z", "fetched_at": "2025-07-13T11:46:15.918512+00:00", "symbol": "BTC-USD"}, {"trade_id": 848195550, "side": "buy", "size": "0.00216468", "price": "118065.44000000", "time": "2025-07-13T11:44:27.154975Z", "fetched_at": "2025-07-13T11:46:15.918512+00:00", "symbol": "BTC-USD"}, {"trade_id": 848195549, "side": "buy", "size": "0.00008470", "price": "118065.45000000", "time": "2025-07-13T11:44:27.154975Z", "fetched_at": "2025-07-13T11:46:15.918512+00:00", "symbol": "BTC-USD"}, {"trade_id": 848195548, "side": "sell", "size": "0.00001660", "price": "118066.10000000", "time": "2025-07-13T11:44:26.582754Z", "fetched_at": "2025-07-13T11:46:15.918512+00:00", "symbol": "BTC-USD"}, {"trade_id": 848195547, "side": "sell", "size": "0.23471726", "price": "118067.21000000", "time": "2025-07-13T11:44:25.281077Z", "fetched_at": "2025-07-13T11:46:15.918512+00:00", "symbol": "BTC-USD"}, {"trade_id": 848195546, "side": "sell", "size": "0.00298314", "price": "118066.82000000", "time": "2025-07-13T11:44:25.281077Z", "fetched_at": "2025-07-13T11:46:15.918512+00:00", "symbol": "BTC-USD"}, {"trade_id": 848195545, "side": "sell", "size": "0.06282513", "price": "118066.33000000", "time": "2025-07-13T11:44:25.281077Z", "fetched_at": "2025-07-13T11:46:15.918512+00:00", "symbol": "BTC-USD"}, {"trade_id": 848195544, "side": "sell", "size": "0.02507972", "price": "118066.32000000", "time": "2025-07-13T11:44:25.281077Z", "fetched_at": "2025-07-13T11:46:15.918512+00:00", "symbol": "BTC-USD"}, {"trade_id": 848195543, "side": "sell", "size": "0.00004903", "price": "118066.31000000", "time": "2025-07-13T11:44:25.281077Z", "fetched_at": "2025-07-13T11:46:15.918512+00:00", "symbol": "BTC-USD"}, {"trade_id": 848195542, "side": "sell", "size": "0.34218669", "price": "118065.45000000", "time": "2025-07-13T11:44:25.281077Z", "fetched_at": "2025-07-13T11:46:15.918512+00:00", "symbol": "BTC-USD"}, {"trade_id": 848195541, "side": "sell", "size": "0.00008175", "price": "118065.45000000", "time": "2025-07-13T11:44:24.680213Z", "fetched_at": "2025-07-13T11:46:15.918512+00:00", "symbol": "BTC-USD"}, {"trade_id": 848195540, "side": "buy", "size": "0.00045289", "price": "118065.44000000", "time": "2025-07-13T11:44:24.131913Z", "fetched_at": "2025-07-13T11:46:15.918512+00:00", "symbol": "BTC-USD"}, {"trade_id": 848195539, "side": "sell", "size": "0.00004156", "price": "118065.45000000", "time": "2025-07-13T11:44:23.490922Z", "fetched_at": "2025-07-13T11:46:15.918512+00:00", "symbol": "BTC-USD"}, {"trade_id": 848195538, "side": "buy", "size": "0.00846975", "price": "118066.32000000", "time": "2025-07-13T11:44:22.390887Z", "fetched_at": "2025-07-13T11:46:15.918512+00:00", "symbol": "BTC-USD"}, {"trade_id": 848195537, "side": "sell", "size": "0.04963241", "price": "118066.33000000", "time": "2025-07-13T11:44:19.734627Z", "fetched_at": "2025-07-13T11:46:15.918512+00:00", "symbol": "BTC-USD"}, {"trade_id": 848195536, "side": "sell", "size": "0.03267487", "price": "118066.33000000", "time": "2025-07-13T11:44:19.734627Z", "fetched_at": "2025-07-13T11:46:15.918512+00:00", "symbol": "BTC-USD"}, {"trade_id": 848195535, "side": "sell", "size": "0.00001507", "price": "118066.33000000", "time": "2025-07-13T11:44:19.254379Z", "fetched_at": "2025-07-13T11:46:15.918512+00:00", "symbol": "BTC-USD"}, {"trade_id": 848195534, "side": "buy", "size": "0.00152818", "price": "118066.32000000", "time": "2025-07-13T11:44:19.185829Z", "fetched_at": "2025-07-13T11:46:15.918512+00:00", "symbol": "BTC-USD"}, {"trade_id": 848195533, "side": "sell", "size": "0.00004193", "price": "118067.22000000", "time": "2025-07-13T11:44:16.613354Z", "fetched_at": "2025-07-13T11:46:15.918512+00:00", "symbol": "BTC-USD"}, {"trade_id": 848195532, "side": "sell", "size": "0.00045289", "price": "118067.27000000", "time": "2025-07-13T11:44:15.756754Z", "fetched_at": "2025-07-13T11:46:15.918512+00:00", "symbol": "BTC-USD"}, {"trade_id": 848195531, "side": "sell", "size": "0.00002115", "price": "118067.24000000", "time": "2025-07-13T11:44:15.085043Z", "fetched_at": "2025-07-13T11:46:15.918512+00:00", "symbol": "BTC-USD"}, {"trade_id": 848195530, "side": "sell", "size": "0.00003932", "price": "118067.23000000", "time": "2025-07-13T11:44:15.085043Z", "fetched_at": "2025-07-13T11:46:15.918512+00:00", "symbol": "BTC-USD"}, {"trade_id": 848195529, "side": "sell", "size": "0.00083851", "price": "118067.06000000", "time": "2025-07-13T11:44:14.754259Z", "fetched_at": "2025-07-13T11:46:15.918512+00:00", "symbol": "BTC-USD"}, {"trade_id": 848195528, "side": "sell", "size": "0.00004300", "price": "118067.07000000", "time": "2025-07-13T11:44:14.657713Z", "fetched_at": "2025-07-13T11:46:15.918512+00:00", "symbol": "BTC-USD"}, {"trade_id": 848195527, "side": "sell", "size": "0.00074456", "price": "118067.05000000", "time": "2025-07-13T11:44:14.256430Z", "fetched_at": "2025-07-13T11:46:15.918512+00:00", "symbol": "BTC-USD"}, {"trade_id": 848195526, "side": "sell", "size": "0.00004125", "price": "118066.33000000", "time": "2025-07-13T11:44:14.256430Z", "fetched_at": "2025-07-13T11:46:15.918512+00:00", "symbol": "BTC-USD"}, {"trade_id": 848195525, "side": "sell", "size": "0.00004044", "price": "118067.75000000", "time": "2025-07-13T11:44:12.611338Z", "fetched_at": "2025-07-13T11:46:15.918512+00:00", "symbol": "BTC-USD"}, {"trade_id": 848195524, "side": "sell", "size": "0.00004131", "price": "118066.35000000", "time": "2025-07-13T11:44:12.611338Z", "fetched_at": "2025-07-13T11:46:15.918512+00:00", "symbol": "BTC-USD"}, {"trade_id": 848195523, "side": "sell", "size": "0.00012578", "price": "118067.78000000", "time": "2025-07-13T11:44:12.317003Z", "fetched_at": "2025-07-13T11:46:15.918512+00:00", "symbol": "BTC-USD"}, {"trade_id": 848195522, "side": "sell", "size": "0.00024099", "price": "118066.33000000", "time": "2025-07-13T11:44:11.008376Z", "fetched_at": "2025-07-13T11:46:15.918512+00:00", "symbol": "BTC-USD"}, {"trade_id": 848195521, "side": "buy", "size": "0.03618943", "price": "118065.44000000", "time": "2025-07-13T11:44:10.012247Z", "fetched_at": "2025-07-13T11:46:15.918512+00:00", "symbol": "BTC-USD"}, {"trade_id": 848195520, "side": "buy", "size": "0.16098104", "price": "118066.05000000", "time": "2025-07-13T11:44:10.012247Z", "fetched_at": "2025-07-13T11:46:15.918512+00:00", "symbol": "BTC-USD"}, {"trade_id": 848195519, "side": "buy", "size": "0.00116398", "price": "118066.06000000", "time": "2025-07-13T11:44:10.012247Z", "fetched_at": "2025-07-13T11:46:15.918512+00:00", "symbol": "BTC-USD"}, {"trade_id": 848195518, "side": "buy", "size": "0.00011746", "price": "118066.08000000", "time": "2025-07-13T11:44:10.012247Z", "fetched_at": "2025-07-13T11:46:15.918512+00:00", "symbol": "BTC-USD"}, {"trade_id": 848195517, "side": "buy", "size": "0.00006339", "price": "118066.25000000", "time": "2025-07-13T11:44:10.012247Z", "fetched_at": "2025-07-13T11:46:15.918512+00:00", "symbol": "BTC-USD"}, {"trade_id": 848195516, "side": "buy", "size": "0.03500000", "price": "118066.28000000", "time": "2025-07-13T11:44:10.012247Z", "fetched_at": "2025-07-13T11:46:15.918512+00:00", "symbol": "BTC-USD"}, {"trade_id": 848195515, "side": "buy", "size": "0.00008470", "price": "118066.29000000", "time": "2025-07-13T11:44:10.012247Z", "fetched_at": "2025-07-13T11:46:15.918512+00:00", "symbol": "BTC-USD"}, {"trade_id": 848195514, "side": "sell", "size": "0.00020577", "price": "118066.68000000", "time": "2025-07-13T11:44:09.402057Z", "fetched_at": "2025-07-13T11:46:15.918512+00:00", "symbol": "BTC-USD"}, {"trade_id": 848195513, "side": "sell", "size": "0.00000822", "price": "118066.69000000", "time": "2025-07-13T11:44:05.273467Z", "fetched_at": "2025-07-13T11:46:15.918512+00:00", "symbol": "BTC-USD"}, {"trade_id": 848195512, "side": "sell", "size": "0.00020577", "price": "118066.69000000", "time": "2025-07-13T11:44:05.235130Z", "fetched_at": "2025-07-13T11:46:15.918512+00:00", "symbol": "BTC-USD"}, {"trade_id": 848195511, "side": "sell", "size": "0.00277158", "price": "118066.09000000", "time": "2025-07-13T11:44:04.332512Z", "fetched_at": "2025-07-13T11:46:15.918512+00:00", "symbol": "BTC-USD"}, {"trade_id": 848195510, "side": "sell", "size": "0.00400000", "price": "118066.69000000", "time": "2025-07-13T11:44:02.993831Z", "fetched_at": "2025-07-13T11:46:15.918512+00:00", "symbol": "BTC-USD"}, {"trade_id": 848195509, "side": "sell", "size": "0.00036148", "price": "118066.69000000", "time": "2025-07-13T11:44:02.799552Z", "fetched_at": "2025-07-13T11:46:15.918512+00:00", "symbol": "BTC-USD"}, {"trade_id": 848195508, "side": "sell", "size": "0.00020082", "price": "118066.69000000", "time": "2025-07-13T11:44:00.556835Z", "fetched_at": "2025-07-13T11:46:15.918512+00:00", "symbol": "BTC-USD"}, {"trade_id": 848195507, "side": "sell", "size": "0.00411343", "price": "118066.69000000", "time": "2025-07-13T11:44:00.089740Z", "fetched_at": "2025-07-13T11:46:15.918512+00:00", "symbol": "BTC-USD"}, {"trade_id": 848195506, "side": "buy", "size": "0.00008470", "price": "118067.46000000", "time": "2025-07-13T11:43:59.932724Z", "fetched_at": "2025-07-13T11:46:15.918512+00:00", "symbol": "BTC-USD"}, {"trade_id": 848195505, "side": "buy", "size": "0.00104187", "price": "118067.46000000", "time": "2025-07-13T11:43:59.932724Z", "fetched_at": "2025-07-13T11:46:15.918512+00:00", "symbol": "BTC-USD"}, {"trade_id": 848195504, "side": "buy", "size": "0.00012211", "price": "118067.46000000", "time": "2025-07-13T11:43:59.799546Z", "fetched_at": "2025-07-13T11:46:15.918512+00:00", "symbol": "BTC-USD"}, {"trade_id": 848195503, "side": "buy", "size": "0.00008470", "price": "118067.63000000", "time": "2025-07-13T11:43:59.799546Z", "fetched_at": "2025-07-13T11:46:15.918512+00:00", "symbol": "BTC-USD"}, {"trade_id": 848195502, "side": "sell", "size": "0.00080596", "price": "118067.74000000", "time": "2025-07-13T11:43:52.352546Z", "fetched_at": "2025-07-13T11:46:15.918512+00:00", "symbol": "BTC-USD"}, {"trade_id": 848195501, "side": "sell", "size": "0.00001680", "price": "118067.46000000", "time": "2025-07-13T11:43:52.352546Z", "fetched_at": "2025-07-13T11:46:15.918512+00:00", "symbol": "BTC-USD"}, {"trade_id": 848195500, "side": "sell", "size": "0.00019485", "price": "118067.98000000", "time": "2025-07-13T11:43:51.256353Z", "fetched_at": "2025-07-13T11:46:15.918512+00:00", "symbol": "BTC-USD"}, {"trade_id": 848195499, "side": "sell", "size": "0.00002664", "price": "118067.97000000", "time": "2025-07-13T11:43:51.256353Z", "fetched_at": "2025-07-13T11:46:15.918512+00:00", "symbol": "BTC-USD"}, {"trade_id": 848195498, "side": "sell", "size": "0.00168640", "price": "118067.99000000", "time": "2025-07-13T11:43:50.091225Z", "fetched_at": "2025-07-13T11:46:15.918512+00:00", "symbol": "BTC-USD"}, {"trade_id": 848195497, "side": "buy", "size": "0.00099602", "price": "118066.07000000", "time": "2025-07-13T11:43:48.321040Z", "fetched_at": "2025-07-13T11:46:15.918512+00:00", "symbol": "BTC-USD"}, {"trade_id": 848195496, "side": "sell", "size": "0.00039289", "price": "118067.77000000", "time": "2025-07-13T11:43:47.942135Z", "fetched_at": "2025-07-13T11:46:15.918512+00:00", "symbol": "BTC-USD"}, {"trade_id": 848195495, "side": "sell", "size": "0.00001864", "price": "118067.77000000", "time": "2025-07-13T11:43:47.942135Z", "fetched_at": "2025-07-13T11:46:15.918512+00:00", "symbol": "BTC-USD"}, {"trade_id": 848195494, "side": "sell", "size": "0.00000304", "price": "118066.08000000", "time": "2025-07-13T11:43:47.245619Z", "fetched_at": "2025-07-13T11:46:15.918512+00:00", "symbol": "BTC-USD"}, {"trade_id": 848195493, "side": "sell", "size": "0.00752802", "price": "118066.08000000", "time": "2025-07-13T11:43:47.227268Z", "fetched_at": "2025-07-13T11:46:15.918512+00:00", "symbol": "BTC-USD"}, {"trade_id": 848195492, "side": "sell", "size": "0.00036147", "price": "118066.08000000", "time": "2025-07-13T11:43:46.906319Z", "fetched_at": "2025-07-13T11:46:15.918512+00:00", "symbol": "BTC-USD"}, {"trade_id": 848195491, "side": "sell", "size": "0.00001650", "price": "118066.08000000", "time": "2025-07-13T11:43:45.117259Z", "fetched_at": "2025-07-13T11:46:15.918512+00:00", "symbol": "BTC-USD"}, {"trade_id": 848195490, "side": "buy", "size": "0.00411698", "price": "118066.05000000", "time": "2025-07-13T11:43:44.268265Z", "fetched_at": "2025-07-13T11:46:15.918512+00:00", "symbol": "BTC-USD"}, {"trade_id": 848195489, "side": "buy", "size": "0.00008470", "price": "118066.06000000", "time": "2025-07-13T11:43:44.268265Z", "fetched_at": "2025-07-13T11:46:15.918512+00:00", "symbol": "BTC-USD"}, {"trade_id": 848195488, "side": "buy", "size": "0.00016943", "price": "118066.05000000", "time": "2025-07-13T11:43:44.168985Z", "fetched_at": "2025-07-13T11:46:15.918512+00:00", "symbol": "BTC-USD"}, {"trade_id": 848195487, "side": "buy", "size": "0.00008470", "price": "118066.68000000", "time": "2025-07-13T11:43:44.168985Z", "fetched_at": "2025-07-13T11:46:15.918512+00:00", "symbol": "BTC-USD"}, {"trade_id": 848195486, "side": "buy", "size": "0.00004183", "price": "118068.87000000", "time": "2025-07-13T11:43:44.048972Z", "fetched_at": "2025-07-13T11:46:15.918512+00:00", "symbol": "BTC-USD"}, {"trade_id": 848195485, "side": "sell", "size": "0.00008016", "price": "118068.95000000", "time": "2025-07-13T11:43:43.490933Z", "fetched_at": "2025-07-13T11:46:15.918512+00:00", "symbol": "BTC-USD"}, {"trade_id": 848195484, "side": "sell", "size": "0.02466926", "price": "118068.95000000", "time": "2025-07-13T11:43:42.982207Z", "fetched_at": "2025-07-13T11:46:15.918512+00:00", "symbol": "BTC-USD"}, {"trade_id": 848195483, "side": "sell", "size": "0.00113199", "price": "118068.97000000", "time": "2025-07-13T11:43:42.472475Z", "fetched_at": "2025-07-13T11:46:15.918512+00:00", "symbol": "BTC-USD"}, {"trade_id": 848195482, "side": "buy", "size": "0.02856463", "price": "118068.96000000", "time": "2025-07-13T11:43:42.096215Z", "fetched_at": "2025-07-13T11:46:15.918512+00:00", "symbol": "BTC-USD"}, {"trade_id": 848195481, "side": "buy", "size": "0.02138581", "price": "118068.96000000", "time": "2025-07-13T11:43:42.095376Z", "fetched_at": "2025-07-13T11:46:15.918512+00:00", "symbol": "BTC-USD"}, {"trade_id": 848195480, "side": "sell", "size": "0.00083688", "price": "118068.97000000", "time": "2025-07-13T11:43:41.757593Z", "fetched_at": "2025-07-13T11:46:15.918512+00:00", "symbol": "BTC-USD"}, {"trade_id": 848195479, "side": "sell", "size": "0.00000076", "price": "118068.97000000", "time": "2025-07-13T11:43:40.844498Z", "fetched_at": "2025-07-13T11:46:15.918512+00:00", "symbol": "BTC-USD"}, {"trade_id": 848195478, "side": "sell", "size": "0.00195714", "price": "118068.97000000", "time": "2025-07-13T11:43:40.827989Z", "fetched_at": "2025-07-13T11:46:15.918512+00:00", "symbol": "BTC-USD"}, {"trade_id": 848195477, "side": "sell", "size": "0.00177657", "price": "118068.97000000", "time": "2025-07-13T11:43:40.190206Z", "fetched_at": "2025-07-13T11:46:15.918512+00:00", "symbol": "BTC-USD"}, {"trade_id": 848195476, "side": "sell", "size": "0.00241588", "price": "118068.97000000", "time": "2025-07-13T11:43:40.190206Z", "fetched_at": "2025-07-13T11:46:15.918512+00:00", "symbol": "BTC-USD"}, {"trade_id": 848195475, "side": "sell", "size": "0.00020966", "price": "118068.97000000", "time": "2025-07-13T11:43:38.557159Z", "fetched_at": "2025-07-13T11:46:15.918512+00:00", "symbol": "BTC-USD"}, {"trade_id": 848195474, "side": "buy", "size": "0.00000179", "price": "118068.96000000", "time": "2025-07-13T11:43:35.894560Z", "fetched_at": "2025-07-13T11:46:15.918512+00:00", "symbol": "BTC-USD"}, {"trade_id": 848195473, "side": "buy", "size": "0.00018191", "price": "118068.96000000", "time": "2025-07-13T11:43:35.534325Z", "fetched_at": "2025-07-13T11:46:15.918512+00:00", "symbol": "BTC-USD"}, {"trade_id": 848195472, "side": "sell", "size": "0.00007477", "price": "118075.57000000", "time": "2025-07-13T11:43:32.556774Z", "fetched_at": "2025-07-13T11:46:15.918512+00:00", "symbol": "BTC-USD"}, {"trade_id": 848195471, "side": "sell", "size": "0.00013442", "price": "118069.75000000", "time": "2025-07-13T11:43:32.556774Z", "fetched_at": "2025-07-13T11:46:15.918512+00:00", "symbol": "BTC-USD"}, {"trade_id": 848195470, "side": "sell", "size": "0.00083844", "price": "118066.05000000", "time": "2025-07-13T11:43:27.683371Z", "fetched_at": "2025-07-13T11:46:15.918512+00:00", "symbol": "BTC-USD"}, {"trade_id": 848195469, "side": "sell", "size": "0.01642405", "price": "118067.25000000", "time": "2025-07-13T11:43:26.809354Z", "fetched_at": "2025-07-13T11:46:15.918512+00:00", "symbol": "BTC-USD"}, {"trade_id": 848195468, "side": "sell", "size": "0.00003856", "price": "118062.01000000", "time": "2025-07-13T11:43:26.809354Z", "fetched_at": "2025-07-13T11:46:15.918512+00:00", "symbol": "BTC-USD"}, {"trade_id": 848195467, "side": "sell", "size": "0.02514048", "price": "118063.35000000", "time": "2025-07-13T11:43:25.848439Z", "fetched_at": "2025-07-13T11:46:15.918512+00:00", "symbol": "BTC-USD"}, {"trade_id": 848195466, "side": "sell", "size": "0.00001187", "price": "118062.01000000", "time": "2025-07-13T11:43:25.848439Z", "fetched_at": "2025-07-13T11:46:15.918512+00:00", "symbol": "BTC-USD"}, {"trade_id": 848195465, "side": "sell", "size": "0.00007219", "price": "118064.87000000", "time": "2025-07-13T11:43:24.140895Z", "fetched_at": "2025-07-13T11:46:15.918512+00:00", "symbol": "BTC-USD"}, {"trade_id": 848195464, "side": "sell", "size": "0.00008471", "price": "118062.14000000", "time": "2025-07-13T11:43:24.140895Z", "fetched_at": "2025-07-13T11:46:15.918512+00:00", "symbol": "BTC-USD"}, {"trade_id": 848195463, "side": "sell", "size": "0.00008413", "price": "118062.14000000", "time": "2025-07-13T11:43:24.140895Z", "fetched_at": "2025-07-13T11:46:15.918512+00:00", "symbol": "BTC-USD"}, {"trade_id": 848195462, "side": "sell", "size": "0.00001258", "price": "118062.14000000", "time": "2025-07-13T11:43:23.830688Z", "fetched_at": "2025-07-13T11:46:15.918512+00:00", "symbol": "BTC-USD"}, {"trade_id": 848195461, "side": "sell", "size": "0.00001660", "price": "118062.14000000", "time": "2025-07-13T11:43:23.685724Z", "fetched_at": "2025-07-13T11:46:15.918512+00:00", "symbol": "BTC-USD"}, {"trade_id": 848195460, "side": "sell", "size": "0.00001677", "price": "118062.14000000", "time": "2025-07-13T11:43:23.557429Z", "fetched_at": "2025-07-13T11:46:15.918512+00:00", "symbol": "BTC-USD"}, {"trade_id": 848195459, "side": "sell", "size": "0.00004017", "price": "118062.14000000", "time": "2025-07-13T11:43:23.354446Z", "fetched_at": "2025-07-13T11:46:15.918512+00:00", "symbol": "BTC-USD"}, {"trade_id": 848195458, "side": "sell", "size": "0.05760453", "price": "118062.12000000", "time": "2025-07-13T11:43:22.556741Z", "fetched_at": "2025-07-13T11:46:15.918512+00:00", "symbol": "BTC-USD"}, {"trade_id": 848195457, "side": "sell", "size": "0.00016397", "price": "118054.80000000", "time": "2025-07-13T11:43:20.959582Z", "fetched_at": "2025-07-13T11:46:15.918512+00:00", "symbol": "BTC-USD"}, {"trade_id": 848195456, "side": "buy", "size": "0.02560000", "price": "118045.37000000", "time": "2025-07-13T11:43:19.380185Z", "fetched_at": "2025-07-13T11:46:15.918512+00:00", "symbol": "BTC-USD"}, {"trade_id": 848195455, "side": "buy", "size": "0.02818752", "price": "118046.27000000", "time": "2025-07-13T11:43:19.376734Z", "fetched_at": "2025-07-13T11:46:15.918512+00:00", "symbol": "BTC-USD"}, {"trade_id": 848195454, "side": "buy", "size": "0.00008470", "price": "118071.28000000", "time": "2025-07-13T11:43:19.373604Z", "fetched_at": "2025-07-13T11:46:15.918512+00:00", "symbol": "BTC-USD"}, {"trade_id": 848195453, "side": "sell", "size": "0.02421907", "price": "118056.68000000", "time": "2025-07-13T11:43:19.296736Z", "fetched_at": "2025-07-13T11:46:15.918512+00:00", "symbol": "BTC-USD"}, {"trade_id": 848195452, "side": "buy", "size": "0.01793034", "price": "118046.24000000", "time": "2025-07-13T11:43:19.249327Z", "fetched_at": "2025-07-13T11:46:15.918512+00:00", "symbol": "BTC-USD"}, {"trade_id": 848195451, "side": "buy", "size": "0.01270613", "price": "118053.12000000", "time": "2025-07-13T11:43:19.249327Z", "fetched_at": "2025-07-13T11:46:15.918512+00:00", "symbol": "BTC-USD"}, {"trade_id": 848195450, "side": "buy", "size": "0.00323711", "price": "118064.90000000", "time": "2025-07-13T11:43:19.249327Z", "fetched_at": "2025-07-13T11:46:15.918512+00:00", "symbol": "BTC-USD"}, {"trade_id": 848195449, "side": "buy", "size": "0.16469646", "price": "117962.42000000", "time": "2025-07-13T11:43:19.232925Z", "fetched_at": "2025-07-13T11:46:15.918512+00:00", "symbol": "BTC-USD"}, {"trade_id": 848195448, "side": "buy", "size": "0.59296429", "price": "117963.56000000", "time": "2025-07-13T11:43:19.232925Z", "fetched_at": "2025-07-13T11:46:15.918512+00:00", "symbol": "BTC-USD"}, {"trade_id": 848195447, "side": "buy", "size": "0.91988377", "price": "117963.57000000", "time": "2025-07-13T11:43:19.232925Z", "fetched_at": "2025-07-13T11:46:15.918512+00:00", "symbol": "BTC-USD"}, {"trade_id": 848195446, "side": "buy", "size": "0.00042343", "price": "117963.58000000", "time": "2025-07-13T11:43:19.232925Z", "fetched_at": "2025-07-13T11:46:15.918512+00:00", "symbol": "BTC-USD"}, {"trade_id": 848195445, "side": "buy", "size": "0.00001000", "price": "117970.50000000", "time": "2025-07-13T11:43:19.232925Z", "fetched_at": "2025-07-13T11:46:15.918512+00:00", "symbol": "BTC-USD"}, {"trade_id": 848195444, "side": "buy", "size": "0.06480000", "price": "117972.04000000", "time": "2025-07-13T11:43:19.232925Z", "fetched_at": "2025-07-13T11:46:15.918512+00:00", "symbol": "BTC-USD"}, {"trade_id": 848195443, "side": "buy", "size": "2.39795378", "price": "117975.01000000", "time": "2025-07-13T11:43:19.232925Z", "fetched_at": "2025-07-13T11:46:15.918512+00:00", "symbol": "BTC-USD"}, {"trade_id": 848195442, "side": "buy", "size": "1.48541671", "price": "117975.02000000", "time": "2025-07-13T11:43:19.232925Z", "fetched_at": "2025-07-13T11:46:15.918512+00:00", "symbol": "BTC-USD"}, {"trade_id": 848195441, "side": "buy", "size": "0.00847615", "price": "117978.09000000", "time": "2025-07-13T11:43:19.232925Z", "fetched_at": "2025-07-13T11:46:15.918512+00:00", "symbol": "BTC-USD"}, {"trade_id": 848195440, "side": "buy", "size": "0.00001000", "price": "117979.35000000", "time": "2025-07-13T11:43:19.232925Z", "fetched_at": "2025-07-13T11:46:15.918512+00:00", "symbol": "BTC-USD"}, {"trade_id": 848195439, "side": "buy", "size": "0.08205019", "price": "117981.47000000", "time": "2025-07-13T11:43:19.232925Z", "fetched_at": "2025-07-13T11:46:15.918512+00:00", "symbol": "BTC-USD"}, {"trade_id": 848195438, "side": "buy", "size": "0.02277144", "price": "117982.05000000", "time": "2025-07-13T11:43:19.232925Z", "fetched_at": "2025-07-13T11:46:15.918512+00:00", "symbol": "BTC-USD"}, {"trade_id": 848195437, "side": "buy", "size": "0.06290915", "price": "117982.06000000", "time": "2025-07-13T11:43:19.232925Z", "fetched_at": "2025-07-13T11:46:15.918512+00:00", "symbol": "BTC-USD"}, {"trade_id": 848195436, "side": "buy", "size": "0.01293073", "price": "117982.56000000", "time": "2025-07-13T11:43:19.232925Z", "fetched_at": "2025-07-13T11:46:15.918512+00:00", "symbol": "BTC-USD"}, {"trade_id": 848195435, "side": "buy", "size": "0.00001271", "price": "117983.28000000", "time": "2025-07-13T11:43:19.232925Z", "fetched_at": "2025-07-13T11:46:15.918512+00:00", "symbol": "BTC-USD"}, {"trade_id": 848195434, "side": "buy", "size": "0.02134956", "price": "117983.37000000", "time": "2025-07-13T11:43:19.232925Z", "fetched_at": "2025-07-13T11:46:15.918512+00:00", "symbol": "BTC-USD"}, {"trade_id": 848195433, "side": "buy", "size": "0.00635683", "price": "117983.84000000", "time": "2025-07-13T11:43:19.232925Z", "fetched_at": "2025-07-13T11:46:15.918512+00:00", "symbol": "BTC-USD"}, {"trade_id": 848195432, "side": "buy", "size": "0.06480000", "price": "117985.24000000", "time": "2025-07-13T11:43:19.232925Z", "fetched_at": "2025-07-13T11:46:15.918512+00:00", "symbol": "BTC-USD"}, {"trade_id": 848195431, "side": "buy", "size": "0.04270172", "price": "117985.25000000", "time": "2025-07-13T11:43:19.232925Z", "fetched_at": "2025-07-13T11:46:15.918512+00:00", "symbol": "BTC-USD"}, {"trade_id": 848195430, "side": "buy", "size": "0.00024413", "price": "117990.00000000", "time": "2025-07-13T11:43:19.232925Z", "fetched_at": "2025-07-13T11:46:15.918512+00:00", "symbol": "BTC-USD"}, {"trade_id": 848195429, "side": "buy", "size": "0.00000385", "price": "117990.00000000", "time": "2025-07-13T11:43:19.232925Z", "fetched_at": "2025-07-13T11:46:15.918512+00:00", "symbol": "BTC-USD"}, {"trade_id": 848195428, "side": "buy", "size": "0.01255947", "price": "117990.10000000", "time": "2025-07-13T11:43:19.232925Z", "fetched_at": "2025-07-13T11:46:15.918512+00:00", "symbol": "BTC-USD"}, {"trade_id": 848195427, "side": "buy", "size": "1.48987238", "price": "117991.05000000", "time": "2025-07-13T11:43:19.232925Z", "fetched_at": "2025-07-13T11:46:15.918512+00:00", "symbol": "BTC-USD"}, {"trade_id": 848195426, "side": "buy", "size": "0.00437395", "price": "117991.52000000", "time": "2025-07-13T11:43:19.232925Z", "fetched_at": "2025-07-13T11:46:15.918512+00:00", "symbol": "BTC-USD"}, {"trade_id": 848195425, "side": "buy", "size": "0.88691015", "price": "117993.60000000", "time": "2025-07-13T11:43:19.232925Z", "fetched_at": "2025-07-13T11:46:15.918512+00:00", "symbol": "BTC-USD"}, {"trade_id": 848195424, "side": "buy", "size": "0.01539744", "price": "117993.60000000", "time": "2025-07-13T11:43:19.232925Z", "fetched_at": "2025-07-13T11:46:15.918512+00:00", "symbol": "BTC-USD"}, {"trade_id": 848195423, "side": "buy", "size": "0.00042337", "price": "117993.61000000", "time": "2025-07-13T11:43:19.232925Z", "fetched_at": "2025-07-13T11:46:15.918512+00:00", "symbol": "BTC-USD"}, {"trade_id": 848195422, "side": "buy", "size": "0.00008373", "price": "117995.00000000", "time": "2025-07-13T11:43:19.232925Z", "fetched_at": "2025-07-13T11:46:15.918512+00:00", "symbol": "BTC-USD"}, {"trade_id": 848195421, "side": "buy", "size": "0.04193493", "price": "117995.25000000", "time": "2025-07-13T11:43:19.232925Z", "fetched_at": "2025-07-13T11:46:15.918512+00:00", "symbol": "BTC-USD"}, {"trade_id": 848195420, "side": "buy", "size": "0.29278200", "price": "117996.06000000", "time": "2025-07-13T11:43:19.232925Z", "fetched_at": "2025-07-13T11:46:15.918512+00:00", "symbol": "BTC-USD"}, {"trade_id": 848195419, "side": "buy", "size": "0.00001000", "price": "117997.05000000", "time": "2025-07-13T11:43:19.232925Z", "fetched_at": "2025-07-13T11:46:15.918512+00:00", "symbol": "BTC-USD"}, {"trade_id": 848195418, "side": "buy", "size": "0.39087490", "price": "117997.33000000", "time": "2025-07-13T11:43:19.232925Z", "fetched_at": "2025-07-13T11:46:15.918512+00:00", "symbol": "BTC-USD"}, {"trade_id": 848195417, "side": "buy", "size": "0.00084720", "price": "118000.00000000", "time": "2025-07-13T11:43:19.232925Z", "fetched_at": "2025-07-13T11:46:15.918512+00:00", "symbol": "BTC-USD"}, {"trade_id": 848195416, "side": "buy", "size": "0.00168474", "price": "118000.00000000", "time": "2025-07-13T11:43:19.232925Z", "fetched_at": "2025-07-13T11:46:15.918512+00:00", "symbol": "BTC-USD"}, {"trade_id": 848195415, "side": "buy", "size": "0.00083728", "price": "118000.00000000", "time": "2025-07-13T11:43:19.232925Z", "fetched_at": "2025-07-13T11:46:15.918512+00:00", "symbol": "BTC-USD"}, {"trade_id": 848195414, "side": "buy", "size": "0.64766282", "price": "118000.00000000", "time": "2025-07-13T11:43:19.232925Z", "fetched_at": "2025-07-13T11:46:15.918512+00:00", "symbol": "BTC-USD"}, {"trade_id": 848195413, "side": "buy", "size": "0.00210601", "price": "118000.00000000", "time": "2025-07-13T11:43:19.232925Z", "fetched_at": "2025-07-13T11:46:15.918512+00:00", "symbol": "BTC-USD"}, {"trade_id": 848195412, "side": "buy", "size": "0.00043396", "price": "118000.00000000", "time": "2025-07-13T11:43:19.232925Z", "fetched_at": "2025-07-13T11:46:15.918512+00:00", "symbol": "BTC-USD"}, {"trade_id": 848195411, "side": "buy", "size": "0.00217572", "price": "118001.09000000", "time": "2025-07-13T11:43:19.232925Z", "fetched_at": "2025-07-13T11:46:15.918512+00:00", "symbol": "BTC-USD"}, {"trade_id": 848195410, "side": "buy", "size": "0.00499964", "price": "118001.58000000", "time": "2025-07-13T11:43:19.232925Z", "fetched_at": "2025-07-13T11:46:15.918512+00:00", "symbol": "BTC-USD"}, {"trade_id": 848195409, "side": "buy", "size": "0.00042336", "price": "118001.59000000", "time": "2025-07-13T11:43:19.232925Z", "fetched_at": "2025-07-13T11:46:15.918512+00:00", "symbol": "BTC-USD"}, {"trade_id": 848195408, "side": "buy", "size": "0.02499829", "price": "118005.35000000", "time": "2025-07-13T11:43:19.232925Z", "fetched_at": "2025-07-13T11:46:15.918512+00:00", "symbol": "BTC-USD"}, {"trade_id": 848195407, "side": "buy", "size": "0.00001000", "price": "118005.90000000", "time": "2025-07-13T11:43:19.232925Z", "fetched_at": "2025-07-13T11:46:15.918512+00:00", "symbol": "BTC-USD"}, {"trade_id": 848195406, "side": "buy", "size": "0.06480000", "price": "118006.18000000", "time": "2025-07-13T11:43:19.232925Z", "fetched_at": "2025-07-13T11:46:15.918512+00:00", "symbol": "BTC-USD"}, {"trade_id": 848195405, "side": "buy", "size": "0.28086638", "price": "118007.17000000", "time": "2025-07-13T11:43:19.232925Z", "fetched_at": "2025-07-13T11:46:15.918512+00:00", "symbol": "BTC-USD"}, {"trade_id": 848195404, "side": "buy", "size": "0.00001695", "price": "118010.00000000", "time": "2025-07-13T11:43:19.232925Z", "fetched_at": "2025-07-13T11:46:15.918512+00:00", "symbol": "BTC-USD"}, {"trade_id": 848195403, "side": "buy", "size": "0.03888600", "price": "118010.01000000", "time": "2025-07-13T11:43:19.232925Z", "fetched_at": "2025-07-13T11:46:15.918512+00:00", "symbol": "BTC-USD"}, {"trade_id": 848195402, "side": "buy", "size": "0.05501054", "price": "118013.74000000", "time": "2025-07-13T11:43:19.232925Z", "fetched_at": "2025-07-13T11:46:15.918512+00:00", "symbol": "BTC-USD"}, {"trade_id": 848195401, "side": "buy", "size": "0.00001000", "price": "118014.75000000", "time": "2025-07-13T11:43:19.232925Z", "fetched_at": "2025-07-13T11:46:15.918512+00:00", "symbol": "BTC-USD"}, {"trade_id": 848195400, "side": "buy", "size": "3.00000000", "price": "118015.00000000", "time": "2025-07-13T11:43:19.232925Z", "fetched_at": "2025-07-13T11:46:15.918512+00:00", "symbol": "BTC-USD"}, {"trade_id": 848195399, "side": "buy", "size": "0.00499986", "price": "118015.69000000", "time": "2025-07-13T11:43:19.232925Z", "fetched_at": "2025-07-13T11:46:15.918512+00:00", "symbol": "BTC-USD"}, {"trade_id": 848195398, "side": "buy", "size": "0.02358808", "price": "118017.45000000", "time": "2025-07-13T11:43:19.232925Z", "fetched_at": "2025-07-13T11:46:15.918512+00:00", "symbol": "BTC-USD"}, {"trade_id": 848195397, "side": "buy", "size": "0.00499946", "price": "118017.45000000", "time": "2025-07-13T11:43:19.232925Z", "fetched_at": "2025-07-13T11:46:15.918512+00:00", "symbol": "BTC-USD"}, {"trade_id": 848195396, "side": "buy", "size": "0.02015844", "price": "118017.46000000", "time": "2025-07-13T11:43:19.232925Z", "fetched_at": "2025-07-13T11:46:15.918512+00:00", "symbol": "BTC-USD"}, {"trade_id": 848195395, "side": "buy", "size": "0.00001271", "price": "118018.70000000", "time": "2025-07-13T11:43:19.232925Z", "fetched_at": "2025-07-13T11:46:15.918512+00:00", "symbol": "BTC-USD"}, {"trade_id": 848195394, "side": "buy", "size": "0.03890647", "price": "118022.61000000", "time": "2025-07-13T11:43:19.232925Z", "fetched_at": "2025-07-13T11:46:15.918512+00:00", "symbol": "BTC-USD"}, {"trade_id": 848195393, "side": "buy", "size": "0.00001000", "price": "118023.60000000", "time": "2025-07-13T11:43:19.232925Z", "fetched_at": "2025-07-13T11:46:15.918512+00:00", "symbol": "BTC-USD"}, {"trade_id": 848195392, "side": "buy", "size": "0.00348283", "price": "118023.64000000", "time": "2025-07-13T11:43:19.232925Z", "fetched_at": "2025-07-13T11:46:15.918512+00:00", "symbol": "BTC-USD"}, {"trade_id": 848195391, "side": "buy", "size": "0.01028670", "price": "118023.72000000", "time": "2025-07-13T11:43:19.232925Z", "fetched_at": "2025-07-13T11:46:15.918512+00:00", "symbol": "BTC-USD"}, {"trade_id": 848195390, "side": "buy", "size": "0.00750810", "price": "118023.78000000", "time": "2025-07-13T11:43:19.232925Z", "fetched_at": "2025-07-13T11:46:15.918512+00:00", "symbol": "BTC-USD"}, {"trade_id": 848195389, "side": "buy", "size": "0.00847789", "price": "118024.76000000", "time": "2025-07-13T11:43:19.232925Z", "fetched_at": "2025-07-13T11:46:15.918512+00:00", "symbol": "BTC-USD"}, {"trade_id": 848195388, "side": "buy", "size": "0.00918867", "price": "118024.85000000", "time": "2025-07-13T11:43:19.232925Z", "fetched_at": "2025-07-13T11:46:15.918512+00:00", "symbol": "BTC-USD"}, {"trade_id": 848195387, "side": "buy", "size": "0.81306838", "price": "118026.46000000", "time": "2025-07-13T11:43:19.232925Z", "fetched_at": "2025-07-13T11:46:15.918512+00:00", "symbol": "BTC-USD"}, {"trade_id": 848195386, "side": "buy", "size": "0.00846900", "price": "118028.03000000", "time": "2025-07-13T11:43:19.232925Z", "fetched_at": "2025-07-13T11:46:15.918512+00:00", "symbol": "BTC-USD"}, {"trade_id": 848195385, "side": "buy", "size": "0.06480000", "price": "118028.19000000", "time": "2025-07-13T11:43:19.232925Z", "fetched_at": "2025-07-13T11:46:15.918512+00:00", "symbol": "BTC-USD"}, {"trade_id": 848195384, "side": "buy", "size": "0.08085497", "price": "118028.32000000", "time": "2025-07-13T11:43:19.232925Z", "fetched_at": "2025-07-13T11:46:15.918512+00:00", "symbol": "BTC-USD"}, {"trade_id": 848195383, "side": "buy", "size": "0.00376328", "price": "118028.70000000", "time": "2025-07-13T11:43:19.232925Z", "fetched_at": "2025-07-13T11:46:15.918512+00:00", "symbol": "BTC-USD"}, {"trade_id": 848195382, "side": "buy", "size": "0.00500000", "price": "118029.60000000", "time": "2025-07-13T11:43:19.232925Z", "fetched_at": "2025-07-13T11:46:15.918512+00:00", "symbol": "BTC-USD"}, {"trade_id": 848195381, "side": "buy", "size": "0.03266525", "price": "118029.85000000", "time": "2025-07-13T11:43:19.232925Z", "fetched_at": "2025-07-13T11:46:15.918512+00:00", "symbol": "BTC-USD"}, {"trade_id": 848195380, "side": "buy", "size": "0.01255874", "price": "118030.81000000", "time": "2025-07-13T11:43:19.232925Z", "fetched_at": "2025-07-13T11:46:15.918512+00:00", "symbol": "BTC-USD"}, {"trade_id": 848195379, "side": "buy", "size": "0.00001000", "price": "118032.45000000", "time": "2025-07-13T11:43:19.232925Z", "fetched_at": "2025-07-13T11:46:15.918512+00:00", "symbol": "BTC-USD"}, {"trade_id": 848195378, "side": "buy", "size": "0.00020816", "price": "118032.45000000", "time": "2025-07-13T11:43:19.232925Z", "fetched_at": "2025-07-13T11:46:15.918512+00:00", "symbol": "BTC-USD"}, {"trade_id": 848195377, "side": "buy", "size": "0.00367083", "price": "118032.51000000", "time": "2025-07-13T11:43:19.232925Z", "fetched_at": "2025-07-13T11:46:15.918512+00:00", "symbol": "BTC-USD"}, {"trade_id": 848195376, "side": "buy", "size": "0.00067320", "price": "118032.60000000", "time": "2025-07-13T11:43:19.232925Z", "fetched_at": "2025-07-13T11:46:15.918512+00:00", "symbol": "BTC-USD"}, {"trade_id": 848195375, "side": "buy", "size": "0.07694000", "price": "118033.70000000", "time": "2025-07-13T11:43:19.232925Z", "fetched_at": "2025-07-13T11:46:15.918512+00:00", "symbol": "BTC-USD"}, {"trade_id": 848195374, "side": "buy", "size": "0.00500000", "price": "118034.55000000", "time": "2025-07-13T11:43:19.232925Z", "fetched_at": "2025-07-13T11:46:15.918512+00:00", "symbol": "BTC-USD"}, {"trade_id": 848195373, "side": "buy", "size": "0.00256239", "price": "118034.60000000", "time": "2025-07-13T11:43:19.232925Z", "fetched_at": "2025-07-13T11:46:15.918512+00:00", "symbol": "BTC-USD"}, {"trade_id": 848195372, "side": "buy", "size": "1.00000000", "price": "118036.50000000", "time": "2025-07-13T11:43:19.232925Z", "fetched_at": "2025-07-13T11:46:15.918512+00:00", "symbol": "BTC-USD"}, {"trade_id": 848195371, "side": "buy", "size": "0.00034000", "price": "118036.62000000", "time": "2025-07-13T11:43:19.232925Z", "fetched_at": "2025-07-13T11:46:15.918512+00:00", "symbol": "BTC-USD"}, {"trade_id": 848195370, "side": "buy", "size": "0.15878092", "price": "118038.01000000", "time": "2025-07-13T11:43:19.232925Z", "fetched_at": "2025-07-13T11:46:15.918512+00:00", "symbol": "BTC-USD"}, {"trade_id": 848195369, "side": "buy", "size": "0.74653478", "price": "118040.00000000", "time": "2025-07-13T11:43:19.232925Z", "fetched_at": "2025-07-13T11:46:15.918512+00:00", "symbol": "BTC-USD"}, {"trade_id": 848195368, "side": "buy", "size": "0.04000000", "price": "118040.28000000", "time": "2025-07-13T11:43:19.232925Z", "fetched_at": "2025-07-13T11:46:15.918512+00:00", "symbol": "BTC-USD"}, {"trade_id": 848195367, "side": "buy", "size": "0.08000000", "price": "118040.28000000", "time": "2025-07-13T11:43:19.232925Z", "fetched_at": "2025-07-13T11:46:15.918512+00:00", "symbol": "BTC-USD"}, {"trade_id": 848195366, "side": "buy", "size": "0.02000000", "price": "118040.28000000", "time": "2025-07-13T11:43:19.232925Z", "fetched_at": "2025-07-13T11:46:15.918512+00:00", "symbol": "BTC-USD"}, {"trade_id": 848195365, "side": "buy", "size": "0.01019759", "price": "118040.52000000", "time": "2025-07-13T11:43:19.232925Z", "fetched_at": "2025-07-13T11:46:15.918512+00:00", "symbol": "BTC-USD"}, {"trade_id": 848195364, "side": "buy", "size": "0.06480000", "price": "118040.59000000", "time": "2025-07-13T11:43:19.232925Z", "fetched_at": "2025-07-13T11:46:15.918512+00:00", "symbol": "BTC-USD"}, {"trade_id": 848195363, "side": "buy", "size": "0.02249552", "price": "118041.15000000", "time": "2025-07-13T11:43:19.232925Z", "fetched_at": "2025-07-13T11:46:15.918512+00:00", "symbol": "BTC-USD"}, {"trade_id": 848195362, "side": "buy", "size": "0.67462300", "price": "118041.17000000", "time": "2025-07-13T11:43:19.232925Z", "fetched_at": "2025-07-13T11:46:15.918512+00:00", "symbol": "BTC-USD"}, {"trade_id": 848195361, "side": "buy", "size": "0.96163278", "price": "118041.18000000", "time": "2025-07-13T11:43:19.232925Z", "fetched_at": "2025-07-13T11:46:15.918512+00:00", "symbol": "BTC-USD"}, {"trade_id": 848195360, "side": "buy", "size": "0.00184026", "price": "118041.24000000", "time": "2025-07-13T11:43:19.232925Z", "fetched_at": "2025-07-13T11:46:15.918512+00:00", "symbol": "BTC-USD"}, {"trade_id": 848195359, "side": "buy", "size": "0.00001000", "price": "118041.30000000", "time": "2025-07-13T11:43:19.232925Z", "fetched_at": "2025-07-13T11:46:15.918512+00:00", "symbol": "BTC-USD"}, {"trade_id": 848195358, "side": "buy", "size": "0.00079678", "price": "118041.33000000", "time": "2025-07-13T11:43:19.232925Z", "fetched_at": "2025-07-13T11:46:15.918512+00:00", "symbol": "BTC-USD"}, {"trade_id": 848195357, "side": "buy", "size": "0.08010685", "price": "118042.48000000", "time": "2025-07-13T11:43:19.232925Z", "fetched_at": "2025-07-13T11:46:15.918512+00:00", "symbol": "BTC-USD"}, {"trade_id": 848195356, "side": "buy", "size": "0.04000000", "price": "118043.72000000", "time": "2025-07-13T11:43:19.232925Z", "fetched_at": "2025-07-13T11:46:15.918512+00:00", "symbol": "BTC-USD"}, {"trade_id": 848195355, "side": "buy", "size": "0.08000000", "price": "118043.72000000", "time": "2025-07-13T11:43:19.232925Z", "fetched_at": "2025-07-13T11:46:15.918512+00:00", "symbol": "BTC-USD"}, {"trade_id": 848195354, "side": "buy", "size": "0.03350205", "price": "118045.36000000", "time": "2025-07-13T11:43:19.232925Z", "fetched_at": "2025-07-13T11:46:15.918512+00:00", "symbol": "BTC-USD"}, {"trade_id": 848195353, "side": "buy", "size": "0.09342000", "price": "118046.23000000", "time": "2025-07-13T11:43:19.232925Z", "fetched_at": "2025-07-13T11:46:15.918512+00:00", "symbol": "BTC-USD"}, {"trade_id": 848195352, "side": "buy", "size": "0.03387360", "price": "118046.24000000", "time": "2025-07-13T11:43:19.232925Z", "fetched_at": "2025-07-13T11:46:15.918512+00:00", "symbol": "BTC-USD"}, {"trade_id": 848195351, "side": "buy", "size": "0.19670141", "price": "118046.24000000", "time": "2025-07-13T11:43:19.232925Z", "fetched_at": "2025-07-13T11:46:15.918512+00:00", "symbol": "BTC-USD"}, {"trade_id": 848195350, "side": "buy", "size": "0.04400000", "price": "118050.29000000", "time": "2025-07-13T11:43:19.232925Z", "fetched_at": "2025-07-13T11:46:15.918512+00:00", "symbol": "BTC-USD"}, {"trade_id": 848195349, "side": "buy", "size": "0.07776150", "price": "118051.92000000", "time": "2025-07-13T11:43:19.232925Z", "fetched_at": "2025-07-13T11:46:15.918512+00:00", "symbol": "BTC-USD"}, {"trade_id": 848195348, "side": "buy", "size": "0.06135137", "price": "118052.76000000", "time": "2025-07-13T11:43:19.232925Z", "fetched_at": "2025-07-13T11:46:15.918512+00:00", "symbol": "BTC-USD"}, {"trade_id": 848195347, "side": "buy", "size": "0.10257131", "price": "118052.77000000", "time": "2025-07-13T11:43:19.232925Z", "fetched_at": "2025-07-13T11:46:15.918512+00:00", "symbol": "BTC-USD"}, {"trade_id": 848195346, "side": "buy", "size": "0.00417463", "price": "118052.78000000", "time": "2025-07-13T11:43:19.232925Z", "fetched_at": "2025-07-13T11:46:15.918512+00:00", "symbol": "BTC-USD"}, {"trade_id": 848195345, "side": "buy", "size": "0.04260807", "price": "118053.10000000", "time": "2025-07-13T11:43:19.232925Z", "fetched_at": "2025-07-13T11:46:15.918512+00:00", "symbol": "BTC-USD"}, {"trade_id": 848195344, "side": "buy", "size": "0.11917668", "price": "118053.11000000", "time": "2025-07-13T11:43:19.232925Z", "fetched_at": "2025-07-13T11:46:15.918512+00:00", "symbol": "BTC-USD"}, {"trade_id": 848195343, "side": "buy", "size": "0.03143582", "price": "118058.39000000", "time": "2025-07-13T11:43:19.232925Z", "fetched_at": "2025-07-13T11:46:15.918512+00:00", "symbol": "BTC-USD"}, {"trade_id": 848195342, "side": "buy", "size": "0.04900000", "price": "118058.99000000", "time": "2025-07-13T11:43:19.232925Z", "fetched_at": "2025-07-13T11:46:15.918512+00:00", "symbol": "BTC-USD"}, {"trade_id": 848195341, "side": "buy", "size": "0.07304552", "price": "118059.00000000", "time": "2025-07-13T11:43:19.232925Z", "fetched_at": "2025-07-13T11:46:15.918512+00:00", "symbol": "BTC-USD"}, {"trade_id": 848195340, "side": "buy", "size": "0.06425495", "price": "118059.00000000", "time": "2025-07-13T11:43:19.232925Z", "fetched_at": "2025-07-13T11:46:15.918512+00:00", "symbol": "BTC-USD"}, {"trade_id": 848195339, "side": "buy", "size": "0.00306359", "price": "118059.01000000", "time": "2025-07-13T11:43:19.232925Z", "fetched_at": "2025-07-13T11:46:15.918512+00:00", "symbol": "BTC-USD"}, {"trade_id": 848195338, "side": "buy", "size": "0.04738600", "price": "118060.83000000", "time": "2025-07-13T11:43:19.232925Z", "fetched_at": "2025-07-13T11:46:15.918512+00:00", "symbol": "BTC-USD"}, {"trade_id": 848195337, "side": "buy", "size": "0.00050800", "price": "118061.00000000", "time": "2025-07-13T11:43:19.232925Z", "fetched_at": "2025-07-13T11:46:15.918512+00:00", "symbol": "BTC-USD"}, {"trade_id": 848195336, "side": "buy", "size": "0.06480000", "price": "118064.13000000", "time": "2025-07-13T11:43:19.232925Z", "fetched_at": "2025-07-13T11:46:15.918512+00:00", "symbol": "BTC-USD"}, {"trade_id": 848195335, "side": "buy", "size": "0.06990408", "price": "118064.88000000", "time": "2025-07-13T11:43:19.232925Z", "fetched_at": "2025-07-13T11:46:15.918512+00:00", "symbol": "BTC-USD"}, {"trade_id": 848195334, "side": "buy", "size": "0.10000705", "price": "118064.89000000", "time": "2025-07-13T11:43:19.232925Z", "fetched_at": "2025-07-13T11:46:15.918512+00:00", "symbol": "BTC-USD"}, {"trade_id": 848195333, "side": "buy", "size": "0.04300000", "price": "118067.69000000", "time": "2025-07-13T11:43:19.232925Z", "fetched_at": "2025-07-13T11:46:15.918512+00:00", "symbol": "BTC-USD"}, {"trade_id": 848195332, "side": "buy", "size": "0.02580000", "price": "118067.70000000", "time": "2025-07-13T11:43:19.232925Z", "fetched_at": "2025-07-13T11:46:15.918512+00:00", "symbol": "BTC-USD"}, {"trade_id": 848195331, "side": "buy", "size": "0.00140798", "price": "118070.49000000", "time": "2025-07-13T11:43:19.232925Z", "fetched_at": "2025-07-13T11:46:15.918512+00:00", "symbol": "BTC-USD"}, {"trade_id": 848195330, "side": "buy", "size": "0.03375838", "price": "118072.53000000", "time": "2025-07-13T11:43:19.232925Z", "fetched_at": "2025-07-13T11:46:15.918512+00:00", "symbol": "BTC-USD"}, {"trade_id": 848195329, "side": "buy", "size": "0.06361582", "price": "118073.51000000", "time": "2025-07-13T11:43:19.232925Z", "fetched_at": "2025-07-13T11:46:15.918512+00:00", "symbol": "BTC-USD"}, {"trade_id": 848195328, "side": "buy", "size": "0.00066328", "price": "118073.67000000", "time": "2025-07-13T11:43:19.232925Z", "fetched_at": "2025-07-13T11:46:15.918512+00:00", "symbol": "BTC-USD"}, {"trade_id": 848195327, "side": "buy", "size": "0.00008470", "price": "118075.94000000", "time": "2025-07-13T11:43:19.232925Z", "fetched_at": "2025-07-13T11:46:15.918512+00:00", "symbol": "BTC-USD"}, {"trade_id": 848195326, "side": "buy", "size": "0.00002456", "price": "118075.94000000", "time": "2025-07-13T11:43:19.232925Z", "fetched_at": "2025-07-13T11:46:15.918512+00:00", "symbol": "BTC-USD"}, {"trade_id": 848195325, "side": "buy", "size": "0.00000829", "price": "118075.94000000", "time": "2025-07-13T11:43:19.232925Z", "fetched_at": "2025-07-13T11:46:15.918512+00:00", "symbol": "BTC-USD"}, {"trade_id": 848195324, "side": "buy", "size": "0.08331336", "price": "118075.94000000", "time": "2025-07-13T11:43:19.232925Z", "fetched_at": "2025-07-13T11:46:15.918512+00:00", "symbol": "BTC-USD"}, {"trade_id": 848195323, "side": "sell", "size": "0.00164643", "price": "118075.95000000", "time": "2025-07-13T11:43:19.143717Z", "fetched_at": "2025-07-13T11:46:15.918512+00:00", "symbol": "BTC-USD"}, {"trade_id": 848195322, "side": "buy", "size": "0.01668664", "price": "118075.94000000", "time": "2025-07-13T11:43:17.668501Z", "fetched_at": "2025-07-13T11:46:15.918512+00:00", "symbol": "BTC-USD"}, {"trade_id": 848195321, "side": "buy", "size": "0.00002191", "price": "118075.94000000", "time": "2025-07-13T11:43:17.668501Z", "fetched_at": "2025-07-13T11:46:15.918512+00:00", "symbol": "BTC-USD"}, {"trade_id": 848195320, "side": "buy", "size": "0.00003844", "price": "118075.94000000", "time": "2025-07-13T11:43:17.668501Z", "fetched_at": "2025-07-13T11:46:15.918512+00:00", "symbol": "BTC-USD"}, {"trade_id": 848195319, "side": "buy", "size": "0.00001287", "price": "118075.94000000", "time": "2025-07-13T11:43:17.668501Z", "fetched_at": "2025-07-13T11:46:15.918512+00:00", "symbol": "BTC-USD"}, {"trade_id": 848195318, "side": "sell", "size": "0.00062898", "price": "118075.95000000", "time": "2025-07-13T11:43:16.655477Z", "fetched_at": "2025-07-13T11:46:15.918512+00:00", "symbol": "BTC-USD"}, {"trade_id": 848195317, "side": "sell", "size": "0.00008034", "price": "118075.95000000", "time": "2025-07-13T11:43:15.080754Z", "fetched_at": "2025-07-13T11:46:15.918512+00:00", "symbol": "BTC-USD"}, {"trade_id": 848195316, "side": "buy", "size": "0.00136900", "price": "118075.94000000", "time": "2025-07-13T11:43:13.813986Z", "fetched_at": "2025-07-13T11:46:15.918512+00:00", "symbol": "BTC-USD"}, {"trade_id": 848195315, "side": "sell", "size": "0.00041161", "price": "118075.95000000", "time": "2025-07-13T11:43:13.730843Z", "fetched_at": "2025-07-13T11:46:15.918512+00:00", "symbol": "BTC-USD"}, {"trade_id": 848195314, "side": "sell", "size": "0.00001000", "price": "118067.85000000", "time": "2025-07-13T11:43:11.583471Z", "fetched_at": "2025-07-13T11:46:15.918512+00:00", "symbol": "BTC-USD"}, {"trade_id": 848195313, "side": "sell", "size": "0.00008472", "price": "118067.20000000", "time": "2025-07-13T11:43:11.583471Z", "fetched_at": "2025-07-13T11:46:15.918512+00:00", "symbol": "BTC-USD"}, {"trade_id": 848195312, "side": "sell", "size": "0.08474594", "price": "118067.20000000", "time": "2025-07-13T11:43:11.583471Z", "fetched_at": "2025-07-13T11:46:15.918512+00:00", "symbol": "BTC-USD"}, {"trade_id": 848195311, "side": "sell", "size": "0.02970030", "price": "118063.71000000", "time": "2025-07-13T11:43:11.554886Z", "fetched_at": "2025-07-13T11:46:15.918512+00:00", "symbol": "BTC-USD"}, {"trade_id": 848195310, "side": "sell", "size": "0.08474739", "price": "118063.70000000", "time": "2025-07-13T11:43:11.554886Z", "fetched_at": "2025-07-13T11:46:15.918512+00:00", "symbol": "BTC-USD"}, {"trade_id": 848195309, "side": "sell", "size": "0.00008472", "price": "118059.00000000", "time": "2025-07-13T11:43:11.554886Z", "fetched_at": "2025-07-13T11:46:15.918512+00:00", "symbol": "BTC-USD"}, {"trade_id": 848195308, "side": "sell", "size": "0.00001000", "price": "118059.00000000", "time": "2025-07-13T11:43:11.554886Z", "fetched_at": "2025-07-13T11:46:15.918512+00:00", "symbol": "BTC-USD"}, {"trade_id": 848195307, "side": "sell", "size": "0.00000500", "price": "118056.59000000", "time": "2025-07-13T11:43:11.508285Z", "fetched_at": "2025-07-13T11:46:15.918512+00:00", "symbol": "BTC-USD"}, {"trade_id": 848195306, "side": "sell", "size": "0.00002093", "price": "118056.59000000", "time": "2025-07-13T11:43:11.508285Z", "fetched_at": "2025-07-13T11:46:15.918512+00:00", "symbol": "BTC-USD"}, {"trade_id": 848195305, "side": "sell", "size": "0.08471559", "price": "118056.58000000", "time": "2025-07-13T11:43:11.508285Z", "fetched_at": "2025-07-13T11:46:15.918512+00:00", "symbol": "BTC-USD"}, {"trade_id": 848195304, "side": "sell", "size": "0.00008472", "price": "118052.73000000", "time": "2025-07-13T11:43:11.508285Z", "fetched_at": "2025-07-13T11:46:15.918512+00:00", "symbol": "BTC-USD"}, {"trade_id": 848195303, "side": "sell", "size": "0.00001805", "price": "118052.73000000", "time": "2025-07-13T11:43:11.508285Z", "fetched_at": "2025-07-13T11:46:15.918512+00:00", "symbol": "BTC-USD"}, {"trade_id": 848195302, "side": "sell", "size": "0.00002430", "price": "118052.73000000", "time": "2025-07-13T11:43:11.166298Z", "fetched_at": "2025-07-13T11:46:15.918512+00:00", "symbol": "BTC-USD"}, {"trade_id": 848195301, "side": "sell", "size": "0.00008472", "price": "118052.73000000", "time": "2025-07-13T11:43:11.166298Z", "fetched_at": "2025-07-13T11:46:15.918512+00:00", "symbol": "BTC-USD"}, {"trade_id": 848195300, "side": "sell", "size": "0.00003662", "price": "118056.58000000", "time": "2025-07-13T11:43:11.135272Z", "fetched_at": "2025-07-13T11:46:15.918512+00:00", "symbol": "BTC-USD"}, {"trade_id": 848195299, "side": "sell", "size": "0.00000211", "price": "118053.61000000", "time": "2025-07-13T11:43:11.135272Z", "fetched_at": "2025-07-13T11:46:15.918512+00:00", "symbol": "BTC-USD"}, {"trade_id": 848195298, "side": "sell", "size": "0.00008472", "price": "118052.73000000", "time": "2025-07-13T11:43:11.135272Z", "fetched_at": "2025-07-13T11:46:15.918512+00:00", "symbol": "BTC-USD"}, {"trade_id": 848195297, "side": "sell", "size": "0.00008177", "price": "118052.73000000", "time": "2025-07-13T11:43:11.126264Z", "fetched_at": "2025-07-13T11:46:15.918512+00:00", "symbol": "BTC-USD"}, {"trade_id": 848195296, "side": "sell", "size": "0.00008301", "price": "118048.47000000", "time": "2025-07-13T11:43:09.193614Z", "fetched_at": "2025-07-13T11:46:15.918512+00:00", "symbol": "BTC-USD"}, {"trade_id": 848195295, "side": "sell", "size": "0.00008472", "price": "118048.46000000", "time": "2025-07-13T11:43:09.193614Z", "fetched_at": "2025-07-13T11:46:15.918512+00:00", "symbol": "BTC-USD"}