[{"trade_id": 848213804, "side": "buy", "size": "0.00002558", "price": "118426.61000000", "time": "2025-07-13T13:10:46.976527Z", "fetched_at": "2025-07-13T13:10:50.054690+00:00", "symbol": "BTC-USD"}, {"trade_id": 848213803, "side": "sell", "size": "0.00073614", "price": "118426.62000000", "time": "2025-07-13T13:10:46.707744Z", "fetched_at": "2025-07-13T13:10:50.054690+00:00", "symbol": "BTC-USD"}, {"trade_id": 848213802, "side": "sell", "size": "0.00008444", "price": "118426.61000000", "time": "2025-07-13T13:10:46.707744Z", "fetched_at": "2025-07-13T13:10:50.054690+00:00", "symbol": "BTC-USD"}, {"trade_id": 848213801, "side": "buy", "size": "0.06455279", "price": "118405.29000000", "time": "2025-07-13T13:10:46.472449Z", "fetched_at": "2025-07-13T13:10:50.054690+00:00", "symbol": "BTC-USD"}, {"trade_id": 848213800, "side": "buy", "size": "0.04253214", "price": "118405.92000000", "time": "2025-07-13T13:10:46.472449Z", "fetched_at": "2025-07-13T13:10:50.054690+00:00", "symbol": "BTC-USD"}, {"trade_id": 848213799, "side": "buy", "size": "0.12317360", "price": "118405.92000000", "time": "2025-07-13T13:10:46.472449Z", "fetched_at": "2025-07-13T13:10:50.054690+00:00", "symbol": "BTC-USD"}, {"trade_id": 848213798, "side": "buy", "size": "0.00001000", "price": "118405.92000000", "time": "2025-07-13T13:10:46.472449Z", "fetched_at": "2025-07-13T13:10:50.054690+00:00", "symbol": "BTC-USD"}, {"trade_id": 848213797, "side": "buy", "size": "0.01859250", "price": "118406.01000000", "time": "2025-07-13T13:10:46.472449Z", "fetched_at": "2025-07-13T13:10:50.054690+00:00", "symbol": "BTC-USD"}, {"trade_id": 848213796, "side": "buy", "size": "0.06480000", "price": "118408.14000000", "time": "2025-07-13T13:10:46.472449Z", "fetched_at": "2025-07-13T13:10:50.054690+00:00", "symbol": "BTC-USD"}, {"trade_id": 848213795, "side": "buy", "size": "0.06904341", "price": "118408.15000000", "time": "2025-07-13T13:10:46.472449Z", "fetched_at": "2025-07-13T13:10:50.054690+00:00", "symbol": "BTC-USD"}, {"trade_id": 848213794, "side": "buy", "size": "0.03888600", "price": "118408.15000000", "time": "2025-07-13T13:10:46.472449Z", "fetched_at": "2025-07-13T13:10:50.054690+00:00", "symbol": "BTC-USD"}, {"trade_id": 848213793, "side": "buy", "size": "0.02939110", "price": "118408.69000000", "time": "2025-07-13T13:10:46.472449Z", "fetched_at": "2025-07-13T13:10:50.054690+00:00", "symbol": "BTC-USD"}, {"trade_id": 848213792, "side": "buy", "size": "0.69234500", "price": "118413.15000000", "time": "2025-07-13T13:10:46.472449Z", "fetched_at": "2025-07-13T13:10:50.054690+00:00", "symbol": "BTC-USD"}, {"trade_id": 848213791, "side": "buy", "size": "0.41540700", "price": "118413.16000000", "time": "2025-07-13T13:10:46.472449Z", "fetched_at": "2025-07-13T13:10:50.054690+00:00", "symbol": "BTC-USD"}, {"trade_id": 848213790, "side": "buy", "size": "0.04800000", "price": "118413.72000000", "time": "2025-07-13T13:10:46.472449Z", "fetched_at": "2025-07-13T13:10:50.054690+00:00", "symbol": "BTC-USD"}, {"trade_id": 848213789, "side": "buy", "size": "0.05017616", "price": "118413.73000000", "time": "2025-07-13T13:10:46.472449Z", "fetched_at": "2025-07-13T13:10:50.054690+00:00", "symbol": "BTC-USD"}, {"trade_id": 848213788, "side": "buy", "size": "0.00004314", "price": "118413.74000000", "time": "2025-07-13T13:10:46.472449Z", "fetched_at": "2025-07-13T13:10:50.054690+00:00", "symbol": "BTC-USD"}, {"trade_id": 848213787, "side": "buy", "size": "0.03479723", "price": "118419.78000000", "time": "2025-07-13T13:10:46.472449Z", "fetched_at": "2025-07-13T13:10:50.054690+00:00", "symbol": "BTC-USD"}, {"trade_id": 848213786, "side": "buy", "size": "0.06095126", "price": "118420.02000000", "time": "2025-07-13T13:10:46.472449Z", "fetched_at": "2025-07-13T13:10:50.054690+00:00", "symbol": "BTC-USD"}, {"trade_id": 848213785, "side": "buy", "size": "0.04049133", "price": "118420.16000000", "time": "2025-07-13T13:10:46.472449Z", "fetched_at": "2025-07-13T13:10:50.054690+00:00", "symbol": "BTC-USD"}, {"trade_id": 848213784, "side": "buy", "size": "0.01000000", "price": "118420.17000000", "time": "2025-07-13T13:10:46.472449Z", "fetched_at": "2025-07-13T13:10:50.054690+00:00", "symbol": "BTC-USD"}, {"trade_id": 848213783, "side": "buy", "size": "0.00844404", "price": "118426.62000000", "time": "2025-07-13T13:10:46.472449Z", "fetched_at": "2025-07-13T13:10:50.054690+00:00", "symbol": "BTC-USD"}, {"trade_id": 848213782, "side": "buy", "size": "0.00030000", "price": "118426.62000000", "time": "2025-07-13T13:10:46.472449Z", "fetched_at": "2025-07-13T13:10:50.054690+00:00", "symbol": "BTC-USD"}, {"trade_id": 848213781, "side": "buy", "size": "0.02440000", "price": "118426.62000000", "time": "2025-07-13T13:10:46.472449Z", "fetched_at": "2025-07-13T13:10:50.054690+00:00", "symbol": "BTC-USD"}, {"trade_id": 848213780, "side": "buy", "size": "0.00000900", "price": "118426.63000000", "time": "2025-07-13T13:10:46.472449Z", "fetched_at": "2025-07-13T13:10:50.054690+00:00", "symbol": "BTC-USD"}, {"trade_id": 848213779, "side": "buy", "size": "0.00650600", "price": "118426.63000000", "time": "2025-07-13T13:10:46.472449Z", "fetched_at": "2025-07-13T13:10:50.054690+00:00", "symbol": "BTC-USD"}, {"trade_id": 848213778, "side": "buy", "size": "0.02872446", "price": "118426.63000000", "time": "2025-07-13T13:10:46.472449Z", "fetched_at": "2025-07-13T13:10:50.054690+00:00", "symbol": "BTC-USD"}, {"trade_id": 848213777, "side": "buy", "size": "0.03119171", "price": "118426.63000000", "time": "2025-07-13T13:10:46.472449Z", "fetched_at": "2025-07-13T13:10:50.054690+00:00", "symbol": "BTC-USD"}, {"trade_id": 848213776, "side": "buy", "size": "0.00844400", "price": "118426.63000000", "time": "2025-07-13T13:10:46.472449Z", "fetched_at": "2025-07-13T13:10:50.054690+00:00", "symbol": "BTC-USD"}, {"trade_id": 848213775, "side": "buy", "size": "0.08878598", "price": "118426.63000000", "time": "2025-07-13T13:10:46.472449Z", "fetched_at": "2025-07-13T13:10:50.054690+00:00", "symbol": "BTC-USD"}, {"trade_id": 848213774, "side": "buy", "size": "0.00006479", "price": "118426.63000000", "time": "2025-07-13T13:10:45.637160Z", "fetched_at": "2025-07-13T13:10:50.054690+00:00", "symbol": "BTC-USD"}, {"trade_id": 848213773, "side": "buy", "size": "0.00021326", "price": "118426.63000000", "time": "2025-07-13T13:10:45.329850Z", "fetched_at": "2025-07-13T13:10:50.054690+00:00", "symbol": "BTC-USD"}, {"trade_id": 848213772, "side": "buy", "size": "0.00264597", "price": "118426.63000000", "time": "2025-07-13T13:10:45.250893Z", "fetched_at": "2025-07-13T13:10:50.054690+00:00", "symbol": "BTC-USD"}, {"trade_id": 848213771, "side": "sell", "size": "0.00199298", "price": "118426.64000000", "time": "2025-07-13T13:10:44.947285Z", "fetched_at": "2025-07-13T13:10:50.054690+00:00", "symbol": "BTC-USD"}, {"trade_id": 848213770, "side": "sell", "size": "0.00008445", "price": "118426.63000000", "time": "2025-07-13T13:10:44.947285Z", "fetched_at": "2025-07-13T13:10:50.054690+00:00", "symbol": "BTC-USD"}, {"trade_id": 848213769, "side": "sell", "size": "0.00001034", "price": "118426.63000000", "time": "2025-07-13T13:10:44.947285Z", "fetched_at": "2025-07-13T13:10:50.054690+00:00", "symbol": "BTC-USD"}, {"trade_id": 848213768, "side": "sell", "size": "0.00000211", "price": "118426.63000000", "time": "2025-07-13T13:10:44.947285Z", "fetched_at": "2025-07-13T13:10:50.054690+00:00", "symbol": "BTC-USD"}, {"trade_id": 848213767, "side": "buy", "size": "0.00001391", "price": "118426.26000000", "time": "2025-07-13T13:10:44.494696Z", "fetched_at": "2025-07-13T13:10:50.054690+00:00", "symbol": "BTC-USD"}, {"trade_id": 848213766, "side": "sell", "size": "0.04093911", "price": "118426.66000000", "time": "2025-07-13T13:10:41.531858Z", "fetched_at": "2025-07-13T13:10:50.054690+00:00", "symbol": "BTC-USD"}, {"trade_id": 848213765, "side": "sell", "size": "0.00008444", "price": "118426.65000000", "time": "2025-07-13T13:10:41.531858Z", "fetched_at": "2025-07-13T13:10:50.054690+00:00", "symbol": "BTC-USD"}, {"trade_id": 848213764, "side": "sell", "size": "0.00088679", "price": "118426.66000000", "time": "2025-07-13T13:10:41.459262Z", "fetched_at": "2025-07-13T13:10:50.054690+00:00", "symbol": "BTC-USD"}, {"trade_id": 848213763, "side": "sell", "size": "0.00008444", "price": "118426.65000000", "time": "2025-07-13T13:10:41.459262Z", "fetched_at": "2025-07-13T13:10:50.054690+00:00", "symbol": "BTC-USD"}, {"trade_id": 848213762, "side": "sell", "size": "0.00001364", "price": "118426.65000000", "time": "2025-07-13T13:10:40.773226Z", "fetched_at": "2025-07-13T13:10:50.054690+00:00", "symbol": "BTC-USD"}, {"trade_id": 848213761, "side": "sell", "size": "0.00236156", "price": "118426.68000000", "time": "2025-07-13T13:10:40.701313Z", "fetched_at": "2025-07-13T13:10:50.054690+00:00", "symbol": "BTC-USD"}, {"trade_id": 848213760, "side": "sell", "size": "0.00008444", "price": "118426.67000000", "time": "2025-07-13T13:10:40.701313Z", "fetched_at": "2025-07-13T13:10:50.054690+00:00", "symbol": "BTC-USD"}, {"trade_id": 848213759, "side": "buy", "size": "0.00313307", "price": "118405.02000000", "time": "2025-07-13T13:10:40.485731Z", "fetched_at": "2025-07-13T13:10:50.054690+00:00", "symbol": "BTC-USD"}, {"trade_id": 848213758, "side": "buy", "size": "0.00001000", "price": "118405.92000000", "time": "2025-07-13T13:10:40.485731Z", "fetched_at": "2025-07-13T13:10:50.054690+00:00", "symbol": "BTC-USD"}, {"trade_id": 848213757, "side": "buy", "size": "0.09610063", "price": "118405.92000000", "time": "2025-07-13T13:10:40.485731Z", "fetched_at": "2025-07-13T13:10:50.054690+00:00", "symbol": "BTC-USD"}, {"trade_id": 848213756, "side": "buy", "size": "0.04316895", "price": "118405.92000000", "time": "2025-07-13T13:10:40.485731Z", "fetched_at": "2025-07-13T13:10:50.054690+00:00", "symbol": "BTC-USD"}, {"trade_id": 848213755, "side": "buy", "size": "0.12228938", "price": "118405.92000000", "time": "2025-07-13T13:10:40.485731Z", "fetched_at": "2025-07-13T13:10:50.054690+00:00", "symbol": "BTC-USD"}, {"trade_id": 848213754, "side": "buy", "size": "0.00510067", "price": "118405.96000000", "time": "2025-07-13T13:10:40.485731Z", "fetched_at": "2025-07-13T13:10:50.054690+00:00", "symbol": "BTC-USD"}, {"trade_id": 848213753, "side": "buy", "size": "0.05323622", "price": "118408.95000000", "time": "2025-07-13T13:10:40.485731Z", "fetched_at": "2025-07-13T13:10:50.054690+00:00", "symbol": "BTC-USD"}, {"trade_id": 848213752, "side": "buy", "size": "0.00034000", "price": "118409.05000000", "time": "2025-07-13T13:10:40.485731Z", "fetched_at": "2025-07-13T13:10:50.054690+00:00", "symbol": "BTC-USD"}, {"trade_id": 848213751, "side": "buy", "size": "0.15961385", "price": "118410.45000000", "time": "2025-07-13T13:10:40.485731Z", "fetched_at": "2025-07-13T13:10:50.054690+00:00", "symbol": "BTC-USD"}, {"trade_id": 848213750, "side": "buy", "size": "0.06480000", "price": "118410.75000000", "time": "2025-07-13T13:10:40.485731Z", "fetched_at": "2025-07-13T13:10:50.054690+00:00", "symbol": "BTC-USD"}, {"trade_id": 848213749, "side": "buy", "size": "0.02518199", "price": "118411.75000000", "time": "2025-07-13T13:10:40.485731Z", "fetched_at": "2025-07-13T13:10:50.054690+00:00", "symbol": "BTC-USD"}, {"trade_id": 848213748, "side": "buy", "size": "0.69245600", "price": "118412.74000000", "time": "2025-07-13T13:10:40.485731Z", "fetched_at": "2025-07-13T13:10:50.054690+00:00", "symbol": "BTC-USD"}, {"trade_id": 848213747, "side": "buy", "size": "0.41547360", "price": "118412.75000000", "time": "2025-07-13T13:10:40.485731Z", "fetched_at": "2025-07-13T13:10:50.054690+00:00", "symbol": "BTC-USD"}, {"trade_id": 848213746, "side": "buy", "size": "0.04800000", "price": "118413.72000000", "time": "2025-07-13T13:10:40.485731Z", "fetched_at": "2025-07-13T13:10:50.054690+00:00", "symbol": "BTC-USD"}, {"trade_id": 848213745, "side": "buy", "size": "0.01098223", "price": "118415.25000000", "time": "2025-07-13T13:10:40.485731Z", "fetched_at": "2025-07-13T13:10:50.054690+00:00", "symbol": "BTC-USD"}, {"trade_id": 848213744, "side": "buy", "size": "0.01863594", "price": "118415.30000000", "time": "2025-07-13T13:10:40.485731Z", "fetched_at": "2025-07-13T13:10:50.054690+00:00", "symbol": "BTC-USD"}, {"trade_id": 848213743, "side": "buy", "size": "0.08447530", "price": "118419.24000000", "time": "2025-07-13T13:10:40.485731Z", "fetched_at": "2025-07-13T13:10:50.054690+00:00", "symbol": "BTC-USD"}, {"trade_id": 848213742, "side": "buy", "size": "0.03197906", "price": "118420.93000000", "time": "2025-07-13T13:10:40.485731Z", "fetched_at": "2025-07-13T13:10:50.054690+00:00", "symbol": "BTC-USD"}, {"trade_id": 848213741, "side": "buy", "size": "0.04504741", "price": "118421.19000000", "time": "2025-07-13T13:10:40.485731Z", "fetched_at": "2025-07-13T13:10:50.054690+00:00", "symbol": "BTC-USD"}, {"trade_id": 848213740, "side": "buy", "size": "0.04366223", "price": "118421.19000000", "time": "2025-07-13T13:10:40.485731Z", "fetched_at": "2025-07-13T13:10:50.054690+00:00", "symbol": "BTC-USD"}, {"trade_id": 848213739, "side": "buy", "size": "0.06095126", "price": "118423.63000000", "time": "2025-07-13T13:10:40.485731Z", "fetched_at": "2025-07-13T13:10:50.054690+00:00", "symbol": "BTC-USD"}, {"trade_id": 848213738, "side": "buy", "size": "0.05362107", "price": "118423.81000000", "time": "2025-07-13T13:10:40.485731Z", "fetched_at": "2025-07-13T13:10:50.054690+00:00", "symbol": "BTC-USD"}, {"trade_id": 848213737, "side": "buy", "size": "0.08197462", "price": "118423.85000000", "time": "2025-07-13T13:10:40.485731Z", "fetched_at": "2025-07-13T13:10:50.054690+00:00", "symbol": "BTC-USD"}, {"trade_id": 848213736, "side": "buy", "size": "0.05915221", "price": "118423.90000000", "time": "2025-07-13T13:10:40.485731Z", "fetched_at": "2025-07-13T13:10:50.054690+00:00", "symbol": "BTC-USD"}, {"trade_id": 848213735, "side": "buy", "size": "0.03942279", "price": "118423.98000000", "time": "2025-07-13T13:10:40.485731Z", "fetched_at": "2025-07-13T13:10:50.054690+00:00", "symbol": "BTC-USD"}, {"trade_id": 848213734, "side": "buy", "size": "0.14050241", "price": "118423.99000000", "time": "2025-07-13T13:10:40.485731Z", "fetched_at": "2025-07-13T13:10:50.054690+00:00", "symbol": "BTC-USD"}, {"trade_id": 848213733, "side": "buy", "size": "0.02828249", "price": "118424.00000000", "time": "2025-07-13T13:10:40.485731Z", "fetched_at": "2025-07-13T13:10:50.054690+00:00", "symbol": "BTC-USD"}, {"trade_id": 848213732, "side": "buy", "size": "0.05546877", "price": "118428.12000000", "time": "2025-07-13T13:10:40.485731Z", "fetched_at": "2025-07-13T13:10:50.054690+00:00", "symbol": "BTC-USD"}, {"trade_id": 848213731, "side": "buy", "size": "0.00844300", "price": "118428.13000000", "time": "2025-07-13T13:10:40.485731Z", "fetched_at": "2025-07-13T13:10:50.054690+00:00", "symbol": "BTC-USD"}, {"trade_id": 848213730, "side": "buy", "size": "0.00005123", "price": "118428.14000000", "time": "2025-07-13T13:10:40.485731Z", "fetched_at": "2025-07-13T13:10:50.054690+00:00", "symbol": "BTC-USD"}, {"trade_id": 848213729, "side": "buy", "size": "0.00844362", "price": "118432.55000000", "time": "2025-07-13T13:10:40.485731Z", "fetched_at": "2025-07-13T13:10:50.054690+00:00", "symbol": "BTC-USD"}, {"trade_id": 848213728, "side": "sell", "size": "0.00006577", "price": "118437.72000000", "time": "2025-07-13T13:10:40.118973Z", "fetched_at": "2025-07-13T13:10:50.054690+00:00", "symbol": "BTC-USD"}, {"trade_id": 848213727, "side": "sell", "size": "0.00008444", "price": "118432.56000000", "time": "2025-07-13T13:10:40.118973Z", "fetched_at": "2025-07-13T13:10:50.054690+00:00", "symbol": "BTC-USD"}, {"trade_id": 848213726, "side": "sell", "size": "0.00001000", "price": "118432.56000000", "time": "2025-07-13T13:10:40.118973Z", "fetched_at": "2025-07-13T13:10:50.054690+00:00", "symbol": "BTC-USD"}, {"trade_id": 848213725, "side": "sell", "size": "0.00002939", "price": "118428.13000000", "time": "2025-07-13T13:10:39.706992Z", "fetched_at": "2025-07-13T13:10:50.054690+00:00", "symbol": "BTC-USD"}, {"trade_id": 848213724, "side": "sell", "size": "0.00001033", "price": "118428.13000000", "time": "2025-07-13T13:10:39.706992Z", "fetched_at": "2025-07-13T13:10:50.054690+00:00", "symbol": "BTC-USD"}, {"trade_id": 848213723, "side": "sell", "size": "0.00000033", "price": "118428.05000000", "time": "2025-07-13T13:10:37.711462Z", "fetched_at": "2025-07-13T13:10:50.054690+00:00", "symbol": "BTC-USD"}, {"trade_id": 848213722, "side": "sell", "size": "0.00008445", "price": "118421.17000000", "time": "2025-07-13T13:10:37.600666Z", "fetched_at": "2025-07-13T13:10:50.054690+00:00", "symbol": "BTC-USD"}, {"trade_id": 848213721, "side": "sell", "size": "0.00000211", "price": "118421.17000000", "time": "2025-07-13T13:10:37.600666Z", "fetched_at": "2025-07-13T13:10:50.054690+00:00", "symbol": "BTC-USD"}, {"trade_id": 848213720, "side": "buy", "size": "0.00239990", "price": "118421.16000000", "time": "2025-07-13T13:10:37.487447Z", "fetched_at": "2025-07-13T13:10:50.054690+00:00", "symbol": "BTC-USD"}, {"trade_id": 848213719, "side": "buy", "size": "0.00005787", "price": "118421.16000000", "time": "2025-07-13T13:10:37.487447Z", "fetched_at": "2025-07-13T13:10:50.054690+00:00", "symbol": "BTC-USD"}, {"trade_id": 848213718, "side": "sell", "size": "0.00810655", "price": "118428.05000000", "time": "2025-07-13T13:10:35.868376Z", "fetched_at": "2025-07-13T13:10:50.054690+00:00", "symbol": "BTC-USD"}, {"trade_id": 848213717, "side": "sell", "size": "0.00001000", "price": "118423.68000000", "time": "2025-07-13T13:10:35.868376Z", "fetched_at": "2025-07-13T13:10:50.054690+00:00", "symbol": "BTC-USD"}, {"trade_id": 848213716, "side": "sell", "size": "0.00000664", "price": "118422.84000000", "time": "2025-07-13T13:10:35.868376Z", "fetched_at": "2025-07-13T13:10:50.054690+00:00", "symbol": "BTC-USD"}, {"trade_id": 848213715, "side": "sell", "size": "0.00008445", "price": "118421.17000000", "time": "2025-07-13T13:10:35.868376Z", "fetched_at": "2025-07-13T13:10:50.054690+00:00", "symbol": "BTC-USD"}, {"trade_id": 848213714, "side": "buy", "size": "0.00160000", "price": "118422.83000000", "time": "2025-07-13T13:10:35.781486Z", "fetched_at": "2025-07-13T13:10:50.054690+00:00", "symbol": "BTC-USD"}, {"trade_id": 848213713, "side": "sell", "size": "0.00422314", "price": "118415.86000000", "time": "2025-07-13T13:10:35.418934Z", "fetched_at": "2025-07-13T13:10:50.054690+00:00", "symbol": "BTC-USD"}, {"trade_id": 848213712, "side": "sell", "size": "0.00499937", "price": "118415.22000000", "time": "2025-07-13T13:10:35.418934Z", "fetched_at": "2025-07-13T13:10:50.054690+00:00", "symbol": "BTC-USD"}, {"trade_id": 848213711, "side": "sell", "size": "0.00347497", "price": "118415.21000000", "time": "2025-07-13T13:10:35.418934Z", "fetched_at": "2025-07-13T13:10:50.054690+00:00", "symbol": "BTC-USD"}, {"trade_id": 848213710, "side": "sell", "size": "0.00041808", "price": "118415.21000000", "time": "2025-07-13T13:10:35.340792Z", "fetched_at": "2025-07-13T13:10:50.054690+00:00", "symbol": "BTC-USD"}, {"trade_id": 848213709, "side": "sell", "size": "0.00000922", "price": "118415.21000000", "time": "2025-07-13T13:10:33.817496Z", "fetched_at": "2025-07-13T13:10:50.054690+00:00", "symbol": "BTC-USD"}, {"trade_id": 848213708, "side": "sell", "size": "0.00008447", "price": "118415.20000000", "time": "2025-07-13T13:10:33.817496Z", "fetched_at": "2025-07-13T13:10:50.054690+00:00", "symbol": "BTC-USD"}, {"trade_id": 848213707, "side": "sell", "size": "0.00001034", "price": "118410.43000000", "time": "2025-07-13T13:10:33.742097Z", "fetched_at": "2025-07-13T13:10:50.054690+00:00", "symbol": "BTC-USD"}, {"trade_id": 848213706, "side": "sell", "size": "0.00008447", "price": "118405.92000000", "time": "2025-07-13T13:10:33.449275Z", "fetched_at": "2025-07-13T13:10:50.054690+00:00", "symbol": "BTC-USD"}, {"trade_id": 848213705, "side": "sell", "size": "0.00109716", "price": "118415.21000000", "time": "2025-07-13T13:10:33.271429Z", "fetched_at": "2025-07-13T13:10:50.054690+00:00", "symbol": "BTC-USD"}, {"trade_id": 848213704, "side": "sell", "size": "0.00001000", "price": "118414.80000000", "time": "2025-07-13T13:10:33.271429Z", "fetched_at": "2025-07-13T13:10:50.054690+00:00", "symbol": "BTC-USD"}, {"trade_id": 848213703, "side": "sell", "size": "0.00008447", "price": "118405.92000000", "time": "2025-07-13T13:10:33.271429Z", "fetched_at": "2025-07-13T13:10:50.054690+00:00", "symbol": "BTC-USD"}, {"trade_id": 848213702, "side": "sell", "size": "0.00001000", "price": "118405.92000000", "time": "2025-07-13T13:10:33.271429Z", "fetched_at": "2025-07-13T13:10:50.054690+00:00", "symbol": "BTC-USD"}, {"trade_id": 848213701, "side": "buy", "size": "0.00021327", "price": "118402.96000000", "time": "2025-07-13T13:10:33.081003Z", "fetched_at": "2025-07-13T13:10:50.054690+00:00", "symbol": "BTC-USD"}, {"trade_id": 848213700, "side": "sell", "size": "0.00008447", "price": "118400.00000000", "time": "2025-07-13T13:10:33.063341Z", "fetched_at": "2025-07-13T13:10:50.054690+00:00", "symbol": "BTC-USD"}, {"trade_id": 848213699, "side": "sell", "size": "0.13266136", "price": "118400.00000000", "time": "2025-07-13T13:10:33.061420Z", "fetched_at": "2025-07-13T13:10:50.054690+00:00", "symbol": "BTC-USD"}, {"trade_id": 848213698, "side": "sell", "size": "0.13112147", "price": "118400.00000000", "time": "2025-07-13T13:10:33.058456Z", "fetched_at": "2025-07-13T13:10:50.054690+00:00", "symbol": "BTC-USD"}, {"trade_id": 848213697, "side": "sell", "size": "0.10372780", "price": "118400.00000000", "time": "2025-07-13T13:10:33.058124Z", "fetched_at": "2025-07-13T13:10:50.054690+00:00", "symbol": "BTC-USD"}, {"trade_id": 848213696, "side": "sell", "size": "0.00826883", "price": "118400.00000000", "time": "2025-07-13T13:10:33.050915Z", "fetched_at": "2025-07-13T13:10:50.054690+00:00", "symbol": "BTC-USD"}, {"trade_id": 848213695, "side": "sell", "size": "0.02236482", "price": "118400.00000000", "time": "2025-07-13T13:10:33.049623Z", "fetched_at": "2025-07-13T13:10:50.054690+00:00", "symbol": "BTC-USD"}, {"trade_id": 848213694, "side": "sell", "size": "0.00815899", "price": "118400.00000000", "time": "2025-07-13T13:10:33.049600Z", "fetched_at": "2025-07-13T13:10:50.054690+00:00", "symbol": "BTC-USD"}, {"trade_id": 848213693, "side": "sell", "size": "0.01088574", "price": "118400.00000000", "time": "2025-07-13T13:10:33.049367Z", "fetched_at": "2025-07-13T13:10:50.054690+00:00", "symbol": "BTC-USD"}, {"trade_id": 848213692, "side": "sell", "size": "0.01226729", "price": "118400.00000000", "time": "2025-07-13T13:10:33.049284Z", "fetched_at": "2025-07-13T13:10:50.054690+00:00", "symbol": "BTC-USD"}, {"trade_id": 848213691, "side": "sell", "size": "0.01480469", "price": "118400.00000000", "time": "2025-07-13T13:10:33.049232Z", "fetched_at": "2025-07-13T13:10:50.054690+00:00", "symbol": "BTC-USD"}, {"trade_id": 848213690, "side": "sell", "size": "0.01339881", "price": "118400.00000000", "time": "2025-07-13T13:10:33.048867Z", "fetched_at": "2025-07-13T13:10:50.054690+00:00", "symbol": "BTC-USD"}, {"trade_id": 848213689, "side": "sell", "size": "0.03639877", "price": "118400.00000000", "time": "2025-07-13T13:10:33.048851Z", "fetched_at": "2025-07-13T13:10:50.054690+00:00", "symbol": "BTC-USD"}, {"trade_id": 848213688, "side": "sell", "size": "0.03526616", "price": "118400.00000000", "time": "2025-07-13T13:10:33.048688Z", "fetched_at": "2025-07-13T13:10:50.054690+00:00", "symbol": "BTC-USD"}, {"trade_id": 848213687, "side": "sell", "size": "0.01435054", "price": "118400.00000000", "time": "2025-07-13T13:10:33.048678Z", "fetched_at": "2025-07-13T13:10:50.054690+00:00", "symbol": "BTC-USD"}, {"trade_id": 848213686, "side": "sell", "size": "0.02958928", "price": "118400.00000000", "time": "2025-07-13T13:10:33.048603Z", "fetched_at": "2025-07-13T13:10:50.054690+00:00", "symbol": "BTC-USD"}, {"trade_id": 848213685, "side": "sell", "size": "0.02734396", "price": "118400.00000000", "time": "2025-07-13T13:10:33.048559Z", "fetched_at": "2025-07-13T13:10:50.054690+00:00", "symbol": "BTC-USD"}, {"trade_id": 848213684, "side": "sell", "size": "0.17000000", "price": "118400.00000000", "time": "2025-07-13T13:10:33.047855Z", "fetched_at": "2025-07-13T13:10:50.054690+00:00", "symbol": "BTC-USD"}, {"trade_id": 848213683, "side": "sell", "size": "0.01909203", "price": "118400.00000000", "time": "2025-07-13T13:10:33.046040Z", "fetched_at": "2025-07-13T13:10:50.054690+00:00", "symbol": "BTC-USD"}, {"trade_id": 848213682, "side": "sell", "size": "0.04585995", "price": "118400.00000000", "time": "2025-07-13T13:10:33.045988Z", "fetched_at": "2025-07-13T13:10:50.054690+00:00", "symbol": "BTC-USD"}, {"trade_id": 848213681, "side": "sell", "size": "0.00800541", "price": "118400.00000000", "time": "2025-07-13T13:10:33.045878Z", "fetched_at": "2025-07-13T13:10:50.054690+00:00", "symbol": "BTC-USD"}, {"trade_id": 848213680, "side": "sell", "size": "0.00351062", "price": "118400.00000000", "time": "2025-07-13T13:10:33.044989Z", "fetched_at": "2025-07-13T13:10:50.054690+00:00", "symbol": "BTC-USD"}, {"trade_id": 848213679, "side": "sell", "size": "0.10939076", "price": "118400.00000000", "time": "2025-07-13T13:10:33.041632Z", "fetched_at": "2025-07-13T13:10:50.054690+00:00", "symbol": "BTC-USD"}, {"trade_id": 848213678, "side": "sell", "size": "0.13929862", "price": "118400.00000000", "time": "2025-07-13T13:10:33.041559Z", "fetched_at": "2025-07-13T13:10:50.054690+00:00", "symbol": "BTC-USD"}, {"trade_id": 848213677, "side": "sell", "size": "0.12602080", "price": "118400.00000000", "time": "2025-07-13T13:10:33.041420Z", "fetched_at": "2025-07-13T13:10:50.054690+00:00", "symbol": "BTC-USD"}, {"trade_id": 848213676, "side": "sell", "size": "0.04359120", "price": "118400.00000000", "time": "2025-07-13T13:10:33.040931Z", "fetched_at": "2025-07-13T13:10:50.054690+00:00", "symbol": "BTC-USD"}, {"trade_id": 848213675, "side": "sell", "size": "0.00008447", "price": "118395.26000000", "time": "2025-07-13T13:10:33.040931Z", "fetched_at": "2025-07-13T13:10:50.054690+00:00", "symbol": "BTC-USD"}, {"trade_id": 848213674, "side": "buy", "size": "0.00025482", "price": "118395.25000000", "time": "2025-07-13T13:10:32.399407Z", "fetched_at": "2025-07-13T13:10:50.054690+00:00", "symbol": "BTC-USD"}, {"trade_id": 848213673, "side": "sell", "size": "0.00001355", "price": "118395.26000000", "time": "2025-07-13T13:10:32.214984Z", "fetched_at": "2025-07-13T13:10:50.054690+00:00", "symbol": "BTC-USD"}, {"trade_id": 848213672, "side": "sell", "size": "0.00000278", "price": "118395.26000000", "time": "2025-07-13T13:10:32.214984Z", "fetched_at": "2025-07-13T13:10:50.054690+00:00", "symbol": "BTC-USD"}, {"trade_id": 848213671, "side": "sell", "size": "0.00744716", "price": "118400.00000000", "time": "2025-07-13T13:10:31.885303Z", "fetched_at": "2025-07-13T13:10:50.054690+00:00", "symbol": "BTC-USD"}, {"trade_id": 848213670, "side": "sell", "size": "0.00008447", "price": "118395.26000000", "time": "2025-07-13T13:10:31.885303Z", "fetched_at": "2025-07-13T13:10:50.054690+00:00", "symbol": "BTC-USD"}, {"trade_id": 848213669, "side": "sell", "size": "0.00016178", "price": "118400.00000000", "time": "2025-07-13T13:10:31.461008Z", "fetched_at": "2025-07-13T13:10:50.054690+00:00", "symbol": "BTC-USD"}, {"trade_id": 848213668, "side": "sell", "size": "0.00008447", "price": "118395.26000000", "time": "2025-07-13T13:10:31.461008Z", "fetched_at": "2025-07-13T13:10:50.054690+00:00", "symbol": "BTC-USD"}, {"trade_id": 848213667, "side": "sell", "size": "0.00092258", "price": "118400.00000000", "time": "2025-07-13T13:10:31.265421Z", "fetched_at": "2025-07-13T13:10:50.054690+00:00", "symbol": "BTC-USD"}, {"trade_id": 848213666, "side": "sell", "size": "0.00000664", "price": "118395.26000000", "time": "2025-07-13T13:10:31.265421Z", "fetched_at": "2025-07-13T13:10:50.054690+00:00", "symbol": "BTC-USD"}, {"trade_id": 848213665, "side": "sell", "size": "0.00001033", "price": "118395.26000000", "time": "2025-07-13T13:10:31.265421Z", "fetched_at": "2025-07-13T13:10:50.054690+00:00", "symbol": "BTC-USD"}, {"trade_id": 848213664, "side": "sell", "size": "0.00008447", "price": "118395.26000000", "time": "2025-07-13T13:10:31.265421Z", "fetched_at": "2025-07-13T13:10:50.054690+00:00", "symbol": "BTC-USD"}, {"trade_id": 848213663, "side": "buy", "size": "0.00006856", "price": "118395.25000000", "time": "2025-07-13T13:10:31.147283Z", "fetched_at": "2025-07-13T13:10:50.054690+00:00", "symbol": "BTC-USD"}, {"trade_id": 848213662, "side": "buy", "size": "0.00794789", "price": "118395.25000000", "time": "2025-07-13T13:10:28.030847Z", "fetched_at": "2025-07-13T13:10:50.054690+00:00", "symbol": "BTC-USD"}, {"trade_id": 848213661, "side": "sell", "size": "0.00050084", "price": "118400.00000000", "time": "2025-07-13T13:10:27.877744Z", "fetched_at": "2025-07-13T13:10:50.054690+00:00", "symbol": "BTC-USD"}, {"trade_id": 848213660, "side": "sell", "size": "0.00008447", "price": "118395.26000000", "time": "2025-07-13T13:10:27.877744Z", "fetched_at": "2025-07-13T13:10:50.054690+00:00", "symbol": "BTC-USD"}, {"trade_id": 848213659, "side": "sell", "size": "0.00116977", "price": "118400.00000000", "time": "2025-07-13T13:10:27.570642Z", "fetched_at": "2025-07-13T13:10:50.054690+00:00", "symbol": "BTC-USD"}, {"trade_id": 848213658, "side": "sell", "size": "0.00008447", "price": "118395.22000000", "time": "2025-07-13T13:10:27.570642Z", "fetched_at": "2025-07-13T13:10:50.054690+00:00", "symbol": "BTC-USD"}, {"trade_id": 848213657, "side": "sell", "size": "0.00072747", "price": "118400.00000000", "time": "2025-07-13T13:10:26.923237Z", "fetched_at": "2025-07-13T13:10:50.054690+00:00", "symbol": "BTC-USD"}, {"trade_id": 848213656, "side": "sell", "size": "0.00000664", "price": "118395.16000000", "time": "2025-07-13T13:10:26.923237Z", "fetched_at": "2025-07-13T13:10:50.054690+00:00", "symbol": "BTC-USD"}, {"trade_id": 848213655, "side": "sell", "size": "0.00000219", "price": "118395.16000000", "time": "2025-07-13T13:10:26.923237Z", "fetched_at": "2025-07-13T13:10:50.054690+00:00", "symbol": "BTC-USD"}, {"trade_id": 848213654, "side": "sell", "size": "0.00008447", "price": "118395.16000000", "time": "2025-07-13T13:10:26.923237Z", "fetched_at": "2025-07-13T13:10:50.054690+00:00", "symbol": "BTC-USD"}, {"trade_id": 848213653, "side": "buy", "size": "0.00110900", "price": "118395.15000000", "time": "2025-07-13T13:10:26.252333Z", "fetched_at": "2025-07-13T13:10:50.054690+00:00", "symbol": "BTC-USD"}, {"trade_id": 848213652, "side": "sell", "size": "0.00189789", "price": "118400.00000000", "time": "2025-07-13T13:10:25.140061Z", "fetched_at": "2025-07-13T13:10:50.054690+00:00", "symbol": "BTC-USD"}, {"trade_id": 848213651, "side": "sell", "size": "0.00008447", "price": "118395.15000000", "time": "2025-07-13T13:10:25.140061Z", "fetched_at": "2025-07-13T13:10:50.054690+00:00", "symbol": "BTC-USD"}, {"trade_id": 848213650, "side": "sell", "size": "0.00001034", "price": "118395.15000000", "time": "2025-07-13T13:10:25.140061Z", "fetched_at": "2025-07-13T13:10:50.054690+00:00", "symbol": "BTC-USD"}, {"trade_id": 848213649, "side": "sell", "size": "0.00401952", "price": "118400.00000000", "time": "2025-07-13T13:10:23.437776Z", "fetched_at": "2025-07-13T13:10:50.054690+00:00", "symbol": "BTC-USD"}, {"trade_id": 848213648, "side": "sell", "size": "0.00008447", "price": "118395.15000000", "time": "2025-07-13T13:10:23.437776Z", "fetched_at": "2025-07-13T13:10:50.054690+00:00", "symbol": "BTC-USD"}, {"trade_id": 848213647, "side": "sell", "size": "0.00008447", "price": "118395.15000000", "time": "2025-07-13T13:10:21.559999Z", "fetched_at": "2025-07-13T13:10:50.054690+00:00", "symbol": "BTC-USD"}, {"trade_id": 848213646, "side": "sell", "size": "0.00155185", "price": "118399.53000000", "time": "2025-07-13T13:10:20.951426Z", "fetched_at": "2025-07-13T13:10:50.054690+00:00", "symbol": "BTC-USD"}, {"trade_id": 848213645, "side": "sell", "size": "0.00000961", "price": "118395.15000000", "time": "2025-07-13T13:10:20.951426Z", "fetched_at": "2025-07-13T13:10:50.054690+00:00", "symbol": "BTC-USD"}, {"trade_id": 848213644, "side": "sell", "size": "0.00000135", "price": "118395.15000000", "time": "2025-07-13T13:10:20.951426Z", "fetched_at": "2025-07-13T13:10:50.054690+00:00", "symbol": "BTC-USD"}, {"trade_id": 848213643, "side": "sell", "size": "0.00008447", "price": "118395.15000000", "time": "2025-07-13T13:10:20.951426Z", "fetched_at": "2025-07-13T13:10:50.054690+00:00", "symbol": "BTC-USD"}, {"trade_id": 848213642, "side": "sell", "size": "0.00014692", "price": "118399.99000000", "time": "2025-07-13T13:10:20.226931Z", "fetched_at": "2025-07-13T13:10:50.054690+00:00", "symbol": "BTC-USD"}, {"trade_id": 848213641, "side": "sell", "size": "0.00001052", "price": "118395.15000000", "time": "2025-07-13T13:10:20.226931Z", "fetched_at": "2025-07-13T13:10:50.054690+00:00", "symbol": "BTC-USD"}, {"trade_id": 848213640, "side": "sell", "size": "0.00000219", "price": "118395.15000000", "time": "2025-07-13T13:10:20.226931Z", "fetched_at": "2025-07-13T13:10:50.054690+00:00", "symbol": "BTC-USD"}, {"trade_id": 848213639, "side": "sell", "size": "0.00008069", "price": "118395.15000000", "time": "2025-07-13T13:10:20.226931Z", "fetched_at": "2025-07-13T13:10:50.054690+00:00", "symbol": "BTC-USD"}, {"trade_id": 848213638, "side": "sell", "size": "0.00000378", "price": "118395.15000000", "time": "2025-07-13T13:10:20.158933Z", "fetched_at": "2025-07-13T13:10:50.054690+00:00", "symbol": "BTC-USD"}, {"trade_id": 848213637, "side": "sell", "size": "0.00826681", "price": "118399.88000000", "time": "2025-07-13T13:10:18.076236Z", "fetched_at": "2025-07-13T13:10:50.054690+00:00", "symbol": "BTC-USD"}, {"trade_id": 848213636, "side": "sell", "size": "0.00008447", "price": "118395.15000000", "time": "2025-07-13T13:10:18.076236Z", "fetched_at": "2025-07-13T13:10:50.054690+00:00", "symbol": "BTC-USD"}, {"trade_id": 848213635, "side": "sell", "size": "0.00001055", "price": "118395.15000000", "time": "2025-07-13T13:10:18.076236Z", "fetched_at": "2025-07-13T13:10:50.054690+00:00", "symbol": "BTC-USD"}, {"trade_id": 848213634, "side": "buy", "size": "0.00001807", "price": "118395.14000000", "time": "2025-07-13T13:10:15.656510Z", "fetched_at": "2025-07-13T13:10:50.054690+00:00", "symbol": "BTC-USD"}, {"trade_id": 848213633, "side": "sell", "size": "0.00000211", "price": "118398.38000000", "time": "2025-07-13T13:10:15.015129Z", "fetched_at": "2025-07-13T13:10:50.054690+00:00", "symbol": "BTC-USD"}, {"trade_id": 848213632, "side": "sell", "size": "0.00008447", "price": "118395.15000000", "time": "2025-07-13T13:10:15.015129Z", "fetched_at": "2025-07-13T13:10:50.054690+00:00", "symbol": "BTC-USD"}, {"trade_id": 848213631, "side": "sell", "size": "0.00016486", "price": "118398.38000000", "time": "2025-07-13T13:10:14.340449Z", "fetched_at": "2025-07-13T13:10:50.054690+00:00", "symbol": "BTC-USD"}, {"trade_id": 848213630, "side": "sell", "size": "0.00001015", "price": "118395.15000000", "time": "2025-07-13T13:10:14.340449Z", "fetched_at": "2025-07-13T13:10:50.054690+00:00", "symbol": "BTC-USD"}, {"trade_id": 848213629, "side": "sell", "size": "0.00000367", "price": "118395.15000000", "time": "2025-07-13T13:10:14.340449Z", "fetched_at": "2025-07-13T13:10:50.054690+00:00", "symbol": "BTC-USD"}, {"trade_id": 848213628, "side": "sell", "size": "0.00008447", "price": "118395.15000000", "time": "2025-07-13T13:10:14.340449Z", "fetched_at": "2025-07-13T13:10:50.054690+00:00", "symbol": "BTC-USD"}, {"trade_id": 848213627, "side": "buy", "size": "0.01699541", "price": "118395.14000000", "time": "2025-07-13T13:10:14.230403Z", "fetched_at": "2025-07-13T13:10:50.054690+00:00", "symbol": "BTC-USD"}, {"trade_id": 848213626, "side": "sell", "size": "0.00114874", "price": "118398.38000000", "time": "2025-07-13T13:10:13.435022Z", "fetched_at": "2025-07-13T13:10:50.054690+00:00", "symbol": "BTC-USD"}, {"trade_id": 848213625, "side": "sell", "size": "0.00001033", "price": "118395.15000000", "time": "2025-07-13T13:10:13.435022Z", "fetched_at": "2025-07-13T13:10:50.054690+00:00", "symbol": "BTC-USD"}, {"trade_id": 848213624, "side": "sell", "size": "0.00000664", "price": "118395.15000000", "time": "2025-07-13T13:10:13.435022Z", "fetched_at": "2025-07-13T13:10:50.054690+00:00", "symbol": "BTC-USD"}, {"trade_id": 848213623, "side": "sell", "size": "0.00008447", "price": "118395.15000000", "time": "2025-07-13T13:10:13.435022Z", "fetched_at": "2025-07-13T13:10:50.054690+00:00", "symbol": "BTC-USD"}, {"trade_id": 848213622, "side": "sell", "size": "0.00001729", "price": "118395.15000000", "time": "2025-07-13T13:10:13.161032Z", "fetched_at": "2025-07-13T13:10:50.054690+00:00", "symbol": "BTC-USD"}, {"trade_id": 848213621, "side": "sell", "size": "0.00000664", "price": "118395.15000000", "time": "2025-07-13T13:10:13.161032Z", "fetched_at": "2025-07-13T13:10:50.054690+00:00", "symbol": "BTC-USD"}, {"trade_id": 848213620, "side": "sell", "size": "0.00001034", "price": "118395.15000000", "time": "2025-07-13T13:10:13.161032Z", "fetched_at": "2025-07-13T13:10:50.054690+00:00", "symbol": "BTC-USD"}, {"trade_id": 848213619, "side": "sell", "size": "0.00000545", "price": "118395.15000000", "time": "2025-07-13T13:10:13.161032Z", "fetched_at": "2025-07-13T13:10:50.054690+00:00", "symbol": "BTC-USD"}, {"trade_id": 848213618, "side": "sell", "size": "0.00082077", "price": "118395.15000000", "time": "2025-07-13T13:10:13.032753Z", "fetched_at": "2025-07-13T13:10:50.054690+00:00", "symbol": "BTC-USD"}, {"trade_id": 848213617, "side": "sell", "size": "0.00086185", "price": "118395.15000000", "time": "2025-07-13T13:10:12.496153Z", "fetched_at": "2025-07-13T13:10:50.054690+00:00", "symbol": "BTC-USD"}, {"trade_id": 848213616, "side": "buy", "size": "0.00012669", "price": "118395.14000000", "time": "2025-07-13T13:10:12.346378Z", "fetched_at": "2025-07-13T13:10:50.054690+00:00", "symbol": "BTC-USD"}, {"trade_id": 848213615, "side": "sell", "size": "0.00041040", "price": "118395.15000000", "time": "2025-07-13T13:10:11.180509Z", "fetched_at": "2025-07-13T13:10:50.054690+00:00", "symbol": "BTC-USD"}, {"trade_id": 848213614, "side": "sell", "size": "0.01805034", "price": "118395.15000000", "time": "2025-07-13T13:10:10.494569Z", "fetched_at": "2025-07-13T13:10:50.054690+00:00", "symbol": "BTC-USD"}, {"trade_id": 848213613, "side": "sell", "size": "0.00011743", "price": "118395.15000000", "time": "2025-07-13T13:10:10.332860Z", "fetched_at": "2025-07-13T13:10:50.054690+00:00", "symbol": "BTC-USD"}, {"trade_id": 848213612, "side": "buy", "size": "0.00005570", "price": "118395.14000000", "time": "2025-07-13T13:10:09.995756Z", "fetched_at": "2025-07-13T13:10:50.054690+00:00", "symbol": "BTC-USD"}, {"trade_id": 848213611, "side": "buy", "size": "0.00187494", "price": "118395.14000000", "time": "2025-07-13T13:10:09.995756Z", "fetched_at": "2025-07-13T13:10:50.054690+00:00", "symbol": "BTC-USD"}, {"trade_id": 848213610, "side": "buy", "size": "0.00230461", "price": "118395.14000000", "time": "2025-07-13T13:10:09.986610Z", "fetched_at": "2025-07-13T13:10:50.054690+00:00", "symbol": "BTC-USD"}, {"trade_id": 848213609, "side": "sell", "size": "0.00006135", "price": "118395.15000000", "time": "2025-07-13T13:10:09.882025Z", "fetched_at": "2025-07-13T13:10:50.054690+00:00", "symbol": "BTC-USD"}, {"trade_id": 848213608, "side": "sell", "size": "0.00252375", "price": "118395.15000000", "time": "2025-07-13T13:10:08.025589Z", "fetched_at": "2025-07-13T13:10:50.054690+00:00", "symbol": "BTC-USD"}, {"trade_id": 848213607, "side": "buy", "size": "0.00112336", "price": "118395.14000000", "time": "2025-07-13T13:10:07.700634Z", "fetched_at": "2025-07-13T13:10:50.054690+00:00", "symbol": "BTC-USD"}, {"trade_id": 848213606, "side": "sell", "size": "0.00016414", "price": "118395.15000000", "time": "2025-07-13T13:10:07.219433Z", "fetched_at": "2025-07-13T13:10:50.054690+00:00", "symbol": "BTC-USD"}, {"trade_id": 848213605, "side": "buy", "size": "0.00042655", "price": "118395.14000000", "time": "2025-07-13T13:10:07.104432Z", "fetched_at": "2025-07-13T13:10:50.054690+00:00", "symbol": "BTC-USD"}, {"trade_id": 848213604, "side": "sell", "size": "0.00779701", "price": "118395.15000000", "time": "2025-07-13T13:10:06.986913Z", "fetched_at": "2025-07-13T13:10:50.054690+00:00", "symbol": "BTC-USD"}, {"trade_id": 848213603, "side": "sell", "size": "0.00041212", "price": "118395.15000000", "time": "2025-07-13T13:10:06.986913Z", "fetched_at": "2025-07-13T13:10:50.054690+00:00", "symbol": "BTC-USD"}, {"trade_id": 848213602, "side": "sell", "size": "0.00393984", "price": "118395.15000000", "time": "2025-07-13T13:10:06.939769Z", "fetched_at": "2025-07-13T13:10:50.054690+00:00", "symbol": "BTC-USD"}, {"trade_id": 848213601, "side": "buy", "size": "0.00008531", "price": "118395.14000000", "time": "2025-07-13T13:10:06.574404Z", "fetched_at": "2025-07-13T13:10:50.054690+00:00", "symbol": "BTC-USD"}, {"trade_id": 848213600, "side": "sell", "size": "0.00028000", "price": "118395.15000000", "time": "2025-07-13T13:10:06.262497Z", "fetched_at": "2025-07-13T13:10:50.054690+00:00", "symbol": "BTC-USD"}, {"trade_id": 848213599, "side": "sell", "size": "0.00016414", "price": "118395.15000000", "time": "2025-07-13T13:10:05.605934Z", "fetched_at": "2025-07-13T13:10:50.054690+00:00", "symbol": "BTC-USD"}, {"trade_id": 848213598, "side": "sell", "size": "0.00160230", "price": "118395.15000000", "time": "2025-07-13T13:10:05.324595Z", "fetched_at": "2025-07-13T13:10:50.054690+00:00", "symbol": "BTC-USD"}, {"trade_id": 848213597, "side": "sell", "size": "0.00041808", "price": "118395.15000000", "time": "2025-07-13T13:10:05.260355Z", "fetched_at": "2025-07-13T13:10:50.054690+00:00", "symbol": "BTC-USD"}, {"trade_id": 848213596, "side": "sell", "size": "0.00046739", "price": "118395.15000000", "time": "2025-07-13T13:10:04.907472Z", "fetched_at": "2025-07-13T13:10:50.054690+00:00", "symbol": "BTC-USD"}, {"trade_id": 848213595, "side": "sell", "size": "0.00041808", "price": "118395.15000000", "time": "2025-07-13T13:10:04.025645Z", "fetched_at": "2025-07-13T13:10:50.054690+00:00", "symbol": "BTC-USD"}, {"trade_id": 848213594, "side": "sell", "size": "0.00001182", "price": "118395.15000000", "time": "2025-07-13T13:10:03.902362Z", "fetched_at": "2025-07-13T13:10:50.054690+00:00", "symbol": "BTC-USD"}, {"trade_id": 848213593, "side": "sell", "size": "0.00002132", "price": "118395.15000000", "time": "2025-07-13T13:10:03.650165Z", "fetched_at": "2025-07-13T13:10:50.054690+00:00", "symbol": "BTC-USD"}, {"trade_id": 848213592, "side": "sell", "size": "0.00015514", "price": "118395.15000000", "time": "2025-07-13T13:10:02.678172Z", "fetched_at": "2025-07-13T13:10:50.054690+00:00", "symbol": "BTC-USD"}, {"trade_id": 848213591, "side": "sell", "size": "0.00008447", "price": "118395.15000000", "time": "2025-07-13T13:10:02.678172Z", "fetched_at": "2025-07-13T13:10:50.054690+00:00", "symbol": "BTC-USD"}, {"trade_id": 848213590, "side": "sell", "size": "0.00000664", "price": "118395.15000000", "time": "2025-07-13T13:10:02.678172Z", "fetched_at": "2025-07-13T13:10:50.054690+00:00", "symbol": "BTC-USD"}, {"trade_id": 848213589, "side": "buy", "size": "0.00021326", "price": "118395.14000000", "time": "2025-07-13T13:10:02.152320Z", "fetched_at": "2025-07-13T13:10:50.054690+00:00", "symbol": "BTC-USD"}, {"trade_id": 848213588, "side": "buy", "size": "0.00000240", "price": "118395.14000000", "time": "2025-07-13T13:10:01.796229Z", "fetched_at": "2025-07-13T13:10:50.054690+00:00", "symbol": "BTC-USD"}, {"trade_id": 848213587, "side": "buy", "size": "0.02602035", "price": "118395.14000000", "time": "2025-07-13T13:10:00.989480Z", "fetched_at": "2025-07-13T13:10:50.054690+00:00", "symbol": "BTC-USD"}, {"trade_id": 848213586, "side": "buy", "size": "0.00000900", "price": "118395.14000000", "time": "2025-07-13T13:10:00.989480Z", "fetched_at": "2025-07-13T13:10:50.054690+00:00", "symbol": "BTC-USD"}, {"trade_id": 848213585, "side": "buy", "size": "0.00844629", "price": "118395.14000000", "time": "2025-07-13T13:10:00.989480Z", "fetched_at": "2025-07-13T13:10:50.054690+00:00", "symbol": "BTC-USD"}, {"trade_id": 848213584, "side": "sell", "size": "0.00003972", "price": "118395.15000000", "time": "2025-07-13T13:10:00.734843Z", "fetched_at": "2025-07-13T13:10:50.054690+00:00", "symbol": "BTC-USD"}, {"trade_id": 848213583, "side": "sell", "size": "0.00006898", "price": "118395.15000000", "time": "2025-07-13T13:09:59.872066Z", "fetched_at": "2025-07-13T13:10:50.054690+00:00", "symbol": "BTC-USD"}, {"trade_id": 848213582, "side": "sell", "size": "0.00005632", "price": "118398.38000000", "time": "2025-07-13T13:09:59.524173Z", "fetched_at": "2025-07-13T13:10:50.054690+00:00", "symbol": "BTC-USD"}, {"trade_id": 848213581, "side": "sell", "size": "0.00002730", "price": "118395.12000000", "time": "2025-07-13T13:09:59.524173Z", "fetched_at": "2025-07-13T13:10:50.054690+00:00", "symbol": "BTC-USD"}, {"trade_id": 848213580, "side": "sell", "size": "0.00017296", "price": "118398.38000000", "time": "2025-07-13T13:09:59.478627Z", "fetched_at": "2025-07-13T13:10:50.054690+00:00", "symbol": "BTC-USD"}, {"trade_id": 848213579, "side": "sell", "size": "0.00002730", "price": "118395.12000000", "time": "2025-07-13T13:09:59.478627Z", "fetched_at": "2025-07-13T13:10:50.054690+00:00", "symbol": "BTC-USD"}, {"trade_id": 848213578, "side": "buy", "size": "0.00007899", "price": "118392.57000000", "time": "2025-07-13T13:09:59.331029Z", "fetched_at": "2025-07-13T13:10:50.054690+00:00", "symbol": "BTC-USD"}, {"trade_id": 848213577, "side": "buy", "size": "0.00000900", "price": "118395.11000000", "time": "2025-07-13T13:09:59.331029Z", "fetched_at": "2025-07-13T13:10:50.054690+00:00", "symbol": "BTC-USD"}, {"trade_id": 848213576, "side": "sell", "size": "0.00038435", "price": "118398.38000000", "time": "2025-07-13T13:09:59.285372Z", "fetched_at": "2025-07-13T13:10:50.054690+00:00", "symbol": "BTC-USD"}, {"trade_id": 848213575, "side": "sell", "size": "0.00002604", "price": "118395.12000000", "time": "2025-07-13T13:09:59.285372Z", "fetched_at": "2025-07-13T13:10:50.054690+00:00", "symbol": "BTC-USD"}, {"trade_id": 848213574, "side": "sell", "size": "0.00002509", "price": "118395.12000000", "time": "2025-07-13T13:09:59.235817Z", "fetched_at": "2025-07-13T13:10:50.054690+00:00", "symbol": "BTC-USD"}, {"trade_id": 848213573, "side": "sell", "size": "0.00002117", "price": "118398.38000000", "time": "2025-07-13T13:09:58.846069Z", "fetched_at": "2025-07-13T13:10:50.054690+00:00", "symbol": "BTC-USD"}, {"trade_id": 848213572, "side": "sell", "size": "0.00001033", "price": "118395.12000000", "time": "2025-07-13T13:09:58.846069Z", "fetched_at": "2025-07-13T13:10:50.054690+00:00", "symbol": "BTC-USD"}, {"trade_id": 848213571, "side": "sell", "size": "0.00001031", "price": "118395.12000000", "time": "2025-07-13T13:09:58.846069Z", "fetched_at": "2025-07-13T13:10:50.054690+00:00", "symbol": "BTC-USD"}, {"trade_id": 848213570, "side": "buy", "size": "0.00400000", "price": "118395.11000000", "time": "2025-07-13T13:09:58.840843Z", "fetched_at": "2025-07-13T13:10:50.054690+00:00", "symbol": "BTC-USD"}, {"trade_id": 848213569, "side": "sell", "size": "0.00019778", "price": "118398.38000000", "time": "2025-07-13T13:09:58.375377Z", "fetched_at": "2025-07-13T13:10:50.054690+00:00", "symbol": "BTC-USD"}, {"trade_id": 848213568, "side": "sell", "size": "0.00001126", "price": "118395.12000000", "time": "2025-07-13T13:09:58.375377Z", "fetched_at": "2025-07-13T13:10:50.054690+00:00", "symbol": "BTC-USD"}, {"trade_id": 848213567, "side": "sell", "size": "0.00039270", "price": "118398.38000000", "time": "2025-07-13T13:09:58.248936Z", "fetched_at": "2025-07-13T13:10:50.054690+00:00", "symbol": "BTC-USD"}, {"trade_id": 848213566, "side": "sell", "size": "0.00002539", "price": "118394.47000000", "time": "2025-07-13T13:09:58.248936Z", "fetched_at": "2025-07-13T13:10:50.054690+00:00", "symbol": "BTC-USD"}, {"trade_id": 848213565, "side": "buy", "size": "0.00007949", "price": "118394.46000000", "time": "2025-07-13T13:09:58.065789Z", "fetched_at": "2025-07-13T13:10:50.054690+00:00", "symbol": "BTC-USD"}, {"trade_id": 848213564, "side": "buy", "size": "0.00033815", "price": "118394.46000000", "time": "2025-07-13T13:09:57.702109Z", "fetched_at": "2025-07-13T13:10:50.054690+00:00", "symbol": "BTC-USD"}, {"trade_id": 848213563, "side": "sell", "size": "0.00000306", "price": "118394.47000000", "time": "2025-07-13T13:09:57.222490Z", "fetched_at": "2025-07-13T13:10:50.054690+00:00", "symbol": "BTC-USD"}, {"trade_id": 848213562, "side": "sell", "size": "0.00006713", "price": "118398.38000000", "time": "2025-07-13T13:09:57.007656Z", "fetched_at": "2025-07-13T13:10:50.054690+00:00", "symbol": "BTC-USD"}, {"trade_id": 848213561, "side": "sell", "size": "0.00003112", "price": "118398.37000000", "time": "2025-07-13T13:09:57.007656Z", "fetched_at": "2025-07-13T13:10:50.054690+00:00", "symbol": "BTC-USD"}, {"trade_id": 848213560, "side": "sell", "size": "0.00083616", "price": "118390.04000000", "time": "2025-07-13T13:09:56.435619Z", "fetched_at": "2025-07-13T13:10:50.054690+00:00", "symbol": "BTC-USD"}, {"trade_id": 848213559, "side": "sell", "size": "0.00020519", "price": "118390.04000000", "time": "2025-07-13T13:09:56.173619Z", "fetched_at": "2025-07-13T13:10:50.054690+00:00", "symbol": "BTC-USD"}, {"trade_id": 848213558, "side": "sell", "size": "0.00016250", "price": "118395.03000000", "time": "2025-07-13T13:09:55.832267Z", "fetched_at": "2025-07-13T13:10:50.054690+00:00", "symbol": "BTC-USD"}, {"trade_id": 848213557, "side": "sell", "size": "0.00000664", "price": "118395.02000000", "time": "2025-07-13T13:09:55.832267Z", "fetched_at": "2025-07-13T13:10:50.054690+00:00", "symbol": "BTC-USD"}, {"trade_id": 848213556, "side": "sell", "size": "0.00003112", "price": "118395.01000000", "time": "2025-07-13T13:09:55.832267Z", "fetched_at": "2025-07-13T13:10:50.054690+00:00", "symbol": "BTC-USD"}, {"trade_id": 848213555, "side": "buy", "size": "0.00025466", "price": "118390.03000000", "time": "2025-07-13T13:09:55.617705Z", "fetched_at": "2025-07-13T13:10:50.054690+00:00", "symbol": "BTC-USD"}, {"trade_id": 848213554, "side": "sell", "size": "0.00093291", "price": "118395.03000000", "time": "2025-07-13T13:09:55.036269Z", "fetched_at": "2025-07-13T13:10:50.054690+00:00", "symbol": "BTC-USD"}, {"trade_id": 848213553, "side": "sell", "size": "0.00003112", "price": "118390.04000000", "time": "2025-07-13T13:09:55.036269Z", "fetched_at": "2025-07-13T13:10:50.054690+00:00", "symbol": "BTC-USD"}, {"trade_id": 848213552, "side": "sell", "size": "0.00041039", "price": "118395.03000000", "time": "2025-07-13T13:09:53.859346Z", "fetched_at": "2025-07-13T13:10:50.054690+00:00", "symbol": "BTC-USD"}, {"trade_id": 848213551, "side": "sell", "size": "0.00039854", "price": "118395.03000000", "time": "2025-07-13T13:09:53.706350Z", "fetched_at": "2025-07-13T13:10:50.054690+00:00", "symbol": "BTC-USD"}, {"trade_id": 848213550, "side": "sell", "size": "0.00001034", "price": "118395.02000000", "time": "2025-07-13T13:09:53.706350Z", "fetched_at": "2025-07-13T13:10:50.054690+00:00", "symbol": "BTC-USD"}, {"trade_id": 848213549, "side": "sell", "size": "0.00003112", "price": "118395.01000000", "time": "2025-07-13T13:09:53.706350Z", "fetched_at": "2025-07-13T13:10:50.054690+00:00", "symbol": "BTC-USD"}, {"trade_id": 848213548, "side": "sell", "size": "0.00083616", "price": "118395.02000000", "time": "2025-07-13T13:09:53.057511Z", "fetched_at": "2025-07-13T13:10:50.054690+00:00", "symbol": "BTC-USD"}, {"trade_id": 848213547, "side": "sell", "size": "0.00126600", "price": "118387.63000000", "time": "2025-07-13T13:09:52.394075Z", "fetched_at": "2025-07-13T13:10:50.054690+00:00", "symbol": "BTC-USD"}, {"trade_id": 848213546, "side": "buy", "size": "0.00295803", "price": "118387.62000000", "time": "2025-07-13T13:09:52.347673Z", "fetched_at": "2025-07-13T13:10:50.054690+00:00", "symbol": "BTC-USD"}, {"trade_id": 848213545, "side": "buy", "size": "0.00004197", "price": "118387.66000000", "time": "2025-07-13T13:09:52.347673Z", "fetched_at": "2025-07-13T13:10:50.054690+00:00", "symbol": "BTC-USD"}, {"trade_id": 848213544, "side": "sell", "size": "0.00250848", "price": "118387.67000000", "time": "2025-07-13T13:09:52.244669Z", "fetched_at": "2025-07-13T13:10:50.054690+00:00", "symbol": "BTC-USD"}, {"trade_id": 848213543, "side": "sell", "size": "0.00041808", "price": "118395.42000000", "time": "2025-07-13T13:09:51.640133Z", "fetched_at": "2025-07-13T13:10:50.054690+00:00", "symbol": "BTC-USD"}, {"trade_id": 848213542, "side": "sell", "size": "0.00042685", "price": "118398.38000000", "time": "2025-07-13T13:09:51.090565Z", "fetched_at": "2025-07-13T13:10:50.054690+00:00", "symbol": "BTC-USD"}, {"trade_id": 848213541, "side": "sell", "size": "0.00003112", "price": "118398.37000000", "time": "2025-07-13T13:09:51.090565Z", "fetched_at": "2025-07-13T13:10:50.054690+00:00", "symbol": "BTC-USD"}, {"trade_id": 848213540, "side": "sell", "size": "0.00120420", "price": "118398.38000000", "time": "2025-07-13T13:09:50.919988Z", "fetched_at": "2025-07-13T13:10:50.054690+00:00", "symbol": "BTC-USD"}, {"trade_id": 848213539, "side": "sell", "size": "0.00003112", "price": "118398.37000000", "time": "2025-07-13T13:09:50.919988Z", "fetched_at": "2025-07-13T13:10:50.054690+00:00", "symbol": "BTC-USD"}, {"trade_id": 848213538, "side": "sell", "size": "0.00000664", "price": "118395.62000000", "time": "2025-07-13T13:09:50.919988Z", "fetched_at": "2025-07-13T13:10:50.054690+00:00", "symbol": "BTC-USD"}, {"trade_id": 848213537, "side": "sell", "size": "0.00001033", "price": "118395.62000000", "time": "2025-07-13T13:09:50.919988Z", "fetched_at": "2025-07-13T13:10:50.054690+00:00", "symbol": "BTC-USD"}, {"trade_id": 848213536, "side": "buy", "size": "0.00579623", "price": "118395.61000000", "time": "2025-07-13T13:09:48.629469Z", "fetched_at": "2025-07-13T13:10:50.054690+00:00", "symbol": "BTC-USD"}, {"trade_id": 848213535, "side": "buy", "size": "0.01583255", "price": "118393.23000000", "time": "2025-07-13T13:09:47.224809Z", "fetched_at": "2025-07-13T13:10:50.054690+00:00", "symbol": "BTC-USD"}, {"trade_id": 848213534, "side": "buy", "size": "0.00528275", "price": "118393.23000000", "time": "2025-07-13T13:09:47.224809Z", "fetched_at": "2025-07-13T13:10:50.054690+00:00", "symbol": "BTC-USD"}, {"trade_id": 848213533, "side": "buy", "size": "0.00012268", "price": "118393.23000000", "time": "2025-07-13T13:09:47.041163Z", "fetched_at": "2025-07-13T13:10:50.054690+00:00", "symbol": "BTC-USD"}, {"trade_id": 848213532, "side": "buy", "size": "0.02354146", "price": "118393.23000000", "time": "2025-07-13T13:09:46.999100Z", "fetched_at": "2025-07-13T13:10:50.054690+00:00", "symbol": "BTC-USD"}, {"trade_id": 848213531, "side": "buy", "size": "0.00005317", "price": "118397.88000000", "time": "2025-07-13T13:09:46.999100Z", "fetched_at": "2025-07-13T13:10:50.054690+00:00", "symbol": "BTC-USD"}, {"trade_id": 848213530, "side": "buy", "size": "0.00844609", "price": "118397.88000000", "time": "2025-07-13T13:09:46.999100Z", "fetched_at": "2025-07-13T13:10:50.054690+00:00", "symbol": "BTC-USD"}, {"trade_id": 848213529, "side": "buy", "size": "0.00208300", "price": "118398.37000000", "time": "2025-07-13T13:09:46.999100Z", "fetched_at": "2025-07-13T13:10:50.054690+00:00", "symbol": "BTC-USD"}, {"trade_id": 848213528, "side": "buy", "size": "0.00000051", "price": "118398.37000000", "time": "2025-07-13T13:09:46.287774Z", "fetched_at": "2025-07-13T13:10:50.054690+00:00", "symbol": "BTC-USD"}, {"trade_id": 848213527, "side": "sell", "size": "0.00005335", "price": "118398.38000000", "time": "2025-07-13T13:09:46.262555Z", "fetched_at": "2025-07-13T13:10:50.054690+00:00", "symbol": "BTC-USD"}, {"trade_id": 848213526, "side": "sell", "size": "0.00002876", "price": "118397.88000000", "time": "2025-07-13T13:09:46.262555Z", "fetched_at": "2025-07-13T13:10:50.054690+00:00", "symbol": "BTC-USD"}, {"trade_id": 848213525, "side": "sell", "size": "0.00318247", "price": "118398.38000000", "time": "2025-07-13T13:09:45.823244Z", "fetched_at": "2025-07-13T13:10:50.054690+00:00", "symbol": "BTC-USD"}, {"trade_id": 848213524, "side": "sell", "size": "0.00000664", "price": "118394.92000000", "time": "2025-07-13T13:09:45.823244Z", "fetched_at": "2025-07-13T13:10:50.054690+00:00", "symbol": "BTC-USD"}, {"trade_id": 848213523, "side": "sell", "size": "0.00001558", "price": "118394.92000000", "time": "2025-07-13T13:09:45.823244Z", "fetched_at": "2025-07-13T13:10:50.054690+00:00", "symbol": "BTC-USD"}, {"trade_id": 848213522, "side": "sell", "size": "0.00036530", "price": "118398.38000000", "time": "2025-07-13T13:09:45.359409Z", "fetched_at": "2025-07-13T13:10:50.054690+00:00", "symbol": "BTC-USD"}, {"trade_id": 848213521, "side": "sell", "size": "0.00000756", "price": "118397.04000000", "time": "2025-07-13T13:09:45.359409Z", "fetched_at": "2025-07-13T13:10:50.054690+00:00", "symbol": "BTC-USD"}, {"trade_id": 848213520, "side": "sell", "size": "0.00000295", "price": "118395.78000000", "time": "2025-07-13T13:09:45.359409Z", "fetched_at": "2025-07-13T13:10:50.054690+00:00", "symbol": "BTC-USD"}, {"trade_id": 848213519, "side": "sell", "size": "0.00001558", "price": "118394.92000000", "time": "2025-07-13T13:09:45.359409Z", "fetched_at": "2025-07-13T13:10:50.054690+00:00", "symbol": "BTC-USD"}, {"trade_id": 848213518, "side": "sell", "size": "0.00000304", "price": "118394.92000000", "time": "2025-07-13T13:09:45.359409Z", "fetched_at": "2025-07-13T13:10:50.054690+00:00", "symbol": "BTC-USD"}, {"trade_id": 848213517, "side": "sell", "size": "0.00001470", "price": "118394.92000000", "time": "2025-07-13T13:09:44.918327Z", "fetched_at": "2025-07-13T13:10:50.054690+00:00", "symbol": "BTC-USD"}, {"trade_id": 848213516, "side": "buy", "size": "0.00025472", "price": "118394.91000000", "time": "2025-07-13T13:09:42.917712Z", "fetched_at": "2025-07-13T13:10:50.054690+00:00", "symbol": "BTC-USD"}, {"trade_id": 848213515, "side": "buy", "size": "0.00084462", "price": "118391.72000000", "time": "2025-07-13T13:09:42.291649Z", "fetched_at": "2025-07-13T13:10:50.054690+00:00", "symbol": "BTC-USD"}, {"trade_id": 848213514, "side": "buy", "size": "0.00244685", "price": "118395.77000000", "time": "2025-07-13T13:09:41.978280Z", "fetched_at": "2025-07-13T13:10:50.054690+00:00", "symbol": "BTC-USD"}, {"trade_id": 848213513, "side": "sell", "size": "0.00000244", "price": "118397.04000000", "time": "2025-07-13T13:09:41.220517Z", "fetched_at": "2025-07-13T13:10:50.054690+00:00", "symbol": "BTC-USD"}, {"trade_id": 848213512, "side": "sell", "size": "0.00000777", "price": "118391.68000000", "time": "2025-07-13T13:09:41.220517Z", "fetched_at": "2025-07-13T13:10:50.054690+00:00", "symbol": "BTC-USD"}, {"trade_id": 848213511, "side": "buy", "size": "0.00400000", "price": "118391.67000000", "time": "2025-07-13T13:09:39.513913Z", "fetched_at": "2025-07-13T13:10:50.054690+00:00", "symbol": "BTC-USD"}, {"trade_id": 848213510, "side": "buy", "size": "0.00000994", "price": "118388.16000000", "time": "2025-07-13T13:09:37.918251Z", "fetched_at": "2025-07-13T13:10:50.054690+00:00", "symbol": "BTC-USD"}, {"trade_id": 848213509, "side": "sell", "size": "0.00004589", "price": "118393.10000000", "time": "2025-07-13T13:09:35.192073Z", "fetched_at": "2025-07-13T13:10:50.054690+00:00", "symbol": "BTC-USD"}, {"trade_id": 848213508, "side": "sell", "size": "0.00000293", "price": "118385.78000000", "time": "2025-07-13T13:09:35.192073Z", "fetched_at": "2025-07-13T13:10:50.054690+00:00", "symbol": "BTC-USD"}, {"trade_id": 848213507, "side": "sell", "size": "0.00008448", "price": "118385.78000000", "time": "2025-07-13T13:09:35.192073Z", "fetched_at": "2025-07-13T13:10:50.054690+00:00", "symbol": "BTC-USD"}, {"trade_id": 848213506, "side": "sell", "size": "0.00048894", "price": "118393.12000000", "time": "2025-07-13T13:09:34.931426Z", "fetched_at": "2025-07-13T13:10:50.054690+00:00", "symbol": "BTC-USD"}, {"trade_id": 848213505, "side": "sell", "size": "0.00422407", "price": "118389.82000000", "time": "2025-07-13T13:09:34.931426Z", "fetched_at": "2025-07-13T13:10:50.054690+00:00", "symbol": "BTC-USD"}, {"trade_id": 848213504, "side": "sell", "size": "0.00309732", "price": "118388.39000000", "time": "2025-07-13T13:09:34.931426Z", "fetched_at": "2025-07-13T13:10:50.054690+00:00", "symbol": "BTC-USD"}, {"trade_id": 848213503, "side": "sell", "size": "0.00000551", "price": "118385.78000000", "time": "2025-07-13T13:09:34.931426Z", "fetched_at": "2025-07-13T13:10:50.054690+00:00", "symbol": "BTC-USD"}, {"trade_id": 848213502, "side": "sell", "size": "0.00000126", "price": "118385.78000000", "time": "2025-07-13T13:09:34.931426Z", "fetched_at": "2025-07-13T13:10:50.054690+00:00", "symbol": "BTC-USD"}, {"trade_id": 848213501, "side": "sell", "size": "0.00008448", "price": "118385.78000000", "time": "2025-07-13T13:09:34.931426Z", "fetched_at": "2025-07-13T13:10:50.054690+00:00", "symbol": "BTC-USD"}, {"trade_id": 848213500, "side": "sell", "size": "0.00013783", "price": "118385.78000000", "time": "2025-07-13T13:09:34.931426Z", "fetched_at": "2025-07-13T13:10:50.054690+00:00", "symbol": "BTC-USD"}, {"trade_id": 848213499, "side": "sell", "size": "0.00000686", "price": "118385.78000000", "time": "2025-07-13T13:09:34.820363Z", "fetched_at": "2025-07-13T13:10:50.054690+00:00", "symbol": "BTC-USD"}, {"trade_id": 848213498, "side": "sell", "size": "0.00000664", "price": "118385.78000000", "time": "2025-07-13T13:09:34.820363Z", "fetched_at": "2025-07-13T13:10:50.054690+00:00", "symbol": "BTC-USD"}, {"trade_id": 848213497, "side": "sell", "size": "0.00000202", "price": "118385.78000000", "time": "2025-07-13T13:09:34.820363Z", "fetched_at": "2025-07-13T13:10:50.054690+00:00", "symbol": "BTC-USD"}, {"trade_id": 848213496, "side": "sell", "size": "0.00008448", "price": "118385.78000000", "time": "2025-07-13T13:09:34.820363Z", "fetched_at": "2025-07-13T13:10:50.054690+00:00", "symbol": "BTC-USD"}, {"trade_id": 848213495, "side": "sell", "size": "0.00190032", "price": "118388.39000000", "time": "2025-07-13T13:09:33.036249Z", "fetched_at": "2025-07-13T13:10:50.054690+00:00", "symbol": "BTC-USD"}, {"trade_id": 848213494, "side": "sell", "size": "0.00001836", "price": "118388.38000000", "time": "2025-07-13T13:09:33.036249Z", "fetched_at": "2025-07-13T13:10:50.054690+00:00", "symbol": "BTC-USD"}, {"trade_id": 848213493, "side": "sell", "size": "0.00008448", "price": "118385.78000000", "time": "2025-07-13T13:09:33.036249Z", "fetched_at": "2025-07-13T13:10:50.054690+00:00", "symbol": "BTC-USD"}, {"trade_id": 848213492, "side": "sell", "size": "0.10820580", "price": "118388.22000000", "time": "2025-07-13T13:09:32.853111Z", "fetched_at": "2025-07-13T13:10:50.054690+00:00", "symbol": "BTC-USD"}, {"trade_id": 848213491, "side": "sell", "size": "0.02822895", "price": "118388.19000000", "time": "2025-07-13T13:09:32.853111Z", "fetched_at": "2025-07-13T13:10:50.054690+00:00", "symbol": "BTC-USD"}, {"trade_id": 848213490, "side": "sell", "size": "0.00001000", "price": "118388.16000000", "time": "2025-07-13T13:09:32.853111Z", "fetched_at": "2025-07-13T13:10:50.054690+00:00", "symbol": "BTC-USD"}, {"trade_id": 848213489, "side": "sell", "size": "0.00844693", "price": "118386.16000000", "time": "2025-07-13T13:09:32.849245Z", "fetched_at": "2025-07-13T13:10:50.054690+00:00", "symbol": "BTC-USD"}, {"trade_id": 848213488, "side": "sell", "size": "0.00001992", "price": "118383.74000000", "time": "2025-07-13T13:09:32.849245Z", "fetched_at": "2025-07-13T13:10:50.054690+00:00", "symbol": "BTC-USD"}, {"trade_id": 848213487, "side": "sell", "size": "0.00000853", "price": "118383.74000000", "time": "2025-07-13T13:09:32.849245Z", "fetched_at": "2025-07-13T13:10:50.054690+00:00", "symbol": "BTC-USD"}, {"trade_id": 848213486, "side": "sell", "size": "0.00008448", "price": "118378.55000000", "time": "2025-07-13T13:09:32.849245Z", "fetched_at": "2025-07-13T13:10:50.054690+00:00", "symbol": "BTC-USD"}, {"trade_id": 848213485, "side": "sell", "size": "0.00288020", "price": "118382.80000000", "time": "2025-07-13T13:09:32.204023Z", "fetched_at": "2025-07-13T13:10:50.054690+00:00", "symbol": "BTC-USD"}, {"trade_id": 848213484, "side": "sell", "size": "0.00008448", "price": "118378.51000000", "time": "2025-07-13T13:09:32.204023Z", "fetched_at": "2025-07-13T13:10:50.054690+00:00", "symbol": "BTC-USD"}, {"trade_id": 848213483, "side": "sell", "size": "0.00016417", "price": "118378.51000000", "time": "2025-07-13T13:09:31.163552Z", "fetched_at": "2025-07-13T13:10:50.054690+00:00", "symbol": "BTC-USD"}, {"trade_id": 848213482, "side": "sell", "size": "0.02049410", "price": "118376.98000000", "time": "2025-07-13T13:09:29.994700Z", "fetched_at": "2025-07-13T13:10:50.054690+00:00", "symbol": "BTC-USD"}, {"trade_id": 848213481, "side": "sell", "size": "0.01579000", "price": "118376.98000000", "time": "2025-07-13T13:09:29.994700Z", "fetched_at": "2025-07-13T13:10:50.054690+00:00", "symbol": "BTC-USD"}, {"trade_id": 848213480, "side": "sell", "size": "0.00017873", "price": "118376.98000000", "time": "2025-07-13T13:09:29.994700Z", "fetched_at": "2025-07-13T13:10:50.054690+00:00", "symbol": "BTC-USD"}, {"trade_id": 848213479, "side": "buy", "size": "0.00002207", "price": "118375.21000000", "time": "2025-07-13T13:09:29.792731Z", "fetched_at": "2025-07-13T13:10:50.054690+00:00", "symbol": "BTC-USD"}, {"trade_id": 848213478, "side": "buy", "size": "0.00002038", "price": "118376.97000000", "time": "2025-07-13T13:09:29.792731Z", "fetched_at": "2025-07-13T13:10:50.054690+00:00", "symbol": "BTC-USD"}, {"trade_id": 848213477, "side": "sell", "size": "0.00040060", "price": "118376.98000000", "time": "2025-07-13T13:09:29.733882Z", "fetched_at": "2025-07-13T13:10:50.054690+00:00", "symbol": "BTC-USD"}, {"trade_id": 848213476, "side": "buy", "size": "0.00006183", "price": "118375.21000000", "time": "2025-07-13T13:09:29.698614Z", "fetched_at": "2025-07-13T13:10:50.054690+00:00", "symbol": "BTC-USD"}, {"trade_id": 848213475, "side": "buy", "size": "0.00000900", "price": "118375.22000000", "time": "2025-07-13T13:09:29.698614Z", "fetched_at": "2025-07-13T13:10:50.054690+00:00", "symbol": "BTC-USD"}, {"trade_id": 848213474, "side": "buy", "size": "0.00002039", "price": "118378.27000000", "time": "2025-07-13T13:09:29.698614Z", "fetched_at": "2025-07-13T13:10:50.054690+00:00", "symbol": "BTC-USD"}, {"trade_id": 848213473, "side": "sell", "size": "0.00525922", "price": "118384.15000000", "time": "2025-07-13T13:09:28.463670Z", "fetched_at": "2025-07-13T13:10:50.054690+00:00", "symbol": "BTC-USD"}, {"trade_id": 848213472, "side": "sell", "size": "0.00008448", "price": "118384.14000000", "time": "2025-07-13T13:09:28.463670Z", "fetched_at": "2025-07-13T13:10:50.054690+00:00", "symbol": "BTC-USD"}, {"trade_id": 848213471, "side": "sell", "size": "0.00001238", "price": "118375.22000000", "time": "2025-07-13T13:09:28.463670Z", "fetched_at": "2025-07-13T13:10:50.054690+00:00", "symbol": "BTC-USD"}, {"trade_id": 848213470, "side": "sell", "size": "0.00000219", "price": "118375.22000000", "time": "2025-07-13T13:09:28.463670Z", "fetched_at": "2025-07-13T13:10:50.054690+00:00", "symbol": "BTC-USD"}, {"trade_id": 848213469, "side": "sell", "size": "0.00667700", "price": "118375.22000000", "time": "2025-07-13T13:09:28.463670Z", "fetched_at": "2025-07-13T13:10:50.054690+00:00", "symbol": "BTC-USD"}, {"trade_id": 848213468, "side": "buy", "size": "0.00038395", "price": "118375.21000000", "time": "2025-07-13T13:09:26.945936Z", "fetched_at": "2025-07-13T13:10:50.054690+00:00", "symbol": "BTC-USD"}, {"trade_id": 848213467, "side": "sell", "size": "0.00065246", "price": "118375.22000000", "time": "2025-07-13T13:09:24.821824Z", "fetched_at": "2025-07-13T13:10:50.054690+00:00", "symbol": "BTC-USD"}, {"trade_id": 848213466, "side": "buy", "size": "0.00000596", "price": "118375.21000000", "time": "2025-07-13T13:09:24.327437Z", "fetched_at": "2025-07-13T13:10:50.054690+00:00", "symbol": "BTC-USD"}, {"trade_id": 848213465, "side": "buy", "size": "0.00000676", "price": "118375.21000000", "time": "2025-07-13T13:09:21.576969Z", "fetched_at": "2025-07-13T13:10:50.054690+00:00", "symbol": "BTC-USD"}, {"trade_id": 848213464, "side": "sell", "size": "0.00026000", "price": "118375.22000000", "time": "2025-07-13T13:09:21.312126Z", "fetched_at": "2025-07-13T13:10:50.054690+00:00", "symbol": "BTC-USD"}, {"trade_id": 848213463, "side": "sell", "size": "0.00082094", "price": "118375.22000000", "time": "2025-07-13T13:09:21.015855Z", "fetched_at": "2025-07-13T13:10:50.054690+00:00", "symbol": "BTC-USD"}, {"trade_id": 848213462, "side": "sell", "size": "0.00016419", "price": "118375.22000000", "time": "2025-07-13T13:09:19.910581Z", "fetched_at": "2025-07-13T13:10:50.054690+00:00", "symbol": "BTC-USD"}, {"trade_id": 848213461, "side": "buy", "size": "0.00042624", "price": "118375.21000000", "time": "2025-07-13T13:09:19.110606Z", "fetched_at": "2025-07-13T13:10:50.054690+00:00", "symbol": "BTC-USD"}, {"trade_id": 848213460, "side": "sell", "size": "0.00091726", "price": "118375.22000000", "time": "2025-07-13T13:09:18.664020Z", "fetched_at": "2025-07-13T13:10:50.054690+00:00", "symbol": "BTC-USD"}, {"trade_id": 848213459, "side": "sell", "size": "0.00009118", "price": "118375.22000000", "time": "2025-07-13T13:09:18.429126Z", "fetched_at": "2025-07-13T13:10:50.054690+00:00", "symbol": "BTC-USD"}, {"trade_id": 848213458, "side": "sell", "size": "0.00044070", "price": "118375.22000000", "time": "2025-07-13T13:09:13.836805Z", "fetched_at": "2025-07-13T13:10:50.054690+00:00", "symbol": "BTC-USD"}, {"trade_id": 848213457, "side": "sell", "size": "0.00000507", "price": "118375.22000000", "time": "2025-07-13T13:09:13.550715Z", "fetched_at": "2025-07-13T13:10:50.054690+00:00", "symbol": "BTC-USD"}, {"trade_id": 848213456, "side": "buy", "size": "0.00421358", "price": "118375.21000000", "time": "2025-07-13T13:09:12.995403Z", "fetched_at": "2025-07-13T13:10:50.054690+00:00", "symbol": "BTC-USD"}, {"trade_id": 848213455, "side": "buy", "size": "0.00004631", "price": "118375.21000000", "time": "2025-07-13T13:09:11.098713Z", "fetched_at": "2025-07-13T13:10:50.054690+00:00", "symbol": "BTC-USD"}, {"trade_id": 848213454, "side": "sell", "size": "0.00008614", "price": "118375.22000000", "time": "2025-07-13T13:09:09.406519Z", "fetched_at": "2025-07-13T13:10:50.054690+00:00", "symbol": "BTC-USD"}, {"trade_id": 848213453, "side": "sell", "size": "0.00246305", "price": "118375.22000000", "time": "2025-07-13T13:09:09.234053Z", "fetched_at": "2025-07-13T13:10:50.054690+00:00", "symbol": "BTC-USD"}, {"trade_id": 848213452, "side": "sell", "size": "0.00020525", "price": "118375.22000000", "time": "2025-07-13T13:09:08.978118Z", "fetched_at": "2025-07-13T13:10:50.054690+00:00", "symbol": "BTC-USD"}, {"trade_id": 848213451, "side": "buy", "size": "0.00000140", "price": "118375.21000000", "time": "2025-07-13T13:09:08.798928Z", "fetched_at": "2025-07-13T13:10:50.054690+00:00", "symbol": "BTC-USD"}, {"trade_id": 848213450, "side": "sell", "size": "0.00000056", "price": "118375.22000000", "time": "2025-07-13T13:09:07.831401Z", "fetched_at": "2025-07-13T13:10:50.054690+00:00", "symbol": "BTC-USD"}, {"trade_id": 848213449, "side": "sell", "size": "0.00080136", "price": "118375.22000000", "time": "2025-07-13T13:09:07.785597Z", "fetched_at": "2025-07-13T13:10:50.054690+00:00", "symbol": "BTC-USD"}, {"trade_id": 848213448, "side": "sell", "size": "0.00014428", "price": "118375.22000000", "time": "2025-07-13T13:09:07.568679Z", "fetched_at": "2025-07-13T13:10:50.054690+00:00", "symbol": "BTC-USD"}, {"trade_id": 848213447, "side": "sell", "size": "0.00038572", "price": "118375.22000000", "time": "2025-07-13T13:09:07.237398Z", "fetched_at": "2025-07-13T13:10:50.054690+00:00", "symbol": "BTC-USD"}, {"trade_id": 848213446, "side": "buy", "size": "0.00118239", "price": "118375.21000000", "time": "2025-07-13T13:09:06.430301Z", "fetched_at": "2025-07-13T13:10:50.054690+00:00", "symbol": "BTC-USD"}, {"trade_id": 848213445, "side": "buy", "size": "0.01000000", "price": "118374.31000000", "time": "2025-07-13T13:09:05.360585Z", "fetched_at": "2025-07-13T13:10:50.054690+00:00", "symbol": "BTC-USD"}, {"trade_id": 848213444, "side": "sell", "size": "0.00156820", "price": "118375.22000000", "time": "2025-07-13T13:09:04.267768Z", "fetched_at": "2025-07-13T13:10:50.054690+00:00", "symbol": "BTC-USD"}, {"trade_id": 848213443, "side": "sell", "size": "0.00007383", "price": "118374.32000000", "time": "2025-07-13T13:09:04.267768Z", "fetched_at": "2025-07-13T13:10:50.054690+00:00", "symbol": "BTC-USD"}, {"trade_id": 848213442, "side": "sell", "size": "0.00009075", "price": "118375.22000000", "time": "2025-07-13T13:09:03.966305Z", "fetched_at": "2025-07-13T13:10:50.054690+00:00", "symbol": "BTC-USD"}, {"trade_id": 848213441, "side": "sell", "size": "0.00007342", "price": "118374.32000000", "time": "2025-07-13T13:09:03.966305Z", "fetched_at": "2025-07-13T13:10:50.054690+00:00", "symbol": "BTC-USD"}, {"trade_id": 848213440, "side": "sell", "size": "0.00016696", "price": "118375.22000000", "time": "2025-07-13T13:09:03.559767Z", "fetched_at": "2025-07-13T13:10:50.054690+00:00", "symbol": "BTC-USD"}, {"trade_id": 848213439, "side": "sell", "size": "0.00007342", "price": "118374.32000000", "time": "2025-07-13T13:09:03.559767Z", "fetched_at": "2025-07-13T13:10:50.054690+00:00", "symbol": "BTC-USD"}, {"trade_id": 848213438, "side": "sell", "size": "0.00013183", "price": "118375.22000000", "time": "2025-07-13T13:09:03.479717Z", "fetched_at": "2025-07-13T13:10:50.054690+00:00", "symbol": "BTC-USD"}, {"trade_id": 848213437, "side": "sell", "size": "0.00007342", "price": "118374.32000000", "time": "2025-07-13T13:09:03.479717Z", "fetched_at": "2025-07-13T13:10:50.054690+00:00", "symbol": "BTC-USD"}, {"trade_id": 848213436, "side": "sell", "size": "0.00004182", "price": "118374.32000000", "time": "2025-07-13T13:09:03.434859Z", "fetched_at": "2025-07-13T13:10:50.054690+00:00", "symbol": "BTC-USD"}, {"trade_id": 848213435, "side": "sell", "size": "0.00004245", "price": "118374.32000000", "time": "2025-07-13T13:09:03.094908Z", "fetched_at": "2025-07-13T13:10:50.054690+00:00", "symbol": "BTC-USD"}, {"trade_id": 848213434, "side": "buy", "size": "0.02012202", "price": "118374.31000000", "time": "2025-07-13T13:09:02.783523Z", "fetched_at": "2025-07-13T13:10:50.054690+00:00", "symbol": "BTC-USD"}, {"trade_id": 848213433, "side": "buy", "size": "0.00002776", "price": "118374.31000000", "time": "2025-07-13T13:09:02.783523Z", "fetched_at": "2025-07-13T13:10:50.054690+00:00", "symbol": "BTC-USD"}, {"trade_id": 848213432, "side": "sell", "size": "0.00002683", "price": "118375.22000000", "time": "2025-07-13T13:09:01.865900Z", "fetched_at": "2025-07-13T13:10:50.054690+00:00", "symbol": "BTC-USD"}, {"trade_id": 848213431, "side": "sell", "size": "0.00000202", "price": "118374.87000000", "time": "2025-07-13T13:09:01.865900Z", "fetched_at": "2025-07-13T13:10:50.054690+00:00", "symbol": "BTC-USD"}, {"trade_id": 848213430, "side": "sell", "size": "0.00007569", "price": "118374.32000000", "time": "2025-07-13T13:09:01.865900Z", "fetched_at": "2025-07-13T13:10:50.054690+00:00", "symbol": "BTC-USD"}, {"trade_id": 848213429, "side": "sell", "size": "0.00007569", "price": "118363.85000000", "time": "2025-07-13T13:09:01.792361Z", "fetched_at": "2025-07-13T13:10:50.054690+00:00", "symbol": "BTC-USD"}, {"trade_id": 848213428, "side": "sell", "size": "0.00000211", "price": "118363.85000000", "time": "2025-07-13T13:09:01.779016Z", "fetched_at": "2025-07-13T13:10:50.054690+00:00", "symbol": "BTC-USD"}, {"trade_id": 848213427, "side": "sell", "size": "0.00588107", "price": "118363.85000000", "time": "2025-07-13T13:09:01.779016Z", "fetched_at": "2025-07-13T13:10:50.054690+00:00", "symbol": "BTC-USD"}, {"trade_id": 848213426, "side": "sell", "size": "0.00077846", "price": "118363.85000000", "time": "2025-07-13T13:09:01.758921Z", "fetched_at": "2025-07-13T13:10:50.054690+00:00", "symbol": "BTC-USD"}, {"trade_id": 848213425, "side": "sell", "size": "0.00007892", "price": "118363.55000000", "time": "2025-07-13T13:09:01.758921Z", "fetched_at": "2025-07-13T13:10:50.054690+00:00", "symbol": "BTC-USD"}, {"trade_id": 848213424, "side": "sell", "size": "0.00000090", "price": "118363.55000000", "time": "2025-07-13T13:09:01.758921Z", "fetched_at": "2025-07-13T13:10:50.054690+00:00", "symbol": "BTC-USD"}, {"trade_id": 848213423, "side": "sell", "size": "0.00033563", "price": "118363.85000000", "time": "2025-07-13T13:09:01.351032Z", "fetched_at": "2025-07-13T13:10:50.054690+00:00", "symbol": "BTC-USD"}, {"trade_id": 848213422, "side": "sell", "size": "0.00007488", "price": "118363.55000000", "time": "2025-07-13T13:09:01.351032Z", "fetched_at": "2025-07-13T13:10:50.054690+00:00", "symbol": "BTC-USD"}, {"trade_id": 848213421, "side": "sell", "size": "0.00002255", "price": "118363.85000000", "time": "2025-07-13T13:09:01.344032Z", "fetched_at": "2025-07-13T13:10:50.054690+00:00", "symbol": "BTC-USD"}, {"trade_id": 848213420, "side": "sell", "size": "0.00001992", "price": "118363.55000000", "time": "2025-07-13T13:09:01.344032Z", "fetched_at": "2025-07-13T13:10:50.054690+00:00", "symbol": "BTC-USD"}, {"trade_id": 848213419, "side": "sell", "size": "0.00007488", "price": "118363.55000000", "time": "2025-07-13T13:09:01.344032Z", "fetched_at": "2025-07-13T13:10:50.054690+00:00", "symbol": "BTC-USD"}, {"trade_id": 848213418, "side": "sell", "size": "0.00073487", "price": "118363.85000000", "time": "2025-07-13T13:09:01.306272Z", "fetched_at": "2025-07-13T13:10:50.054690+00:00", "symbol": "BTC-USD"}, {"trade_id": 848213417, "side": "sell", "size": "0.00000422", "price": "118363.55000000", "time": "2025-07-13T13:09:01.306272Z", "fetched_at": "2025-07-13T13:10:50.054690+00:00", "symbol": "BTC-USD"}, {"trade_id": 848213416, "side": "sell", "size": "0.00007528", "price": "118363.55000000", "time": "2025-07-13T13:09:01.306272Z", "fetched_at": "2025-07-13T13:10:50.054690+00:00", "symbol": "BTC-USD"}, {"trade_id": 848213415, "side": "sell", "size": "0.00000665", "price": "118363.55000000", "time": "2025-07-13T13:09:01.306272Z", "fetched_at": "2025-07-13T13:10:50.054690+00:00", "symbol": "BTC-USD"}, {"trade_id": 848213414, "side": "buy", "size": "0.00017318", "price": "118363.54000000", "time": "2025-07-13T13:09:00.637720Z", "fetched_at": "2025-07-13T13:10:50.054690+00:00", "symbol": "BTC-USD"}, {"trade_id": 848213413, "side": "sell", "size": "0.00050184", "price": "118363.55000000", "time": "2025-07-13T13:09:00.298118Z", "fetched_at": "2025-07-13T13:10:50.054690+00:00", "symbol": "BTC-USD"}, {"trade_id": 848213412, "side": "sell", "size": "0.00082123", "price": "118363.55000000", "time": "2025-07-13T13:09:00.084736Z", "fetched_at": "2025-07-13T13:10:50.054690+00:00", "symbol": "BTC-USD"}, {"trade_id": 848213411, "side": "sell", "size": "0.00024147", "price": "118363.55000000", "time": "2025-07-13T13:09:00.083288Z", "fetched_at": "2025-07-13T13:10:50.054690+00:00", "symbol": "BTC-USD"}, {"trade_id": 848213410, "side": "sell", "size": "0.00009828", "price": "118363.55000000", "time": "2025-07-13T13:08:59.697843Z", "fetched_at": "2025-07-13T13:10:50.054690+00:00", "symbol": "BTC-USD"}, {"trade_id": 848213409, "side": "sell", "size": "0.00041051", "price": "118363.55000000", "time": "2025-07-13T13:08:59.061858Z", "fetched_at": "2025-07-13T13:10:50.054690+00:00", "symbol": "BTC-USD"}, {"trade_id": 848213408, "side": "sell", "size": "0.00004182", "price": "118363.55000000", "time": "2025-07-13T13:08:58.450498Z", "fetched_at": "2025-07-13T13:10:50.054690+00:00", "symbol": "BTC-USD"}, {"trade_id": 848213407, "side": "sell", "size": "0.00005018", "price": "118363.55000000", "time": "2025-07-13T13:08:58.259162Z", "fetched_at": "2025-07-13T13:10:50.054690+00:00", "symbol": "BTC-USD"}, {"trade_id": 848213406, "side": "sell", "size": "0.00020910", "price": "118363.55000000", "time": "2025-07-13T13:08:58.231472Z", "fetched_at": "2025-07-13T13:10:50.054690+00:00", "symbol": "BTC-USD"}, {"trade_id": 848213405, "side": "sell", "size": "0.00040064", "price": "118363.55000000", "time": "2025-07-13T13:08:58.040308Z", "fetched_at": "2025-07-13T13:10:50.054690+00:00", "symbol": "BTC-USD"}, {"trade_id": 848213404, "side": "sell", "size": "0.00147785", "price": "118363.55000000", "time": "2025-07-13T13:08:57.677385Z", "fetched_at": "2025-07-13T13:10:50.054690+00:00", "symbol": "BTC-USD"}, {"trade_id": 848213403, "side": "sell", "size": "0.00008155", "price": "118363.55000000", "time": "2025-07-13T13:08:57.358774Z", "fetched_at": "2025-07-13T13:10:50.054690+00:00", "symbol": "BTC-USD"}, {"trade_id": 848213402, "side": "sell", "size": "0.00008404", "price": "118363.55000000", "time": "2025-07-13T13:08:56.746294Z", "fetched_at": "2025-07-13T13:10:50.054690+00:00", "symbol": "BTC-USD"}, {"trade_id": 848213401, "side": "sell", "size": "0.00000211", "price": "118363.55000000", "time": "2025-07-13T13:08:56.746294Z", "fetched_at": "2025-07-13T13:10:50.054690+00:00", "symbol": "BTC-USD"}, {"trade_id": 848213400, "side": "sell", "size": "0.00007804", "price": "118363.55000000", "time": "2025-07-13T13:08:56.746294Z", "fetched_at": "2025-07-13T13:10:50.054690+00:00", "symbol": "BTC-USD"}, {"trade_id": 848213399, "side": "sell", "size": "0.00020525", "price": "118363.55000000", "time": "2025-07-13T13:08:56.625442Z", "fetched_at": "2025-07-13T13:10:50.054690+00:00", "symbol": "BTC-USD"}, {"trade_id": 848213398, "side": "sell", "size": "0.00024632", "price": "118363.55000000", "time": "2025-07-13T13:08:56.309967Z", "fetched_at": "2025-07-13T13:10:50.054690+00:00", "symbol": "BTC-USD"}, {"trade_id": 848213397, "side": "sell", "size": "0.00082102", "price": "118363.55000000", "time": "2025-07-13T13:08:56.043107Z", "fetched_at": "2025-07-13T13:10:50.054690+00:00", "symbol": "BTC-USD"}, {"trade_id": 848213396, "side": "buy", "size": "0.01706607", "price": "118363.54000000", "time": "2025-07-13T13:08:55.924926Z", "fetched_at": "2025-07-13T13:10:50.054690+00:00", "symbol": "BTC-USD"}, {"trade_id": 848213395, "side": "sell", "size": "0.00841483", "price": "118363.55000000", "time": "2025-07-13T13:08:55.620174Z", "fetched_at": "2025-07-13T13:10:50.054690+00:00", "symbol": "BTC-USD"}, {"trade_id": 848213394, "side": "sell", "size": "0.00004006", "price": "118363.55000000", "time": "2025-07-13T13:08:55.326628Z", "fetched_at": "2025-07-13T13:10:50.054690+00:00", "symbol": "BTC-USD"}, {"trade_id": 848213393, "side": "sell", "size": "0.00005646", "price": "118363.55000000", "time": "2025-07-13T13:08:54.591503Z", "fetched_at": "2025-07-13T13:10:50.054690+00:00", "symbol": "BTC-USD"}, {"trade_id": 848213392, "side": "sell", "size": "0.00008155", "price": "118363.55000000", "time": "2025-07-13T13:08:54.401220Z", "fetched_at": "2025-07-13T13:10:50.054690+00:00", "symbol": "BTC-USD"}, {"trade_id": 848213391, "side": "sell", "size": "0.00016026", "price": "118363.55000000", "time": "2025-07-13T13:08:54.320540Z", "fetched_at": "2025-07-13T13:10:50.054690+00:00", "symbol": "BTC-USD"}, {"trade_id": 848213390, "side": "sell", "size": "0.00014360", "price": "118363.55000000", "time": "2025-07-13T13:08:54.284575Z", "fetched_at": "2025-07-13T13:10:50.054690+00:00", "symbol": "BTC-USD"}, {"trade_id": 848213389, "side": "sell", "size": "0.01642024", "price": "118363.55000000", "time": "2025-07-13T13:08:53.740940Z", "fetched_at": "2025-07-13T13:10:50.054690+00:00", "symbol": "BTC-USD"}, {"trade_id": 848213388, "side": "sell", "size": "0.00008364", "price": "118363.55000000", "time": "2025-07-13T13:08:53.179636Z", "fetched_at": "2025-07-13T13:10:50.054690+00:00", "symbol": "BTC-USD"}, {"trade_id": 848213387, "side": "sell", "size": "0.00001331", "price": "118363.55000000", "time": "2025-07-13T13:08:53.164547Z", "fetched_at": "2025-07-13T13:10:50.054690+00:00", "symbol": "BTC-USD"}, {"trade_id": 848213386, "side": "sell", "size": "0.00004006", "price": "118363.55000000", "time": "2025-07-13T13:08:53.112768Z", "fetched_at": "2025-07-13T13:10:50.054690+00:00", "symbol": "BTC-USD"}, {"trade_id": 848213385, "side": "sell", "size": "0.00000040", "price": "118363.55000000", "time": "2025-07-13T13:08:52.900882Z", "fetched_at": "2025-07-13T13:10:50.054690+00:00", "symbol": "BTC-USD"}, {"trade_id": 848213384, "side": "sell", "size": "0.00016419", "price": "118363.55000000", "time": "2025-07-13T13:08:52.426523Z", "fetched_at": "2025-07-13T13:10:50.054690+00:00", "symbol": "BTC-USD"}, {"trade_id": 848213383, "side": "sell", "size": "0.00019479", "price": "118363.55000000", "time": "2025-07-13T13:08:52.118951Z", "fetched_at": "2025-07-13T13:10:50.054690+00:00", "symbol": "BTC-USD"}, {"trade_id": 848213382, "side": "sell", "size": "0.00041051", "price": "118363.55000000", "time": "2025-07-13T13:08:51.297195Z", "fetched_at": "2025-07-13T13:10:50.054690+00:00", "symbol": "BTC-USD"}, {"trade_id": 848213381, "side": "sell", "size": "0.00129640", "price": "118363.55000000", "time": "2025-07-13T13:08:51.113886Z", "fetched_at": "2025-07-13T13:10:50.054690+00:00", "symbol": "BTC-USD"}, {"trade_id": 848213380, "side": "sell", "size": "0.00001009", "price": "118363.55000000", "time": "2025-07-13T13:08:49.681251Z", "fetched_at": "2025-07-13T13:10:50.054690+00:00", "symbol": "BTC-USD"}, {"trade_id": 848213379, "side": "sell", "size": "0.00000664", "price": "118363.55000000", "time": "2025-07-13T13:08:49.681251Z", "fetched_at": "2025-07-13T13:10:50.054690+00:00", "symbol": "BTC-USD"}, {"trade_id": 848213378, "side": "sell", "size": "0.00452228", "price": "118363.55000000", "time": "2025-07-13T13:08:42.491855Z", "fetched_at": "2025-07-13T13:10:50.054690+00:00", "symbol": "BTC-USD"}, {"trade_id": 848213377, "side": "buy", "size": "0.00011715", "price": "118363.54000000", "time": "2025-07-13T13:08:41.627434Z", "fetched_at": "2025-07-13T13:10:50.054690+00:00", "symbol": "BTC-USD"}, {"trade_id": 848213376, "side": "sell", "size": "0.00791551", "price": "118363.55000000", "time": "2025-07-13T13:08:41.219155Z", "fetched_at": "2025-07-13T13:10:50.054690+00:00", "symbol": "BTC-USD"}, {"trade_id": 848213375, "side": "sell", "size": "0.00008449", "price": "118363.55000000", "time": "2025-07-13T13:08:41.219155Z", "fetched_at": "2025-07-13T13:10:50.054690+00:00", "symbol": "BTC-USD"}, {"trade_id": 848213374, "side": "buy", "size": "0.00010754", "price": "118363.54000000", "time": "2025-07-13T13:08:40.284875Z", "fetched_at": "2025-07-13T13:10:50.054690+00:00", "symbol": "BTC-USD"}, {"trade_id": 848213373, "side": "buy", "size": "0.00069063", "price": "118363.54000000", "time": "2025-07-13T13:08:39.392410Z", "fetched_at": "2025-07-13T13:10:50.054690+00:00", "symbol": "BTC-USD"}, {"trade_id": 848213372, "side": "buy", "size": "0.00000253", "price": "118364.36000000", "time": "2025-07-13T13:08:39.392410Z", "fetched_at": "2025-07-13T13:10:50.054690+00:00", "symbol": "BTC-USD"}, {"trade_id": 848213371, "side": "buy", "size": "0.00000405", "price": "118364.36000000", "time": "2025-07-13T13:08:39.392410Z", "fetched_at": "2025-07-13T13:10:50.054690+00:00", "symbol": "BTC-USD"}, {"trade_id": 848213370, "side": "buy", "size": "0.00003309", "price": "118366.02000000", "time": "2025-07-13T13:08:39.392410Z", "fetched_at": "2025-07-13T13:10:50.054690+00:00", "symbol": "BTC-USD"}, {"trade_id": 848213369, "side": "sell", "size": "0.00005754", "price": "118366.03000000", "time": "2025-07-13T13:08:38.780929Z", "fetched_at": "2025-07-13T13:10:50.054690+00:00", "symbol": "BTC-USD"}, {"trade_id": 848213368, "side": "sell", "size": "0.00410463", "price": "118371.16000000", "time": "2025-07-13T13:08:38.346073Z", "fetched_at": "2025-07-13T13:10:50.054690+00:00", "symbol": "BTC-USD"}, {"trade_id": 848213367, "side": "sell", "size": "0.00007809", "price": "118366.03000000", "time": "2025-07-13T13:08:38.346073Z", "fetched_at": "2025-07-13T13:10:50.054690+00:00", "symbol": "BTC-USD"}, {"trade_id": 848213366, "side": "sell", "size": "0.00283088", "price": "118375.62000000", "time": "2025-07-13T13:08:37.980066Z", "fetched_at": "2025-07-13T13:10:50.054690+00:00", "symbol": "BTC-USD"}, {"trade_id": 848213365, "side": "sell", "size": "0.03883834", "price": "118375.61000000", "time": "2025-07-13T13:08:37.980066Z", "fetched_at": "2025-07-13T13:10:50.054690+00:00", "symbol": "BTC-USD"}, {"trade_id": 848213364, "side": "sell", "size": "0.00007809", "price": "118371.21000000", "time": "2025-07-13T13:08:37.980066Z", "fetched_at": "2025-07-13T13:10:50.054690+00:00", "symbol": "BTC-USD"}, {"trade_id": 848213363, "side": "sell", "size": "0.00035551", "price": "118375.61000000", "time": "2025-07-13T13:08:37.662626Z", "fetched_at": "2025-07-13T13:10:50.054690+00:00", "symbol": "BTC-USD"}, {"trade_id": 848213362, "side": "sell", "size": "0.00008449", "price": "118371.21000000", "time": "2025-07-13T13:08:37.662626Z", "fetched_at": "2025-07-13T13:10:50.054690+00:00", "symbol": "BTC-USD"}, {"trade_id": 848213361, "side": "sell", "size": "0.00062927", "price": "118381.22000000", "time": "2025-07-13T13:08:37.300112Z", "fetched_at": "2025-07-13T13:10:50.054690+00:00", "symbol": "BTC-USD"}, {"trade_id": 848213360, "side": "sell", "size": "0.00000211", "price": "118376.99000000", "time": "2025-07-13T13:08:37.300112Z", "fetched_at": "2025-07-13T13:10:50.054690+00:00", "symbol": "BTC-USD"}, {"trade_id": 848213359, "side": "sell", "size": "0.00008449", "price": "118371.21000000", "time": "2025-07-13T13:08:37.300112Z", "fetched_at": "2025-07-13T13:10:50.054690+00:00", "symbol": "BTC-USD"}, {"trade_id": 848213358, "side": "sell", "size": "0.00003175", "price": "118378.70000000", "time": "2025-07-13T13:08:36.081763Z", "fetched_at": "2025-07-13T13:10:50.054690+00:00", "symbol": "BTC-USD"}, {"trade_id": 848213357, "side": "sell", "size": "0.00051551", "price": "118378.72000000", "time": "2025-07-13T13:08:35.909946Z", "fetched_at": "2025-07-13T13:10:50.054690+00:00", "symbol": "BTC-USD"}, {"trade_id": 848213356, "side": "sell", "size": "0.00008449", "price": "118370.54000000", "time": "2025-07-13T13:08:35.909946Z", "fetched_at": "2025-07-13T13:10:50.054690+00:00", "symbol": "BTC-USD"}, {"trade_id": 848213355, "side": "sell", "size": "0.00990891", "price": "118378.54000000", "time": "2025-07-13T13:08:35.807941Z", "fetched_at": "2025-07-13T13:10:50.054690+00:00", "symbol": "BTC-USD"}, {"trade_id": 848213354, "side": "sell", "size": "0.00000664", "price": "118370.54000000", "time": "2025-07-13T13:08:35.807941Z", "fetched_at": "2025-07-13T13:10:50.054690+00:00", "symbol": "BTC-USD"}, {"trade_id": 848213353, "side": "sell", "size": "0.00008449", "price": "118370.54000000", "time": "2025-07-13T13:08:35.807941Z", "fetched_at": "2025-07-13T13:10:50.054690+00:00", "symbol": "BTC-USD"}, {"trade_id": 848213352, "side": "sell", "size": "0.00004181", "price": "118369.11000000", "time": "2025-07-13T13:08:34.785067Z", "fetched_at": "2025-07-13T13:10:50.054690+00:00", "symbol": "BTC-USD"}, {"trade_id": 848213351, "side": "sell", "size": "0.00732271", "price": "118378.44000000", "time": "2025-07-13T13:08:34.635836Z", "fetched_at": "2025-07-13T13:10:50.054690+00:00", "symbol": "BTC-USD"}, {"trade_id": 848213350, "side": "sell", "size": "0.00008405", "price": "118369.11000000", "time": "2025-07-13T13:08:34.635836Z", "fetched_at": "2025-07-13T13:10:50.054690+00:00", "symbol": "BTC-USD"}, {"trade_id": 848213349, "side": "sell", "size": "0.00008449", "price": "118369.11000000", "time": "2025-07-13T13:08:34.635836Z", "fetched_at": "2025-07-13T13:10:50.054690+00:00", "symbol": "BTC-USD"}, {"trade_id": 848213348, "side": "sell", "size": "0.00000211", "price": "118369.11000000", "time": "2025-07-13T13:08:34.635836Z", "fetched_at": "2025-07-13T13:10:50.054690+00:00", "symbol": "BTC-USD"}, {"trade_id": 848213347, "side": "sell", "size": "0.00000664", "price": "118369.11000000", "time": "2025-07-13T13:08:34.635836Z", "fetched_at": "2025-07-13T13:10:50.054690+00:00", "symbol": "BTC-USD"}, {"trade_id": 848213346, "side": "sell", "size": "0.00004172", "price": "118369.11000000", "time": "2025-07-13T13:08:31.155353Z", "fetched_at": "2025-07-13T13:10:50.054690+00:00", "symbol": "BTC-USD"}, {"trade_id": 848213345, "side": "buy", "size": "0.00106651", "price": "118369.54000000", "time": "2025-07-13T13:08:29.887808Z", "fetched_at": "2025-07-13T13:10:50.054690+00:00", "symbol": "BTC-USD"}, {"trade_id": 848213344, "side": "sell", "size": "0.00031552", "price": "118378.66000000", "time": "2025-07-13T13:08:29.764186Z", "fetched_at": "2025-07-13T13:10:50.054690+00:00", "symbol": "BTC-USD"}, {"trade_id": 848213343, "side": "sell", "size": "0.00008448", "price": "118369.55000000", "time": "2025-07-13T13:08:29.764186Z", "fetched_at": "2025-07-13T13:10:50.054690+00:00", "symbol": "BTC-USD"}, {"trade_id": 848213342, "side": "sell", "size": "0.00012071", "price": "118375.10000000", "time": "2025-07-13T13:08:28.428223Z", "fetched_at": "2025-07-13T13:10:50.054690+00:00", "symbol": "BTC-USD"}, {"trade_id": 848213341, "side": "sell", "size": "0.00008449", "price": "118371.75000000", "time": "2025-07-13T13:08:28.428223Z", "fetched_at": "2025-07-13T13:10:50.054690+00:00", "symbol": "BTC-USD"}, {"trade_id": 848213340, "side": "sell", "size": "0.00074982", "price": "118375.04000000", "time": "2025-07-13T13:08:28.316978Z", "fetched_at": "2025-07-13T13:10:50.054690+00:00", "symbol": "BTC-USD"}, {"trade_id": 848213339, "side": "sell", "size": "0.00008449", "price": "118368.09000000", "time": "2025-07-13T13:08:28.316978Z", "fetched_at": "2025-07-13T13:10:50.054690+00:00", "symbol": "BTC-USD"}, {"trade_id": 848213338, "side": "sell", "size": "0.00000211", "price": "118368.09000000", "time": "2025-07-13T13:08:28.316978Z", "fetched_at": "2025-07-13T13:10:50.054690+00:00", "symbol": "BTC-USD"}, {"trade_id": 848213337, "side": "buy", "size": "0.04065461", "price": "118368.07000000", "time": "2025-07-13T13:08:27.958165Z", "fetched_at": "2025-07-13T13:10:50.054690+00:00", "symbol": "BTC-USD"}, {"trade_id": 848213336, "side": "buy", "size": "0.00169341", "price": "118368.07000000", "time": "2025-07-13T13:08:27.958165Z", "fetched_at": "2025-07-13T13:10:50.054690+00:00", "symbol": "BTC-USD"}, {"trade_id": 848213335, "side": "buy", "size": "0.02427504", "price": "118377.39000000", "time": "2025-07-13T13:08:26.599496Z", "fetched_at": "2025-07-13T13:10:50.054690+00:00", "symbol": "BTC-USD"}, {"trade_id": 848213334, "side": "sell", "size": "0.00000664", "price": "118380.30000000", "time": "2025-07-13T13:08:26.414162Z", "fetched_at": "2025-07-13T13:10:50.054690+00:00", "symbol": "BTC-USD"}, {"trade_id": 848213333, "side": "sell", "size": "0.00000627", "price": "118388.36000000", "time": "2025-07-13T13:08:24.516318Z", "fetched_at": "2025-07-13T13:10:50.054690+00:00", "symbol": "BTC-USD"}, {"trade_id": 848213332, "side": "sell", "size": "0.00042624", "price": "118388.38000000", "time": "2025-07-13T13:08:23.440765Z", "fetched_at": "2025-07-13T13:10:50.054690+00:00", "symbol": "BTC-USD"}, {"trade_id": 848213331, "side": "buy", "size": "0.02068893", "price": "118379.40000000", "time": "2025-07-13T13:08:23.357042Z", "fetched_at": "2025-07-13T13:10:50.054690+00:00", "symbol": "BTC-USD"}, {"trade_id": 848213330, "side": "buy", "size": "0.00001938", "price": "118379.41000000", "time": "2025-07-13T13:08:23.357042Z", "fetched_at": "2025-07-13T13:10:50.054690+00:00", "symbol": "BTC-USD"}, {"trade_id": 848213329, "side": "buy", "size": "0.00844690", "price": "118386.55000000", "time": "2025-07-13T13:08:23.357042Z", "fetched_at": "2025-07-13T13:10:50.054690+00:00", "symbol": "BTC-USD"}, {"trade_id": 848213328, "side": "sell", "size": "0.00000211", "price": "118377.38000000", "time": "2025-07-13T13:08:22.123189Z", "fetched_at": "2025-07-13T13:10:50.054690+00:00", "symbol": "BTC-USD"}, {"trade_id": 848213327, "side": "sell", "size": "0.00008449", "price": "118377.38000000", "time": "2025-07-13T13:08:22.123189Z", "fetched_at": "2025-07-13T13:10:50.054690+00:00", "symbol": "BTC-USD"}, {"trade_id": 848213326, "side": "sell", "size": "0.00007993", "price": "118377.38000000", "time": "2025-07-13T13:08:21.703322Z", "fetched_at": "2025-07-13T13:10:50.054690+00:00", "symbol": "BTC-USD"}, {"trade_id": 848213325, "side": "sell", "size": "0.00000456", "price": "118377.38000000", "time": "2025-07-13T13:08:21.702301Z", "fetched_at": "2025-07-13T13:10:50.054690+00:00", "symbol": "BTC-USD"}, {"trade_id": 848213324, "side": "sell", "size": "0.00008449", "price": "118377.41000000", "time": "2025-07-13T13:08:21.671650Z", "fetched_at": "2025-07-13T13:10:50.054690+00:00", "symbol": "BTC-USD"}, {"trade_id": 848213323, "side": "sell", "size": "0.05000000", "price": "118376.75000000", "time": "2025-07-13T13:08:21.649162Z", "fetched_at": "2025-07-13T13:10:50.054690+00:00", "symbol": "BTC-USD"}, {"trade_id": 848213322, "side": "sell", "size": "0.00008449", "price": "118376.70000000", "time": "2025-07-13T13:08:21.649162Z", "fetched_at": "2025-07-13T13:10:50.054690+00:00", "symbol": "BTC-USD"}, {"trade_id": 848213321, "side": "sell", "size": "0.05000000", "price": "118376.70000000", "time": "2025-07-13T13:08:21.649162Z", "fetched_at": "2025-07-13T13:10:50.054690+00:00", "symbol": "BTC-USD"}, {"trade_id": 848213320, "side": "sell", "size": "0.00313181", "price": "118388.37000000", "time": "2025-07-13T13:08:21.426880Z", "fetched_at": "2025-07-13T13:10:50.054690+00:00", "symbol": "BTC-USD"}, {"trade_id": 848213319, "side": "sell", "size": "0.03323695", "price": "118388.36000000", "time": "2025-07-13T13:08:21.426880Z", "fetched_at": "2025-07-13T13:10:50.054690+00:00", "symbol": "BTC-USD"}, {"trade_id": 848213318, "side": "sell", "size": "0.00001000", "price": "118388.16000000", "time": "2025-07-13T13:08:21.426880Z", "fetched_at": "2025-07-13T13:10:50.054690+00:00", "symbol": "BTC-USD"}, {"trade_id": 848213317, "side": "sell", "size": "0.04063780", "price": "118381.30000000", "time": "2025-07-13T13:08:21.426880Z", "fetched_at": "2025-07-13T13:10:50.054690+00:00", "symbol": "BTC-USD"}, {"trade_id": 848213316, "side": "sell", "size": "0.00001000", "price": "118379.28000000", "time": "2025-07-13T13:08:21.426880Z", "fetched_at": "2025-07-13T13:10:50.054690+00:00", "symbol": "BTC-USD"}, {"trade_id": 848213315, "side": "sell", "size": "0.00499993", "price": "118375.04000000", "time": "2025-07-13T13:08:21.426880Z", "fetched_at": "2025-07-13T13:10:50.054690+00:00", "symbol": "BTC-USD"}, {"trade_id": 848213314, "side": "sell", "size": "0.00008449", "price": "118370.40000000", "time": "2025-07-13T13:08:21.426880Z", "fetched_at": "2025-07-13T13:10:50.054690+00:00", "symbol": "BTC-USD"}, {"trade_id": 848213313, "side": "sell", "size": "0.00001000", "price": "118370.40000000", "time": "2025-07-13T13:08:21.426880Z", "fetched_at": "2025-07-13T13:10:50.054690+00:00", "symbol": "BTC-USD"}, {"trade_id": 848213312, "side": "sell", "size": "0.04093254", "price": "118361.67000000", "time": "2025-07-13T13:08:21.087742Z", "fetched_at": "2025-07-13T13:10:50.054690+00:00", "symbol": "BTC-USD"}, {"trade_id": 848213311, "side": "sell", "size": "0.00008449", "price": "118360.57000000", "time": "2025-07-13T13:08:21.087742Z", "fetched_at": "2025-07-13T13:10:50.054690+00:00", "symbol": "BTC-USD"}, {"trade_id": 848213310, "side": "sell", "size": "0.00001025", "price": "118360.57000000", "time": "2025-07-13T13:08:21.087742Z", "fetched_at": "2025-07-13T13:10:50.054690+00:00", "symbol": "BTC-USD"}, {"trade_id": 848213309, "side": "sell", "size": "0.00008449", "price": "118354.16000000", "time": "2025-07-13T13:08:20.951683Z", "fetched_at": "2025-07-13T13:10:50.054690+00:00", "symbol": "BTC-USD"}, {"trade_id": 848213308, "side": "buy", "size": "0.00001240", "price": "118360.56000000", "time": "2025-07-13T13:08:19.216819Z", "fetched_at": "2025-07-13T13:10:50.054690+00:00", "symbol": "BTC-USD"}, {"trade_id": 848213307, "side": "sell", "size": "0.00058282", "price": "118361.67000000", "time": "2025-07-13T13:08:17.872007Z", "fetched_at": "2025-07-13T13:10:50.054690+00:00", "symbol": "BTC-USD"}