[{"trade_id": 848194638, "side": "sell", "size": "0.00000957", "price": "118024.26000000", "time": "2025-07-13T11:37:45.983609Z", "fetched_at": "2025-07-13T11:37:51.370290+00:00", "symbol": "BTC-USD"}, {"trade_id": 848194637, "side": "buy", "size": "0.00026185", "price": "118021.85000000", "time": "2025-07-13T11:37:45.521062Z", "fetched_at": "2025-07-13T11:37:51.370290+00:00", "symbol": "BTC-USD"}, {"trade_id": 848194636, "side": "buy", "size": "0.00020586", "price": "118025.18000000", "time": "2025-07-13T11:37:44.809866Z", "fetched_at": "2025-07-13T11:37:51.370290+00:00", "symbol": "BTC-USD"}, {"trade_id": 848194635, "side": "sell", "size": "0.00747804", "price": "118030.43000000", "time": "2025-07-13T11:37:44.564529Z", "fetched_at": "2025-07-13T11:37:51.370290+00:00", "symbol": "BTC-USD"}, {"trade_id": 848194634, "side": "sell", "size": "0.00002861", "price": "118021.85000000", "time": "2025-07-13T11:37:44.564529Z", "fetched_at": "2025-07-13T11:37:51.370290+00:00", "symbol": "BTC-USD"}, {"trade_id": 848194633, "side": "buy", "size": "0.00122521", "price": "118025.48000000", "time": "2025-07-13T11:37:44.413486Z", "fetched_at": "2025-07-13T11:37:51.370290+00:00", "symbol": "BTC-USD"}, {"trade_id": 848194632, "side": "buy", "size": "0.00150075", "price": "118025.48000000", "time": "2025-07-13T11:37:44.413486Z", "fetched_at": "2025-07-13T11:37:51.370290+00:00", "symbol": "BTC-USD"}, {"trade_id": 848194631, "side": "sell", "size": "0.00005622", "price": "118030.43000000", "time": "2025-07-13T11:37:44.331470Z", "fetched_at": "2025-07-13T11:37:51.370290+00:00", "symbol": "BTC-USD"}, {"trade_id": 848194630, "side": "sell", "size": "0.00002414", "price": "118025.49000000", "time": "2025-07-13T11:37:44.331470Z", "fetched_at": "2025-07-13T11:37:51.370290+00:00", "symbol": "BTC-USD"}, {"trade_id": 848194629, "side": "sell", "size": "0.00018501", "price": "118030.43000000", "time": "2025-07-13T11:37:44.197226Z", "fetched_at": "2025-07-13T11:37:51.370290+00:00", "symbol": "BTC-USD"}, {"trade_id": 848194628, "side": "sell", "size": "0.00002414", "price": "118025.49000000", "time": "2025-07-13T11:37:44.197226Z", "fetched_at": "2025-07-13T11:37:51.370290+00:00", "symbol": "BTC-USD"}, {"trade_id": 848194627, "side": "sell", "size": "0.00012017", "price": "118025.49000000", "time": "2025-07-13T11:37:44.197226Z", "fetched_at": "2025-07-13T11:37:51.370290+00:00", "symbol": "BTC-USD"}, {"trade_id": 848194626, "side": "buy", "size": "0.00004237", "price": "118023.67000000", "time": "2025-07-13T11:37:38.786682Z", "fetched_at": "2025-07-13T11:37:51.370290+00:00", "symbol": "BTC-USD"}, {"trade_id": 848194625, "side": "sell", "size": "0.00013320", "price": "118030.63000000", "time": "2025-07-13T11:37:37.359468Z", "fetched_at": "2025-07-13T11:37:51.370290+00:00", "symbol": "BTC-USD"}, {"trade_id": 848194624, "side": "sell", "size": "0.00001591", "price": "118023.66000000", "time": "2025-07-13T11:37:37.359468Z", "fetched_at": "2025-07-13T11:37:51.370290+00:00", "symbol": "BTC-USD"}, {"trade_id": 848194623, "side": "sell", "size": "0.00000423", "price": "118023.66000000", "time": "2025-07-13T11:37:37.359468Z", "fetched_at": "2025-07-13T11:37:51.370290+00:00", "symbol": "BTC-USD"}, {"trade_id": 848194622, "side": "buy", "size": "0.00341582", "price": "118023.65000000", "time": "2025-07-13T11:37:35.322157Z", "fetched_at": "2025-07-13T11:37:51.370290+00:00", "symbol": "BTC-USD"}, {"trade_id": 848194621, "side": "sell", "size": "0.00000239", "price": "118023.66000000", "time": "2025-07-13T11:37:34.724894Z", "fetched_at": "2025-07-13T11:37:51.370290+00:00", "symbol": "BTC-USD"}, {"trade_id": 848194620, "side": "buy", "size": "0.00389374", "price": "118027.90000000", "time": "2025-07-13T11:37:34.522669Z", "fetched_at": "2025-07-13T11:37:51.370290+00:00", "symbol": "BTC-USD"}, {"trade_id": 848194619, "side": "sell", "size": "0.00044679", "price": "118030.63000000", "time": "2025-07-13T11:37:34.412755Z", "fetched_at": "2025-07-13T11:37:51.370290+00:00", "symbol": "BTC-USD"}, {"trade_id": 848194618, "side": "sell", "size": "0.00001095", "price": "118023.61000000", "time": "2025-07-13T11:37:34.412755Z", "fetched_at": "2025-07-13T11:37:51.370290+00:00", "symbol": "BTC-USD"}, {"trade_id": 848194617, "side": "sell", "size": "0.00002114", "price": "118030.54000000", "time": "2025-07-13T11:37:33.822332Z", "fetched_at": "2025-07-13T11:37:51.370290+00:00", "symbol": "BTC-USD"}, {"trade_id": 848194616, "side": "sell", "size": "0.00001000", "price": "118023.60000000", "time": "2025-07-13T11:37:33.822332Z", "fetched_at": "2025-07-13T11:37:51.370290+00:00", "symbol": "BTC-USD"}, {"trade_id": 848194615, "side": "sell", "size": "0.00000178", "price": "118022.75000000", "time": "2025-07-13T11:37:33.822332Z", "fetched_at": "2025-07-13T11:37:51.370290+00:00", "symbol": "BTC-USD"}, {"trade_id": 848194614, "side": "sell", "size": "0.00001545", "price": "118021.84000000", "time": "2025-07-13T11:37:33.822332Z", "fetched_at": "2025-07-13T11:37:51.370290+00:00", "symbol": "BTC-USD"}, {"trade_id": 848194613, "side": "buy", "size": "0.00932941", "price": "118018.76000000", "time": "2025-07-13T11:37:32.801168Z", "fetched_at": "2025-07-13T11:37:51.370290+00:00", "symbol": "BTC-USD"}, {"trade_id": 848194612, "side": "buy", "size": "0.00008474", "price": "118018.77000000", "time": "2025-07-13T11:37:32.801168Z", "fetched_at": "2025-07-13T11:37:51.370290+00:00", "symbol": "BTC-USD"}, {"trade_id": 848194611, "side": "sell", "size": "0.00000033", "price": "118022.75000000", "time": "2025-07-13T11:37:32.536093Z", "fetched_at": "2025-07-13T11:37:51.370290+00:00", "symbol": "BTC-USD"}, {"trade_id": 848194610, "side": "sell", "size": "0.00000008", "price": "118018.00000000", "time": "2025-07-13T11:37:31.899010Z", "fetched_at": "2025-07-13T11:37:51.370290+00:00", "symbol": "BTC-USD"}, {"trade_id": 848194609, "side": "sell", "size": "0.00013450", "price": "118022.71000000", "time": "2025-07-13T11:37:31.878819Z", "fetched_at": "2025-07-13T11:37:51.370290+00:00", "symbol": "BTC-USD"}, {"trade_id": 848194608, "side": "sell", "size": "0.00001541", "price": "118018.00000000", "time": "2025-07-13T11:37:31.878819Z", "fetched_at": "2025-07-13T11:37:51.370290+00:00", "symbol": "BTC-USD"}, {"trade_id": 848194607, "side": "sell", "size": "0.00000008", "price": "118018.00000000", "time": "2025-07-13T11:37:29.817341Z", "fetched_at": "2025-07-13T11:37:51.370290+00:00", "symbol": "BTC-USD"}, {"trade_id": 848194606, "side": "sell", "size": "0.00013403", "price": "118022.71000000", "time": "2025-07-13T11:37:29.798555Z", "fetched_at": "2025-07-13T11:37:51.370290+00:00", "symbol": "BTC-USD"}, {"trade_id": 848194605, "side": "sell", "size": "0.00001740", "price": "118017.81000000", "time": "2025-07-13T11:37:29.798555Z", "fetched_at": "2025-07-13T11:37:51.370290+00:00", "symbol": "BTC-USD"}, {"trade_id": 848194604, "side": "sell", "size": "0.00000939", "price": "118022.70000000", "time": "2025-07-13T11:37:27.106387Z", "fetched_at": "2025-07-13T11:37:51.370290+00:00", "symbol": "BTC-USD"}, {"trade_id": 848194603, "side": "sell", "size": "0.00239785", "price": "118022.75000000", "time": "2025-07-13T11:37:25.556822Z", "fetched_at": "2025-07-13T11:37:51.370290+00:00", "symbol": "BTC-USD"}, {"trade_id": 848194602, "side": "sell", "size": "0.00001059", "price": "118022.22000000", "time": "2025-07-13T11:37:25.556822Z", "fetched_at": "2025-07-13T11:37:51.370290+00:00", "symbol": "BTC-USD"}, {"trade_id": 848194601, "side": "buy", "size": "0.00008452", "price": "118013.59000000", "time": "2025-07-13T11:37:23.227447Z", "fetched_at": "2025-07-13T11:37:51.370290+00:00", "symbol": "BTC-USD"}, {"trade_id": 848194600, "side": "sell", "size": "0.00018093", "price": "118021.65000000", "time": "2025-07-13T11:37:20.735518Z", "fetched_at": "2025-07-13T11:37:51.370290+00:00", "symbol": "BTC-USD"}, {"trade_id": 848194599, "side": "sell", "size": "0.00001192", "price": "118021.64000000", "time": "2025-07-13T11:37:20.735518Z", "fetched_at": "2025-07-13T11:37:51.370290+00:00", "symbol": "BTC-USD"}, {"trade_id": 848194598, "side": "sell", "size": "0.00004437", "price": "118021.65000000", "time": "2025-07-13T11:37:20.632571Z", "fetched_at": "2025-07-13T11:37:51.370290+00:00", "symbol": "BTC-USD"}, {"trade_id": 848194597, "side": "sell", "size": "0.00001192", "price": "118021.64000000", "time": "2025-07-13T11:37:20.632571Z", "fetched_at": "2025-07-13T11:37:51.370290+00:00", "symbol": "BTC-USD"}, {"trade_id": 848194596, "side": "sell", "size": "0.00083885", "price": "118020.97000000", "time": "2025-07-13T11:37:19.783306Z", "fetched_at": "2025-07-13T11:37:51.370290+00:00", "symbol": "BTC-USD"}, {"trade_id": 848194595, "side": "buy", "size": "0.00000269", "price": "118013.20000000", "time": "2025-07-13T11:37:18.267749Z", "fetched_at": "2025-07-13T11:37:51.370290+00:00", "symbol": "BTC-USD"}, {"trade_id": 848194594, "side": "sell", "size": "0.05273860", "price": "118023.42000000", "time": "2025-07-13T11:37:17.997178Z", "fetched_at": "2025-07-13T11:37:51.370290+00:00", "symbol": "BTC-USD"}, {"trade_id": 848194593, "side": "sell", "size": "0.00000271", "price": "118023.27000000", "time": "2025-07-13T11:37:17.997178Z", "fetched_at": "2025-07-13T11:37:51.370290+00:00", "symbol": "BTC-USD"}, {"trade_id": 848194592, "side": "sell", "size": "0.03401987", "price": "118020.52000000", "time": "2025-07-13T11:37:17.997178Z", "fetched_at": "2025-07-13T11:37:51.370290+00:00", "symbol": "BTC-USD"}, {"trade_id": 848194591, "side": "sell", "size": "0.02739375", "price": "118020.33000000", "time": "2025-07-13T11:37:17.997178Z", "fetched_at": "2025-07-13T11:37:51.370290+00:00", "symbol": "BTC-USD"}, {"trade_id": 848194590, "side": "sell", "size": "0.02634322", "price": "118020.33000000", "time": "2025-07-13T11:37:17.997178Z", "fetched_at": "2025-07-13T11:37:51.370290+00:00", "symbol": "BTC-USD"}, {"trade_id": 848194589, "side": "sell", "size": "0.00001187", "price": "118011.25000000", "time": "2025-07-13T11:37:17.997178Z", "fetched_at": "2025-07-13T11:37:51.370290+00:00", "symbol": "BTC-USD"}, {"trade_id": 848194588, "side": "sell", "size": "0.00018113", "price": "118020.33000000", "time": "2025-07-13T11:37:17.546152Z", "fetched_at": "2025-07-13T11:37:51.370290+00:00", "symbol": "BTC-USD"}, {"trade_id": 848194587, "side": "sell", "size": "0.00001172", "price": "118020.32000000", "time": "2025-07-13T11:37:17.546152Z", "fetched_at": "2025-07-13T11:37:51.370290+00:00", "symbol": "BTC-USD"}, {"trade_id": 848194586, "side": "sell", "size": "0.00001216", "price": "118020.36000000", "time": "2025-07-13T11:37:17.010527Z", "fetched_at": "2025-07-13T11:37:51.370290+00:00", "symbol": "BTC-USD"}, {"trade_id": 848194585, "side": "sell", "size": "0.00001192", "price": "118020.35000000", "time": "2025-07-13T11:37:17.010527Z", "fetched_at": "2025-07-13T11:37:51.370290+00:00", "symbol": "BTC-USD"}, {"trade_id": 848194584, "side": "sell", "size": "0.01145629", "price": "118020.36000000", "time": "2025-07-13T11:37:15.779469Z", "fetched_at": "2025-07-13T11:37:51.370290+00:00", "symbol": "BTC-USD"}, {"trade_id": 848194583, "side": "sell", "size": "0.00059130", "price": "118020.35000000", "time": "2025-07-13T11:37:15.779469Z", "fetched_at": "2025-07-13T11:37:51.370290+00:00", "symbol": "BTC-USD"}, {"trade_id": 848194582, "side": "sell", "size": "0.00020586", "price": "118020.35000000", "time": "2025-07-13T11:37:15.589336Z", "fetched_at": "2025-07-13T11:37:51.370290+00:00", "symbol": "BTC-USD"}, {"trade_id": 848194581, "side": "buy", "size": "0.00036379", "price": "118008.17000000", "time": "2025-07-13T11:37:15.287200Z", "fetched_at": "2025-07-13T11:37:51.370290+00:00", "symbol": "BTC-USD"}, {"trade_id": 848194580, "side": "buy", "size": "0.00008474", "price": "118008.18000000", "time": "2025-07-13T11:37:15.287200Z", "fetched_at": "2025-07-13T11:37:51.370290+00:00", "symbol": "BTC-USD"}, {"trade_id": 848194579, "side": "buy", "size": "0.00002489", "price": "118010.26000000", "time": "2025-07-13T11:37:15.287200Z", "fetched_at": "2025-07-13T11:37:51.370290+00:00", "symbol": "BTC-USD"}, {"trade_id": 848194578, "side": "sell", "size": "0.00027024", "price": "118020.46000000", "time": "2025-07-13T11:37:15.107851Z", "fetched_at": "2025-07-13T11:37:51.370290+00:00", "symbol": "BTC-USD"}, {"trade_id": 848194577, "side": "sell", "size": "0.00001103", "price": "118020.45000000", "time": "2025-07-13T11:37:15.107851Z", "fetched_at": "2025-07-13T11:37:51.370290+00:00", "symbol": "BTC-USD"}, {"trade_id": 848194576, "side": "sell", "size": "0.00000957", "price": "118020.45000000", "time": "2025-07-13T11:37:14.926771Z", "fetched_at": "2025-07-13T11:37:51.370290+00:00", "symbol": "BTC-USD"}, {"trade_id": 848194575, "side": "sell", "size": "0.00016917", "price": "118020.42000000", "time": "2025-07-13T11:37:14.450184Z", "fetched_at": "2025-07-13T11:37:51.370290+00:00", "symbol": "BTC-USD"}, {"trade_id": 848194574, "side": "sell", "size": "0.00001076", "price": "118020.41000000", "time": "2025-07-13T11:37:14.450184Z", "fetched_at": "2025-07-13T11:37:51.370290+00:00", "symbol": "BTC-USD"}, {"trade_id": 848194573, "side": "buy", "size": "0.00208824", "price": "118010.41000000", "time": "2025-07-13T11:37:14.446326Z", "fetched_at": "2025-07-13T11:37:51.370290+00:00", "symbol": "BTC-USD"}, {"trade_id": 848194572, "side": "buy", "size": "0.00008474", "price": "118010.41000000", "time": "2025-07-13T11:37:14.446326Z", "fetched_at": "2025-07-13T11:37:51.370290+00:00", "symbol": "BTC-USD"}, {"trade_id": 848194571, "side": "sell", "size": "0.00087717", "price": "118020.46000000", "time": "2025-07-13T11:37:14.231838Z", "fetched_at": "2025-07-13T11:37:51.370290+00:00", "symbol": "BTC-USD"}, {"trade_id": 848194570, "side": "sell", "size": "0.00001077", "price": "118020.45000000", "time": "2025-07-13T11:37:14.231838Z", "fetched_at": "2025-07-13T11:37:51.370290+00:00", "symbol": "BTC-USD"}, {"trade_id": 848194569, "side": "sell", "size": "0.00002859", "price": "118020.33000000", "time": "2025-07-13T11:37:12.018380Z", "fetched_at": "2025-07-13T11:37:51.370290+00:00", "symbol": "BTC-USD"}, {"trade_id": 848194568, "side": "sell", "size": "0.00005676", "price": "118020.32000000", "time": "2025-07-13T11:37:12.018380Z", "fetched_at": "2025-07-13T11:37:51.370290+00:00", "symbol": "BTC-USD"}, {"trade_id": 848194567, "side": "buy", "size": "0.00000330", "price": "118011.22000000", "time": "2025-07-13T11:37:11.629505Z", "fetched_at": "2025-07-13T11:37:51.370290+00:00", "symbol": "BTC-USD"}, {"trade_id": 848194566, "side": "sell", "size": "0.00002673", "price": "118020.47000000", "time": "2025-07-13T11:37:11.434272Z", "fetched_at": "2025-07-13T11:37:51.370290+00:00", "symbol": "BTC-USD"}, {"trade_id": 848194565, "side": "sell", "size": "0.00005716", "price": "118020.46000000", "time": "2025-07-13T11:37:11.434272Z", "fetched_at": "2025-07-13T11:37:51.370290+00:00", "symbol": "BTC-USD"}, {"trade_id": 848194564, "side": "sell", "size": "0.00010750", "price": "118020.47000000", "time": "2025-07-13T11:37:11.378862Z", "fetched_at": "2025-07-13T11:37:51.370290+00:00", "symbol": "BTC-USD"}, {"trade_id": 848194563, "side": "sell", "size": "0.00005716", "price": "118020.46000000", "time": "2025-07-13T11:37:11.378862Z", "fetched_at": "2025-07-13T11:37:51.370290+00:00", "symbol": "BTC-USD"}, {"trade_id": 848194562, "side": "buy", "size": "0.00077115", "price": "118012.24000000", "time": "2025-07-13T11:37:11.291713Z", "fetched_at": "2025-07-13T11:37:51.370290+00:00", "symbol": "BTC-USD"}, {"trade_id": 848194561, "side": "buy", "size": "0.00008474", "price": "118012.25000000", "time": "2025-07-13T11:37:11.291713Z", "fetched_at": "2025-07-13T11:37:51.370290+00:00", "symbol": "BTC-USD"}, {"trade_id": 848194560, "side": "sell", "size": "0.00003738", "price": "118017.97000000", "time": "2025-07-13T11:37:10.781312Z", "fetched_at": "2025-07-13T11:37:51.370290+00:00", "symbol": "BTC-USD"}, {"trade_id": 848194559, "side": "sell", "size": "0.00005699", "price": "118017.96000000", "time": "2025-07-13T11:37:10.781312Z", "fetched_at": "2025-07-13T11:37:51.370290+00:00", "symbol": "BTC-USD"}, {"trade_id": 848194558, "side": "sell", "size": "0.00125015", "price": "118017.99000000", "time": "2025-07-13T11:37:09.939751Z", "fetched_at": "2025-07-13T11:37:51.370290+00:00", "symbol": "BTC-USD"}, {"trade_id": 848194557, "side": "sell", "size": "0.00005781", "price": "118014.33000000", "time": "2025-07-13T11:37:09.939751Z", "fetched_at": "2025-07-13T11:37:51.370290+00:00", "symbol": "BTC-USD"}, {"trade_id": 848194556, "side": "sell", "size": "0.00004194", "price": "118016.58000000", "time": "2025-07-13T11:37:09.419258Z", "fetched_at": "2025-07-13T11:37:51.370290+00:00", "symbol": "BTC-USD"}, {"trade_id": 848194555, "side": "sell", "size": "0.00035293", "price": "118017.99000000", "time": "2025-07-13T11:37:09.365595Z", "fetched_at": "2025-07-13T11:37:51.370290+00:00", "symbol": "BTC-USD"}, {"trade_id": 848194554, "side": "sell", "size": "0.00005876", "price": "118014.33000000", "time": "2025-07-13T11:37:09.365595Z", "fetched_at": "2025-07-13T11:37:51.370290+00:00", "symbol": "BTC-USD"}, {"trade_id": 848194553, "side": "sell", "size": "0.00002536", "price": "118017.99000000", "time": "2025-07-13T11:37:09.214462Z", "fetched_at": "2025-07-13T11:37:51.370290+00:00", "symbol": "BTC-USD"}, {"trade_id": 848194552, "side": "sell", "size": "0.00005695", "price": "118014.33000000", "time": "2025-07-13T11:37:09.214462Z", "fetched_at": "2025-07-13T11:37:51.370290+00:00", "symbol": "BTC-USD"}, {"trade_id": 848194551, "side": "sell", "size": "0.00067273", "price": "118017.99000000", "time": "2025-07-13T11:37:09.064478Z", "fetched_at": "2025-07-13T11:37:51.370290+00:00", "symbol": "BTC-USD"}, {"trade_id": 848194550, "side": "sell", "size": "0.00005704", "price": "118014.32000000", "time": "2025-07-13T11:37:09.064478Z", "fetched_at": "2025-07-13T11:37:51.370290+00:00", "symbol": "BTC-USD"}, {"trade_id": 848194549, "side": "sell", "size": "0.00033468", "price": "118017.71000000", "time": "2025-07-13T11:37:08.105358Z", "fetched_at": "2025-07-13T11:37:51.370290+00:00", "symbol": "BTC-USD"}, {"trade_id": 848194548, "side": "sell", "size": "0.00008475", "price": "118017.69000000", "time": "2025-07-13T11:37:08.105358Z", "fetched_at": "2025-07-13T11:37:51.370290+00:00", "symbol": "BTC-USD"}, {"trade_id": 848194547, "side": "sell", "size": "0.00038038", "price": "118016.96000000", "time": "2025-07-13T11:37:07.376828Z", "fetched_at": "2025-07-13T11:37:51.370290+00:00", "symbol": "BTC-USD"}, {"trade_id": 848194546, "side": "sell", "size": "0.00008474", "price": "118005.38000000", "time": "2025-07-13T11:37:07.376828Z", "fetched_at": "2025-07-13T11:37:51.370290+00:00", "symbol": "BTC-USD"}, {"trade_id": 848194545, "side": "sell", "size": "0.00000008", "price": "118005.66000000", "time": "2025-07-13T11:37:06.630876Z", "fetched_at": "2025-07-13T11:37:51.370290+00:00", "symbol": "BTC-USD"}, {"trade_id": 848194544, "side": "sell", "size": "0.00006611", "price": "118017.70000000", "time": "2025-07-13T11:37:06.612533Z", "fetched_at": "2025-07-13T11:37:51.370290+00:00", "symbol": "BTC-USD"}, {"trade_id": 848194543, "side": "sell", "size": "0.00008474", "price": "118005.64000000", "time": "2025-07-13T11:37:06.612533Z", "fetched_at": "2025-07-13T11:37:51.370290+00:00", "symbol": "BTC-USD"}, {"trade_id": 848194542, "side": "sell", "size": "0.01640730", "price": "118016.62000000", "time": "2025-07-13T11:37:05.544772Z", "fetched_at": "2025-07-13T11:37:51.370290+00:00", "symbol": "BTC-USD"}, {"trade_id": 848194541, "side": "sell", "size": "0.00006068", "price": "118016.61000000", "time": "2025-07-13T11:37:05.544772Z", "fetched_at": "2025-07-13T11:37:51.370290+00:00", "symbol": "BTC-USD"}, {"trade_id": 848194540, "side": "sell", "size": "0.00001295", "price": "118017.71000000", "time": "2025-07-13T11:37:04.276156Z", "fetched_at": "2025-07-13T11:37:51.370290+00:00", "symbol": "BTC-USD"}, {"trade_id": 848194539, "side": "sell", "size": "0.00006883", "price": "118007.80000000", "time": "2025-07-13T11:37:04.276156Z", "fetched_at": "2025-07-13T11:37:51.370290+00:00", "symbol": "BTC-USD"}, {"trade_id": 848194538, "side": "sell", "size": "0.00034394", "price": "118017.61000000", "time": "2025-07-13T11:37:03.909054Z", "fetched_at": "2025-07-13T11:37:51.370290+00:00", "symbol": "BTC-USD"}, {"trade_id": 848194537, "side": "sell", "size": "0.00006775", "price": "118007.80000000", "time": "2025-07-13T11:37:03.909054Z", "fetched_at": "2025-07-13T11:37:51.370290+00:00", "symbol": "BTC-USD"}, {"trade_id": 848194536, "side": "sell", "size": "0.00000269", "price": "118006.52000000", "time": "2025-07-13T11:37:03.022255Z", "fetched_at": "2025-07-13T11:37:51.370290+00:00", "symbol": "BTC-USD"}, {"trade_id": 848194535, "side": "sell", "size": "0.00036136", "price": "118017.72000000", "time": "2025-07-13T11:37:02.680056Z", "fetched_at": "2025-07-13T11:37:51.370290+00:00", "symbol": "BTC-USD"}, {"trade_id": 848194534, "side": "sell", "size": "0.00006863", "price": "118017.71000000", "time": "2025-07-13T11:37:02.680056Z", "fetched_at": "2025-07-13T11:37:51.370290+00:00", "symbol": "BTC-USD"}, {"trade_id": 848194533, "side": "sell", "size": "0.00006736", "price": "118016.72000000", "time": "2025-07-13T11:37:02.680056Z", "fetched_at": "2025-07-13T11:37:51.370290+00:00", "symbol": "BTC-USD"}, {"trade_id": 848194532, "side": "sell", "size": "0.00001678", "price": "118016.72000000", "time": "2025-07-13T11:37:02.651442Z", "fetched_at": "2025-07-13T11:37:51.370290+00:00", "symbol": "BTC-USD"}, {"trade_id": 848194531, "side": "sell", "size": "0.00038410", "price": "118016.53000000", "time": "2025-07-13T11:37:02.391630Z", "fetched_at": "2025-07-13T11:37:51.370290+00:00", "symbol": "BTC-USD"}, {"trade_id": 848194530, "side": "sell", "size": "0.00006886", "price": "118016.52000000", "time": "2025-07-13T11:37:02.391630Z", "fetched_at": "2025-07-13T11:37:51.370290+00:00", "symbol": "BTC-USD"}, {"trade_id": 848194529, "side": "sell", "size": "0.00001678", "price": "118016.55000000", "time": "2025-07-13T11:37:02.058255Z", "fetched_at": "2025-07-13T11:37:51.370290+00:00", "symbol": "BTC-USD"}, {"trade_id": 848194528, "side": "buy", "size": "0.00003552", "price": "118005.38000000", "time": "2025-07-13T11:37:01.336751Z", "fetched_at": "2025-07-13T11:37:51.370290+00:00", "symbol": "BTC-USD"}, {"trade_id": 848194527, "side": "buy", "size": "0.00004412", "price": "118005.39000000", "time": "2025-07-13T11:37:01.336751Z", "fetched_at": "2025-07-13T11:37:51.370290+00:00", "symbol": "BTC-USD"}, {"trade_id": 848194526, "side": "sell", "size": "0.00119345", "price": "118015.87000000", "time": "2025-07-13T11:37:01.302761Z", "fetched_at": "2025-07-13T11:37:51.370290+00:00", "symbol": "BTC-USD"}, {"trade_id": 848194525, "side": "sell", "size": "0.00006478", "price": "118015.86000000", "time": "2025-07-13T11:37:01.302761Z", "fetched_at": "2025-07-13T11:37:51.370290+00:00", "symbol": "BTC-USD"}, {"trade_id": 848194524, "side": "sell", "size": "0.00075678", "price": "118016.17000000", "time": "2025-07-13T11:37:00.572918Z", "fetched_at": "2025-07-13T11:37:51.370290+00:00", "symbol": "BTC-USD"}, {"trade_id": 848194523, "side": "sell", "size": "0.00006660", "price": "118016.16000000", "time": "2025-07-13T11:37:00.572918Z", "fetched_at": "2025-07-13T11:37:51.370290+00:00", "symbol": "BTC-USD"}, {"trade_id": 848194522, "side": "sell", "size": "0.00161352", "price": "118017.45000000", "time": "2025-07-13T11:36:59.417189Z", "fetched_at": "2025-07-13T11:37:51.370290+00:00", "symbol": "BTC-USD"}, {"trade_id": 848194521, "side": "sell", "size": "0.00006412", "price": "118017.44000000", "time": "2025-07-13T11:36:59.417189Z", "fetched_at": "2025-07-13T11:37:51.370290+00:00", "symbol": "BTC-USD"}, {"trade_id": 848194520, "side": "sell", "size": "0.00001231", "price": "118017.63000000", "time": "2025-07-13T11:36:58.734228Z", "fetched_at": "2025-07-13T11:37:51.370290+00:00", "symbol": "BTC-USD"}, {"trade_id": 848194519, "side": "sell", "size": "0.00006947", "price": "118017.62000000", "time": "2025-07-13T11:36:58.734228Z", "fetched_at": "2025-07-13T11:37:51.370290+00:00", "symbol": "BTC-USD"}, {"trade_id": 848194518, "side": "sell", "size": "0.00834499", "price": "118017.63000000", "time": "2025-07-13T11:36:58.707420Z", "fetched_at": "2025-07-13T11:37:51.370290+00:00", "symbol": "BTC-USD"}, {"trade_id": 848194517, "side": "sell", "size": "0.00004318", "price": "118017.63000000", "time": "2025-07-13T11:36:58.707420Z", "fetched_at": "2025-07-13T11:37:51.370290+00:00", "symbol": "BTC-USD"}, {"trade_id": 848194516, "side": "buy", "size": "0.00003271", "price": "118005.64000000", "time": "2025-07-13T11:36:58.632127Z", "fetched_at": "2025-07-13T11:37:51.370290+00:00", "symbol": "BTC-USD"}, {"trade_id": 848194515, "side": "buy", "size": "0.00000118", "price": "118010.88000000", "time": "2025-07-13T11:36:58.632127Z", "fetched_at": "2025-07-13T11:37:51.370290+00:00", "symbol": "BTC-USD"}, {"trade_id": 848194514, "side": "sell", "size": "0.00001468", "price": "118016.09000000", "time": "2025-07-13T11:36:57.894501Z", "fetched_at": "2025-07-13T11:37:51.370290+00:00", "symbol": "BTC-USD"}, {"trade_id": 848194513, "side": "sell", "size": "0.00004531", "price": "118010.89000000", "time": "2025-07-13T11:36:57.073777Z", "fetched_at": "2025-07-13T11:37:51.370290+00:00", "symbol": "BTC-USD"}, {"trade_id": 848194512, "side": "sell", "size": "0.00003119", "price": "118021.81000000", "time": "2025-07-13T11:36:56.683378Z", "fetched_at": "2025-07-13T11:37:51.370290+00:00", "symbol": "BTC-USD"}, {"trade_id": 848194511, "side": "sell", "size": "0.00006848", "price": "118021.80000000", "time": "2025-07-13T11:36:56.683378Z", "fetched_at": "2025-07-13T11:37:51.370290+00:00", "symbol": "BTC-USD"}, {"trade_id": 848194510, "side": "sell", "size": "0.00054434", "price": "118022.22000000", "time": "2025-07-13T11:36:56.352434Z", "fetched_at": "2025-07-13T11:37:51.370290+00:00", "symbol": "BTC-USD"}, {"trade_id": 848194509, "side": "sell", "size": "0.00006823", "price": "118022.21000000", "time": "2025-07-13T11:36:56.352434Z", "fetched_at": "2025-07-13T11:37:51.370290+00:00", "symbol": "BTC-USD"}, {"trade_id": 848194508, "side": "sell", "size": "0.00001213", "price": "118022.22000000", "time": "2025-07-13T11:36:56.292476Z", "fetched_at": "2025-07-13T11:37:51.370290+00:00", "symbol": "BTC-USD"}, {"trade_id": 848194507, "side": "sell", "size": "0.00006823", "price": "118022.21000000", "time": "2025-07-13T11:36:56.292476Z", "fetched_at": "2025-07-13T11:37:51.370290+00:00", "symbol": "BTC-USD"}, {"trade_id": 848194506, "side": "buy", "size": "0.00088686", "price": "118010.88000000", "time": "2025-07-13T11:36:55.537096Z", "fetched_at": "2025-07-13T11:37:51.370290+00:00", "symbol": "BTC-USD"}, {"trade_id": 848194505, "side": "buy", "size": "0.00003318", "price": "118010.89000000", "time": "2025-07-13T11:36:55.537096Z", "fetched_at": "2025-07-13T11:37:51.370290+00:00", "symbol": "BTC-USD"}, {"trade_id": 848194504, "side": "buy", "size": "0.00100862", "price": "118010.89000000", "time": "2025-07-13T11:36:55.537096Z", "fetched_at": "2025-07-13T11:37:51.370290+00:00", "symbol": "BTC-USD"}, {"trade_id": 848194503, "side": "buy", "size": "0.00005040", "price": "118010.90000000", "time": "2025-07-13T11:36:55.537096Z", "fetched_at": "2025-07-13T11:37:51.370290+00:00", "symbol": "BTC-USD"}, {"trade_id": 848194502, "side": "buy", "size": "0.00002328", "price": "118010.90000000", "time": "2025-07-13T11:36:54.567483Z", "fetched_at": "2025-07-13T11:37:51.370290+00:00", "symbol": "BTC-USD"}, {"trade_id": 848194501, "side": "buy", "size": "0.00000169", "price": "118011.57000000", "time": "2025-07-13T11:36:54.567483Z", "fetched_at": "2025-07-13T11:37:51.370290+00:00", "symbol": "BTC-USD"}, {"trade_id": 848194500, "side": "sell", "size": "0.00004410", "price": "118022.74000000", "time": "2025-07-13T11:36:53.917311Z", "fetched_at": "2025-07-13T11:37:51.370290+00:00", "symbol": "BTC-USD"}, {"trade_id": 848194499, "side": "sell", "size": "0.00003769", "price": "118022.73000000", "time": "2025-07-13T11:36:53.917311Z", "fetched_at": "2025-07-13T11:37:51.370290+00:00", "symbol": "BTC-USD"}, {"trade_id": 848194498, "side": "sell", "size": "0.00001746", "price": "118022.74000000", "time": "2025-07-13T11:36:53.883722Z", "fetched_at": "2025-07-13T11:37:51.370290+00:00", "symbol": "BTC-USD"}, {"trade_id": 848194497, "side": "sell", "size": "0.00003769", "price": "118022.73000000", "time": "2025-07-13T11:36:53.883722Z", "fetched_at": "2025-07-13T11:37:51.370290+00:00", "symbol": "BTC-USD"}, {"trade_id": 848194496, "side": "sell", "size": "0.00000008", "price": "118022.87000000", "time": "2025-07-13T11:36:53.485790Z", "fetched_at": "2025-07-13T11:37:51.370290+00:00", "symbol": "BTC-USD"}, {"trade_id": 848194495, "side": "sell", "size": "0.00003739", "price": "118022.88000000", "time": "2025-07-13T11:36:53.466360Z", "fetched_at": "2025-07-13T11:37:51.370290+00:00", "symbol": "BTC-USD"}, {"trade_id": 848194494, "side": "sell", "size": "0.00003781", "price": "118022.87000000", "time": "2025-07-13T11:36:53.466360Z", "fetched_at": "2025-07-13T11:37:51.370290+00:00", "symbol": "BTC-USD"}, {"trade_id": 848194493, "side": "sell", "size": "0.01917310", "price": "118023.51000000", "time": "2025-07-13T11:36:50.769955Z", "fetched_at": "2025-07-13T11:37:51.370290+00:00", "symbol": "BTC-USD"}, {"trade_id": 848194492, "side": "sell", "size": "0.00537171", "price": "118023.27000000", "time": "2025-07-13T11:36:50.769955Z", "fetched_at": "2025-07-13T11:37:51.370290+00:00", "symbol": "BTC-USD"}, {"trade_id": 848194491, "side": "sell", "size": "0.00003819", "price": "118023.26000000", "time": "2025-07-13T11:36:50.769955Z", "fetched_at": "2025-07-13T11:37:51.370290+00:00", "symbol": "BTC-USD"}, {"trade_id": 848194490, "side": "buy", "size": "0.00300000", "price": "118010.89000000", "time": "2025-07-13T11:36:48.705868Z", "fetched_at": "2025-07-13T11:37:51.370290+00:00", "symbol": "BTC-USD"}, {"trade_id": 848194489, "side": "buy", "size": "0.00010000", "price": "118011.63000000", "time": "2025-07-13T11:36:48.375573Z", "fetched_at": "2025-07-13T11:37:51.370290+00:00", "symbol": "BTC-USD"}, {"trade_id": 848194488, "side": "sell", "size": "0.00014271", "price": "118024.14000000", "time": "2025-07-13T11:36:47.892785Z", "fetched_at": "2025-07-13T11:37:51.370290+00:00", "symbol": "BTC-USD"}, {"trade_id": 848194487, "side": "sell", "size": "0.00003831", "price": "118024.13000000", "time": "2025-07-13T11:36:47.892785Z", "fetched_at": "2025-07-13T11:37:51.370290+00:00", "symbol": "BTC-USD"}, {"trade_id": 848194486, "side": "sell", "size": "0.00003006", "price": "118024.35000000", "time": "2025-07-13T11:36:45.761035Z", "fetched_at": "2025-07-13T11:37:51.370290+00:00", "symbol": "BTC-USD"}, {"trade_id": 848194485, "side": "sell", "size": "0.00026395", "price": "118024.65000000", "time": "2025-07-13T11:36:45.298714Z", "fetched_at": "2025-07-13T11:37:51.370290+00:00", "symbol": "BTC-USD"}, {"trade_id": 848194484, "side": "sell", "size": "0.00002816", "price": "118024.64000000", "time": "2025-07-13T11:36:45.298714Z", "fetched_at": "2025-07-13T11:37:51.370290+00:00", "symbol": "BTC-USD"}, {"trade_id": 848194483, "side": "sell", "size": "0.00000160", "price": "118016.78000000", "time": "2025-07-13T11:36:45.298714Z", "fetched_at": "2025-07-13T11:37:51.370290+00:00", "symbol": "BTC-USD"}, {"trade_id": 848194482, "side": "sell", "size": "0.00300000", "price": "118016.78000000", "time": "2025-07-13T11:36:45.298714Z", "fetched_at": "2025-07-13T11:37:51.370290+00:00", "symbol": "BTC-USD"}, {"trade_id": 848194481, "side": "buy", "size": "0.00001646", "price": "118010.90000000", "time": "2025-07-13T11:36:44.617028Z", "fetched_at": "2025-07-13T11:37:51.370290+00:00", "symbol": "BTC-USD"}, {"trade_id": 848194480, "side": "buy", "size": "0.00000059", "price": "118016.77000000", "time": "2025-07-13T11:36:44.617028Z", "fetched_at": "2025-07-13T11:37:51.370290+00:00", "symbol": "BTC-USD"}, {"trade_id": 848194479, "side": "sell", "size": "0.02612765", "price": "118025.05000000", "time": "2025-07-13T11:36:44.125082Z", "fetched_at": "2025-07-13T11:37:51.370290+00:00", "symbol": "BTC-USD"}, {"trade_id": 848194478, "side": "sell", "size": "0.03000000", "price": "118025.04000000", "time": "2025-07-13T11:36:44.125082Z", "fetched_at": "2025-07-13T11:37:51.370290+00:00", "symbol": "BTC-USD"}, {"trade_id": 848194477, "side": "sell", "size": "0.01115007", "price": "118025.03000000", "time": "2025-07-13T11:36:44.125082Z", "fetched_at": "2025-07-13T11:37:51.370290+00:00", "symbol": "BTC-USD"}, {"trade_id": 848194476, "side": "sell", "size": "0.00278090", "price": "118016.89000000", "time": "2025-07-13T11:36:44.125082Z", "fetched_at": "2025-07-13T11:37:51.370290+00:00", "symbol": "BTC-USD"}, {"trade_id": 848194475, "side": "sell", "size": "0.00008107", "price": "118016.78000000", "time": "2025-07-13T11:36:44.125082Z", "fetched_at": "2025-07-13T11:37:51.370290+00:00", "symbol": "BTC-USD"}, {"trade_id": 848194474, "side": "sell", "size": "0.00001173", "price": "118016.78000000", "time": "2025-07-13T11:36:44.125082Z", "fetched_at": "2025-07-13T11:37:51.370290+00:00", "symbol": "BTC-USD"}, {"trade_id": 848194473, "side": "sell", "size": "0.00000309", "price": "118016.78000000", "time": "2025-07-13T11:36:44.094232Z", "fetched_at": "2025-07-13T11:37:51.370290+00:00", "symbol": "BTC-USD"}, {"trade_id": 848194472, "side": "buy", "size": "0.00195873", "price": "118010.88000000", "time": "2025-07-13T11:36:43.045656Z", "fetched_at": "2025-07-13T11:37:51.370290+00:00", "symbol": "BTC-USD"}, {"trade_id": 848194471, "side": "buy", "size": "0.00004905", "price": "118010.89000000", "time": "2025-07-13T11:36:43.045656Z", "fetched_at": "2025-07-13T11:37:51.370290+00:00", "symbol": "BTC-USD"}, {"trade_id": 848194470, "side": "buy", "size": "0.00000118", "price": "118016.48000000", "time": "2025-07-13T11:36:43.045656Z", "fetched_at": "2025-07-13T11:37:51.370290+00:00", "symbol": "BTC-USD"}, {"trade_id": 848194469, "side": "buy", "size": "0.00246410", "price": "118016.77000000", "time": "2025-07-13T11:36:43.045656Z", "fetched_at": "2025-07-13T11:37:51.370290+00:00", "symbol": "BTC-USD"}, {"trade_id": 848194468, "side": "buy", "size": "0.00372970", "price": "118016.77000000", "time": "2025-07-13T11:36:43.045656Z", "fetched_at": "2025-07-13T11:37:51.370290+00:00", "symbol": "BTC-USD"}, {"trade_id": 848194467, "side": "buy", "size": "0.03990972", "price": "118013.47000000", "time": "2025-07-13T11:36:40.668235Z", "fetched_at": "2025-07-13T11:37:51.370290+00:00", "symbol": "BTC-USD"}, {"trade_id": 848194466, "side": "buy", "size": "0.00000203", "price": "118016.48000000", "time": "2025-07-13T11:36:40.668235Z", "fetched_at": "2025-07-13T11:37:51.370290+00:00", "symbol": "BTC-USD"}, {"trade_id": 848194465, "side": "buy", "size": "0.00283198", "price": "118016.48000000", "time": "2025-07-13T11:36:40.668235Z", "fetched_at": "2025-07-13T11:37:51.370290+00:00", "symbol": "BTC-USD"}, {"trade_id": 848194464, "side": "buy", "size": "0.00005092", "price": "118016.49000000", "time": "2025-07-13T11:36:40.668235Z", "fetched_at": "2025-07-13T11:37:51.370290+00:00", "symbol": "BTC-USD"}, {"trade_id": 848194463, "side": "sell", "size": "0.01617299", "price": "118025.67000000", "time": "2025-07-13T11:36:40.532383Z", "fetched_at": "2025-07-13T11:37:51.370290+00:00", "symbol": "BTC-USD"}, {"trade_id": 848194462, "side": "sell", "size": "0.00007790", "price": "118025.66000000", "time": "2025-07-13T11:36:40.532383Z", "fetched_at": "2025-07-13T11:37:51.370290+00:00", "symbol": "BTC-USD"}, {"trade_id": 848194461, "side": "sell", "size": "0.00000211", "price": "118016.78000000", "time": "2025-07-13T11:36:40.532383Z", "fetched_at": "2025-07-13T11:37:51.370290+00:00", "symbol": "BTC-USD"}, {"trade_id": 848194460, "side": "sell", "size": "0.01374700", "price": "118016.77000000", "time": "2025-07-13T11:36:40.532383Z", "fetched_at": "2025-07-13T11:37:51.370290+00:00", "symbol": "BTC-USD"}, {"trade_id": 848194459, "side": "buy", "size": "0.00057551", "price": "118016.76000000", "time": "2025-07-13T11:36:40.321570Z", "fetched_at": "2025-07-13T11:37:51.370290+00:00", "symbol": "BTC-USD"}, {"trade_id": 848194458, "side": "buy", "size": "0.00083231", "price": "118016.76000000", "time": "2025-07-13T11:36:38.326646Z", "fetched_at": "2025-07-13T11:37:51.370290+00:00", "symbol": "BTC-USD"}, {"trade_id": 848194457, "side": "sell", "size": "0.00005778", "price": "118016.77000000", "time": "2025-07-13T11:36:38.289309Z", "fetched_at": "2025-07-13T11:37:51.370290+00:00", "symbol": "BTC-USD"}, {"trade_id": 848194456, "side": "sell", "size": "0.00002419", "price": "118016.77000000", "time": "2025-07-13T11:36:37.783592Z", "fetched_at": "2025-07-13T11:37:51.370290+00:00", "symbol": "BTC-USD"}, {"trade_id": 848194455, "side": "sell", "size": "0.00007550", "price": "118016.77000000", "time": "2025-07-13T11:36:36.216550Z", "fetched_at": "2025-07-13T11:37:51.370290+00:00", "symbol": "BTC-USD"}, {"trade_id": 848194454, "side": "buy", "size": "0.00001700", "price": "118016.48000000", "time": "2025-07-13T11:36:35.851357Z", "fetched_at": "2025-07-13T11:37:51.370290+00:00", "symbol": "BTC-USD"}, {"trade_id": 848194453, "side": "sell", "size": "0.00083887", "price": "118016.49000000", "time": "2025-07-13T11:36:35.583375Z", "fetched_at": "2025-07-13T11:37:51.370290+00:00", "symbol": "BTC-USD"}, {"trade_id": 848194452, "side": "buy", "size": "0.01000000", "price": "118016.48000000", "time": "2025-07-13T11:36:35.101427Z", "fetched_at": "2025-07-13T11:37:51.370290+00:00", "symbol": "BTC-USD"}, {"trade_id": 848194451, "side": "sell", "size": "0.00000076", "price": "118016.49000000", "time": "2025-07-13T11:36:34.817083Z", "fetched_at": "2025-07-13T11:37:51.370290+00:00", "symbol": "BTC-USD"}, {"trade_id": 848194450, "side": "sell", "size": "0.00183384", "price": "118016.49000000", "time": "2025-07-13T11:36:34.796086Z", "fetched_at": "2025-07-13T11:37:51.370290+00:00", "symbol": "BTC-USD"}, {"trade_id": 848194449, "side": "buy", "size": "0.00007703", "price": "118016.48000000", "time": "2025-07-13T11:36:34.532134Z", "fetched_at": "2025-07-13T11:37:51.370290+00:00", "symbol": "BTC-USD"}, {"trade_id": 848194448, "side": "sell", "size": "0.00000033", "price": "118016.49000000", "time": "2025-07-13T11:36:33.097965Z", "fetched_at": "2025-07-13T11:37:51.370290+00:00", "symbol": "BTC-USD"}, {"trade_id": 848194447, "side": "sell", "size": "0.00012112", "price": "118016.46000000", "time": "2025-07-13T11:36:29.957518Z", "fetched_at": "2025-07-13T11:37:51.370290+00:00", "symbol": "BTC-USD"}, {"trade_id": 848194446, "side": "sell", "size": "0.00008474", "price": "118016.45000000", "time": "2025-07-13T11:36:29.957518Z", "fetched_at": "2025-07-13T11:37:51.370290+00:00", "symbol": "BTC-USD"}, {"trade_id": 848194445, "side": "sell", "size": "0.00085909", "price": "118016.41000000", "time": "2025-07-13T11:36:29.743859Z", "fetched_at": "2025-07-13T11:37:51.370290+00:00", "symbol": "BTC-USD"}, {"trade_id": 848194444, "side": "sell", "size": "0.00330617", "price": "118016.39000000", "time": "2025-07-13T11:36:29.743859Z", "fetched_at": "2025-07-13T11:37:51.370290+00:00", "symbol": "BTC-USD"}, {"trade_id": 848194443, "side": "sell", "size": "0.00008474", "price": "118016.38000000", "time": "2025-07-13T11:36:29.743859Z", "fetched_at": "2025-07-13T11:37:51.370290+00:00", "symbol": "BTC-USD"}, {"trade_id": 848194442, "side": "sell", "size": "0.00032698", "price": "118016.39000000", "time": "2025-07-13T11:36:29.705932Z", "fetched_at": "2025-07-13T11:37:51.370290+00:00", "symbol": "BTC-USD"}, {"trade_id": 848194441, "side": "sell", "size": "0.00008474", "price": "118016.38000000", "time": "2025-07-13T11:36:29.705932Z", "fetched_at": "2025-07-13T11:37:51.370290+00:00", "symbol": "BTC-USD"}, {"trade_id": 848194440, "side": "buy", "size": "0.00028506", "price": "118005.33000000", "time": "2025-07-13T11:36:29.653985Z", "fetched_at": "2025-07-13T11:37:51.370290+00:00", "symbol": "BTC-USD"}, {"trade_id": 848194439, "side": "buy", "size": "0.00005680", "price": "118005.34000000", "time": "2025-07-13T11:36:29.653985Z", "fetched_at": "2025-07-13T11:37:51.370290+00:00", "symbol": "BTC-USD"}, {"trade_id": 848194438, "side": "buy", "size": "0.00001000", "price": "118005.90000000", "time": "2025-07-13T11:36:29.653985Z", "fetched_at": "2025-07-13T11:37:51.370290+00:00", "symbol": "BTC-USD"}, {"trade_id": 848194437, "side": "buy", "size": "0.00000033", "price": "118005.91000000", "time": "2025-07-13T11:36:29.653985Z", "fetched_at": "2025-07-13T11:37:51.370290+00:00", "symbol": "BTC-USD"}, {"trade_id": 848194436, "side": "buy", "size": "0.00000347", "price": "118007.63000000", "time": "2025-07-13T11:36:29.653985Z", "fetched_at": "2025-07-13T11:37:51.370290+00:00", "symbol": "BTC-USD"}, {"trade_id": 848194435, "side": "sell", "size": "0.00057462", "price": "118016.46000000", "time": "2025-07-13T11:36:29.444496Z", "fetched_at": "2025-07-13T11:37:51.370290+00:00", "symbol": "BTC-USD"}, {"trade_id": 848194434, "side": "sell", "size": "0.00691064", "price": "118015.99000000", "time": "2025-07-13T11:36:29.444496Z", "fetched_at": "2025-07-13T11:37:51.370290+00:00", "symbol": "BTC-USD"}, {"trade_id": 848194433, "side": "sell", "size": "0.00008474", "price": "118015.98000000", "time": "2025-07-13T11:36:29.444496Z", "fetched_at": "2025-07-13T11:37:51.370290+00:00", "symbol": "BTC-USD"}, {"trade_id": 848194432, "side": "sell", "size": "0.00003985", "price": "118016.05000000", "time": "2025-07-13T11:36:29.140452Z", "fetched_at": "2025-07-13T11:37:51.370290+00:00", "symbol": "BTC-USD"}, {"trade_id": 848194431, "side": "sell", "size": "0.00127526", "price": "118016.05000000", "time": "2025-07-13T11:36:29.137217Z", "fetched_at": "2025-07-13T11:37:51.370290+00:00", "symbol": "BTC-USD"}, {"trade_id": 848194430, "side": "sell", "size": "0.00008474", "price": "118016.04000000", "time": "2025-07-13T11:36:29.137217Z", "fetched_at": "2025-07-13T11:37:51.370290+00:00", "symbol": "BTC-USD"}, {"trade_id": 848194429, "side": "buy", "size": "0.02089391", "price": "118005.91000000", "time": "2025-07-13T11:36:27.023685Z", "fetched_at": "2025-07-13T11:37:51.370290+00:00", "symbol": "BTC-USD"}, {"trade_id": 848194428, "side": "buy", "size": "0.00002193", "price": "118007.14000000", "time": "2025-07-13T11:36:27.023685Z", "fetched_at": "2025-07-13T11:37:51.370290+00:00", "symbol": "BTC-USD"}, {"trade_id": 848194427, "side": "buy", "size": "0.02137018", "price": "118007.14000000", "time": "2025-07-13T11:36:27.023685Z", "fetched_at": "2025-07-13T11:37:51.370290+00:00", "symbol": "BTC-USD"}, {"trade_id": 848194426, "side": "buy", "size": "0.00005693", "price": "118007.15000000", "time": "2025-07-13T11:36:27.023685Z", "fetched_at": "2025-07-13T11:37:51.370290+00:00", "symbol": "BTC-USD"}, {"trade_id": 848194425, "side": "buy", "size": "0.00000703", "price": "118007.63000000", "time": "2025-07-13T11:36:27.023685Z", "fetched_at": "2025-07-13T11:37:51.370290+00:00", "symbol": "BTC-USD"}, {"trade_id": 848194424, "side": "buy", "size": "0.00001754", "price": "118007.63000000", "time": "2025-07-13T11:36:27.023685Z", "fetched_at": "2025-07-13T11:37:51.370290+00:00", "symbol": "BTC-USD"}, {"trade_id": 848194423, "side": "sell", "size": "0.00008405", "price": "118016.45000000", "time": "2025-07-13T11:36:26.615338Z", "fetched_at": "2025-07-13T11:37:51.370290+00:00", "symbol": "BTC-USD"}, {"trade_id": 848194422, "side": "sell", "size": "0.00004018", "price": "118015.07000000", "time": "2025-07-13T11:36:26.062265Z", "fetched_at": "2025-07-13T11:37:51.370290+00:00", "symbol": "BTC-USD"}, {"trade_id": 848194421, "side": "buy", "size": "0.00362782", "price": "118007.14000000", "time": "2025-07-13T11:36:25.677963Z", "fetched_at": "2025-07-13T11:37:51.370290+00:00", "symbol": "BTC-USD"}, {"trade_id": 848194420, "side": "buy", "size": "0.00000347", "price": "118007.15000000", "time": "2025-07-13T11:36:25.677963Z", "fetched_at": "2025-07-13T11:37:51.370290+00:00", "symbol": "BTC-USD"}, {"trade_id": 848194419, "side": "buy", "size": "0.00000118", "price": "118007.15000000", "time": "2025-07-13T11:36:25.677963Z", "fetched_at": "2025-07-13T11:37:51.370290+00:00", "symbol": "BTC-USD"}, {"trade_id": 848194418, "side": "buy", "size": "0.00002193", "price": "118007.62000000", "time": "2025-07-13T11:36:25.677963Z", "fetched_at": "2025-07-13T11:37:51.370290+00:00", "symbol": "BTC-USD"}, {"trade_id": 848194417, "side": "buy", "size": "0.00025295", "price": "118007.62000000", "time": "2025-07-13T11:36:25.677963Z", "fetched_at": "2025-07-13T11:37:51.370290+00:00", "symbol": "BTC-USD"}, {"trade_id": 848194416, "side": "buy", "size": "0.00005817", "price": "118007.63000000", "time": "2025-07-13T11:36:25.677963Z", "fetched_at": "2025-07-13T11:37:51.370290+00:00", "symbol": "BTC-USD"}, {"trade_id": 848194415, "side": "sell", "size": "0.00164687", "price": "118013.64000000", "time": "2025-07-13T11:36:24.471100Z", "fetched_at": "2025-07-13T11:37:51.370290+00:00", "symbol": "BTC-USD"}, {"trade_id": 848194414, "side": "sell", "size": "0.00048509", "price": "118015.65000000", "time": "2025-07-13T11:36:21.416918Z", "fetched_at": "2025-07-13T11:37:51.370290+00:00", "symbol": "BTC-USD"}, {"trade_id": 848194413, "side": "sell", "size": "0.00007363", "price": "118015.64000000", "time": "2025-07-13T11:36:21.416918Z", "fetched_at": "2025-07-13T11:37:51.370290+00:00", "symbol": "BTC-USD"}, {"trade_id": 848194412, "side": "sell", "size": "0.00001026", "price": "118015.72000000", "time": "2025-07-13T11:36:21.320563Z", "fetched_at": "2025-07-13T11:37:51.370290+00:00", "symbol": "BTC-USD"}, {"trade_id": 848194411, "side": "sell", "size": "0.00007363", "price": "118015.72000000", "time": "2025-07-13T11:36:21.320563Z", "fetched_at": "2025-07-13T11:37:51.370290+00:00", "symbol": "BTC-USD"}, {"trade_id": 848194410, "side": "sell", "size": "0.00000499", "price": "118016.39000000", "time": "2025-07-13T11:36:20.448002Z", "fetched_at": "2025-07-13T11:37:51.370290+00:00", "symbol": "BTC-USD"}, {"trade_id": 848194409, "side": "sell", "size": "0.00007537", "price": "118016.38000000", "time": "2025-07-13T11:36:20.448002Z", "fetched_at": "2025-07-13T11:37:51.370290+00:00", "symbol": "BTC-USD"}, {"trade_id": 848194408, "side": "buy", "size": "0.00000300", "price": "118007.62000000", "time": "2025-07-13T11:36:20.004025Z", "fetched_at": "2025-07-13T11:37:51.370290+00:00", "symbol": "BTC-USD"}, {"trade_id": 848194407, "side": "sell", "size": "0.00246923", "price": "118015.62000000", "time": "2025-07-13T11:36:19.810882Z", "fetched_at": "2025-07-13T11:37:51.370290+00:00", "symbol": "BTC-USD"}, {"trade_id": 848194406, "side": "buy", "size": "0.00048175", "price": "118007.62000000", "time": "2025-07-13T11:36:19.435119Z", "fetched_at": "2025-07-13T11:37:51.370290+00:00", "symbol": "BTC-USD"}, {"trade_id": 848194405, "side": "buy", "size": "0.00003424", "price": "118007.63000000", "time": "2025-07-13T11:36:19.435119Z", "fetched_at": "2025-07-13T11:37:51.370290+00:00", "symbol": "BTC-USD"}, {"trade_id": 848194404, "side": "sell", "size": "0.00075028", "price": "118016.43000000", "time": "2025-07-13T11:36:18.313818Z", "fetched_at": "2025-07-13T11:37:51.370290+00:00", "symbol": "BTC-USD"}, {"trade_id": 848194403, "side": "sell", "size": "0.00007316", "price": "118016.42000000", "time": "2025-07-13T11:36:18.313818Z", "fetched_at": "2025-07-13T11:37:51.370290+00:00", "symbol": "BTC-USD"}, {"trade_id": 848194402, "side": "buy", "size": "0.00015223", "price": "118007.62000000", "time": "2025-07-13T11:36:17.409161Z", "fetched_at": "2025-07-13T11:37:51.370290+00:00", "symbol": "BTC-USD"}, {"trade_id": 848194401, "side": "buy", "size": "0.00003419", "price": "118007.63000000", "time": "2025-07-13T11:36:17.409161Z", "fetched_at": "2025-07-13T11:37:51.370290+00:00", "symbol": "BTC-USD"}, {"trade_id": 848194400, "side": "buy", "size": "0.00007632", "price": "118007.62000000", "time": "2025-07-13T11:36:12.790792Z", "fetched_at": "2025-07-13T11:37:51.370290+00:00", "symbol": "BTC-USD"}, {"trade_id": 848194399, "side": "buy", "size": "0.00005578", "price": "118007.63000000", "time": "2025-07-13T11:36:12.790792Z", "fetched_at": "2025-07-13T11:37:51.370290+00:00", "symbol": "BTC-USD"}, {"trade_id": 848194398, "side": "sell", "size": "0.00058850", "price": "118014.97000000", "time": "2025-07-13T11:36:10.676832Z", "fetched_at": "2025-07-13T11:37:51.370290+00:00", "symbol": "BTC-USD"}, {"trade_id": 848194397, "side": "sell", "size": "0.00021439", "price": "118012.64000000", "time": "2025-07-13T11:36:10.676832Z", "fetched_at": "2025-07-13T11:37:51.370290+00:00", "symbol": "BTC-USD"}, {"trade_id": 848194396, "side": "sell", "size": "0.01129377", "price": "118015.46000000", "time": "2025-07-13T11:36:09.871279Z", "fetched_at": "2025-07-13T11:37:51.370290+00:00", "symbol": "BTC-USD"}, {"trade_id": 848194395, "side": "sell", "size": "0.01488540", "price": "118015.89000000", "time": "2025-07-13T11:36:09.159484Z", "fetched_at": "2025-07-13T11:37:51.370290+00:00", "symbol": "BTC-USD"}, {"trade_id": 848194394, "side": "sell", "size": "0.00183129", "price": "118015.15000000", "time": "2025-07-13T11:36:09.159484Z", "fetched_at": "2025-07-13T11:37:51.370290+00:00", "symbol": "BTC-USD"}, {"trade_id": 848194393, "side": "sell", "size": "0.00005802", "price": "118015.14000000", "time": "2025-07-13T11:36:09.159484Z", "fetched_at": "2025-07-13T11:37:51.370290+00:00", "symbol": "BTC-USD"}, {"trade_id": 848194392, "side": "sell", "size": "0.00001700", "price": "118015.16000000", "time": "2025-07-13T11:36:08.154354Z", "fetched_at": "2025-07-13T11:37:51.370290+00:00", "symbol": "BTC-USD"}, {"trade_id": 848194391, "side": "sell", "size": "0.00004194", "price": "118017.11000000", "time": "2025-07-13T11:36:05.678543Z", "fetched_at": "2025-07-13T11:37:51.370290+00:00", "symbol": "BTC-USD"}, {"trade_id": 848194390, "side": "sell", "size": "0.00164141", "price": "118015.34000000", "time": "2025-07-13T11:36:05.053667Z", "fetched_at": "2025-07-13T11:37:51.370290+00:00", "symbol": "BTC-USD"}, {"trade_id": 848194389, "side": "sell", "size": "0.00008474", "price": "118015.33000000", "time": "2025-07-13T11:36:05.053667Z", "fetched_at": "2025-07-13T11:37:51.370290+00:00", "symbol": "BTC-USD"}, {"trade_id": 848194388, "side": "sell", "size": "0.00019005", "price": "118013.67000000", "time": "2025-07-13T11:36:05.053667Z", "fetched_at": "2025-07-13T11:37:51.370290+00:00", "symbol": "BTC-USD"}, {"trade_id": 848194387, "side": "sell", "size": "0.00008387", "price": "118013.20000000", "time": "2025-07-13T11:36:04.911310Z", "fetched_at": "2025-07-13T11:37:51.370290+00:00", "symbol": "BTC-USD"}, {"trade_id": 848194386, "side": "buy", "size": "0.00028449", "price": "118008.11000000", "time": "2025-07-13T11:36:03.468632Z", "fetched_at": "2025-07-13T11:37:51.370290+00:00", "symbol": "BTC-USD"}, {"trade_id": 848194385, "side": "buy", "size": "0.00005780", "price": "118008.12000000", "time": "2025-07-13T11:36:03.468632Z", "fetched_at": "2025-07-13T11:37:51.370290+00:00", "symbol": "BTC-USD"}, {"trade_id": 848194384, "side": "sell", "size": "0.00069502", "price": "118016.11000000", "time": "2025-07-13T11:36:03.049698Z", "fetched_at": "2025-07-13T11:37:51.370290+00:00", "symbol": "BTC-USD"}, {"trade_id": 848194383, "side": "sell", "size": "0.00012109", "price": "118017.15000000", "time": "2025-07-13T11:36:02.427128Z", "fetched_at": "2025-07-13T11:37:51.370290+00:00", "symbol": "BTC-USD"}, {"trade_id": 848194382, "side": "sell", "size": "0.00008474", "price": "118017.14000000", "time": "2025-07-13T11:36:02.427128Z", "fetched_at": "2025-07-13T11:37:51.370290+00:00", "symbol": "BTC-USD"}, {"trade_id": 848194381, "side": "sell", "size": "0.00197357", "price": "118017.15000000", "time": "2025-07-13T11:36:02.147989Z", "fetched_at": "2025-07-13T11:37:51.370290+00:00", "symbol": "BTC-USD"}, {"trade_id": 848194380, "side": "sell", "size": "0.00008474", "price": "118017.14000000", "time": "2025-07-13T11:36:02.147989Z", "fetched_at": "2025-07-13T11:37:51.370290+00:00", "symbol": "BTC-USD"}, {"trade_id": 848194379, "side": "sell", "size": "0.00075886", "price": "118017.15000000", "time": "2025-07-13T11:36:01.917001Z", "fetched_at": "2025-07-13T11:37:51.370290+00:00", "symbol": "BTC-USD"}, {"trade_id": 848194378, "side": "sell", "size": "0.00008474", "price": "118017.14000000", "time": "2025-07-13T11:36:01.917001Z", "fetched_at": "2025-07-13T11:37:51.370290+00:00", "symbol": "BTC-USD"}, {"trade_id": 848194377, "side": "sell", "size": "0.00013947", "price": "118017.15000000", "time": "2025-07-13T11:36:01.735532Z", "fetched_at": "2025-07-13T11:37:51.370290+00:00", "symbol": "BTC-USD"}, {"trade_id": 848194376, "side": "sell", "size": "0.00018746", "price": "118017.14000000", "time": "2025-07-13T11:36:01.735532Z", "fetched_at": "2025-07-13T11:37:51.370290+00:00", "symbol": "BTC-USD"}, {"trade_id": 848194375, "side": "sell", "size": "0.00008474", "price": "118017.13000000", "time": "2025-07-13T11:36:01.735532Z", "fetched_at": "2025-07-13T11:37:51.370290+00:00", "symbol": "BTC-USD"}, {"trade_id": 848194374, "side": "sell", "size": "0.00082711", "price": "118017.16000000", "time": "2025-07-13T11:36:01.592809Z", "fetched_at": "2025-07-13T11:37:51.370290+00:00", "symbol": "BTC-USD"}, {"trade_id": 848194373, "side": "sell", "size": "0.00008474", "price": "118017.15000000", "time": "2025-07-13T11:36:01.592809Z", "fetched_at": "2025-07-13T11:37:51.370290+00:00", "symbol": "BTC-USD"}, {"trade_id": 848194372, "side": "sell", "size": "0.00000203", "price": "118017.14000000", "time": "2025-07-13T11:36:01.592809Z", "fetched_at": "2025-07-13T11:37:51.370290+00:00", "symbol": "BTC-USD"}, {"trade_id": 848194371, "side": "sell", "size": "0.00006081", "price": "118017.00000000", "time": "2025-07-13T11:36:01.552972Z", "fetched_at": "2025-07-13T11:37:51.370290+00:00", "symbol": "BTC-USD"}, {"trade_id": 848194370, "side": "sell", "size": "0.00156190", "price": "118017.15000000", "time": "2025-07-13T11:36:01.334132Z", "fetched_at": "2025-07-13T11:37:51.370290+00:00", "symbol": "BTC-USD"}, {"trade_id": 848194369, "side": "sell", "size": "0.00008475", "price": "118017.14000000", "time": "2025-07-13T11:36:01.334132Z", "fetched_at": "2025-07-13T11:37:51.370290+00:00", "symbol": "BTC-USD"}, {"trade_id": 848194368, "side": "sell", "size": "0.00022151", "price": "118017.15000000", "time": "2025-07-13T11:36:01.090478Z", "fetched_at": "2025-07-13T11:37:51.370290+00:00", "symbol": "BTC-USD"}, {"trade_id": 848194367, "side": "sell", "size": "0.00008475", "price": "118017.14000000", "time": "2025-07-13T11:36:01.090478Z", "fetched_at": "2025-07-13T11:37:51.370290+00:00", "symbol": "BTC-USD"}, {"trade_id": 848194366, "side": "sell", "size": "0.00005926", "price": "118017.15000000", "time": "2025-07-13T11:36:00.997113Z", "fetched_at": "2025-07-13T11:37:51.370290+00:00", "symbol": "BTC-USD"}, {"trade_id": 848194365, "side": "sell", "size": "0.00008475", "price": "118017.14000000", "time": "2025-07-13T11:36:00.997113Z", "fetched_at": "2025-07-13T11:37:51.370290+00:00", "symbol": "BTC-USD"}, {"trade_id": 848194364, "side": "sell", "size": "0.00008402", "price": "118012.78000000", "time": "2025-07-13T11:36:00.252995Z", "fetched_at": "2025-07-13T11:37:51.370290+00:00", "symbol": "BTC-USD"}, {"trade_id": 848194363, "side": "sell", "size": "0.00007668", "price": "118012.77000000", "time": "2025-07-13T11:36:00.252995Z", "fetched_at": "2025-07-13T11:37:51.370290+00:00", "symbol": "BTC-USD"}, {"trade_id": 848194362, "side": "sell", "size": "0.00000805", "price": "118012.77000000", "time": "2025-07-13T11:36:00.008284Z", "fetched_at": "2025-07-13T11:37:51.370290+00:00", "symbol": "BTC-USD"}, {"trade_id": 848194361, "side": "sell", "size": "0.00019878", "price": "118012.80000000", "time": "2025-07-13T11:35:59.669483Z", "fetched_at": "2025-07-13T11:37:51.370290+00:00", "symbol": "BTC-USD"}, {"trade_id": 848194360, "side": "sell", "size": "0.00008173", "price": "118007.15000000", "time": "2025-07-13T11:35:59.669483Z", "fetched_at": "2025-07-13T11:37:51.370290+00:00", "symbol": "BTC-USD"}, {"trade_id": 848194359, "side": "sell", "size": "0.00000300", "price": "118007.15000000", "time": "2025-07-13T11:35:59.560784Z", "fetched_at": "2025-07-13T11:37:51.370290+00:00", "symbol": "BTC-USD"}, {"trade_id": 848194358, "side": "sell", "size": "0.00007991", "price": "118012.78000000", "time": "2025-07-13T11:35:59.182981Z", "fetched_at": "2025-07-13T11:37:51.370290+00:00", "symbol": "BTC-USD"}, {"trade_id": 848194357, "side": "sell", "size": "0.00008473", "price": "118007.15000000", "time": "2025-07-13T11:35:59.182981Z", "fetched_at": "2025-07-13T11:37:51.370290+00:00", "symbol": "BTC-USD"}, {"trade_id": 848194356, "side": "buy", "size": "0.00000220", "price": "118013.41000000", "time": "2025-07-13T11:35:58.895004Z", "fetched_at": "2025-07-13T11:37:51.370290+00:00", "symbol": "BTC-USD"}, {"trade_id": 848194355, "side": "buy", "size": "0.00000118", "price": "118024.05000000", "time": "2025-07-13T11:35:58.895004Z", "fetched_at": "2025-07-13T11:37:51.370290+00:00", "symbol": "BTC-USD"}, {"trade_id": 848194354, "side": "buy", "size": "0.00000347", "price": "118024.05000000", "time": "2025-07-13T11:35:58.895004Z", "fetched_at": "2025-07-13T11:37:51.370290+00:00", "symbol": "BTC-USD"}, {"trade_id": 848194353, "side": "sell", "size": "0.00041167", "price": "118024.06000000", "time": "2025-07-13T11:35:58.715432Z", "fetched_at": "2025-07-13T11:37:51.370290+00:00", "symbol": "BTC-USD"}, {"trade_id": 848194352, "side": "sell", "size": "0.00008387", "price": "118024.06000000", "time": "2025-07-13T11:35:58.360185Z", "fetched_at": "2025-07-13T11:37:51.370290+00:00", "symbol": "BTC-USD"}, {"trade_id": 848194351, "side": "sell", "size": "0.00003858", "price": "118024.06000000", "time": "2025-07-13T11:35:57.834067Z", "fetched_at": "2025-07-13T11:37:51.370290+00:00", "symbol": "BTC-USD"}, {"trade_id": 848194350, "side": "buy", "size": "0.00280640", "price": "118027.91000000", "time": "2025-07-13T11:35:57.724903Z", "fetched_at": "2025-07-13T11:37:51.370290+00:00", "symbol": "BTC-USD"}, {"trade_id": 848194349, "side": "sell", "size": "0.00000383", "price": "118027.92000000", "time": "2025-07-13T11:35:57.035674Z", "fetched_at": "2025-07-13T11:37:51.370290+00:00", "symbol": "BTC-USD"}, {"trade_id": 848194348, "side": "sell", "size": "0.00000220", "price": "118027.92000000", "time": "2025-07-13T11:35:57.035674Z", "fetched_at": "2025-07-13T11:37:51.370290+00:00", "symbol": "BTC-USD"}, {"trade_id": 848194347, "side": "buy", "size": "0.00005083", "price": "118027.91000000", "time": "2025-07-13T11:35:56.790178Z", "fetched_at": "2025-07-13T11:37:51.370290+00:00", "symbol": "BTC-USD"}, {"trade_id": 848194346, "side": "sell", "size": "0.00003063", "price": "118028.99000000", "time": "2025-07-13T11:35:55.785452Z", "fetched_at": "2025-07-13T11:37:51.370290+00:00", "symbol": "BTC-USD"}, {"trade_id": 848194345, "side": "sell", "size": "0.00003023", "price": "118030.69000000", "time": "2025-07-13T11:35:55.636592Z", "fetched_at": "2025-07-13T11:37:51.370290+00:00", "symbol": "BTC-USD"}, {"trade_id": 848194344, "side": "sell", "size": "0.03614235", "price": "118035.41000000", "time": "2025-07-13T11:35:54.689520Z", "fetched_at": "2025-07-13T11:37:51.370290+00:00", "symbol": "BTC-USD"}, {"trade_id": 848194343, "side": "sell", "size": "0.00008473", "price": "118035.40000000", "time": "2025-07-13T11:35:54.689520Z", "fetched_at": "2025-07-13T11:37:51.370290+00:00", "symbol": "BTC-USD"}, {"trade_id": 848194342, "side": "sell", "size": "0.00000664", "price": "118032.42000000", "time": "2025-07-13T11:35:54.689520Z", "fetched_at": "2025-07-13T11:37:51.370290+00:00", "symbol": "BTC-USD"}, {"trade_id": 848194341, "side": "sell", "size": "0.00034000", "price": "118030.79000000", "time": "2025-07-13T11:35:54.689520Z", "fetched_at": "2025-07-13T11:37:51.370290+00:00", "symbol": "BTC-USD"}, {"trade_id": 848194340, "side": "sell", "size": "0.00000211", "price": "118030.70000000", "time": "2025-07-13T11:35:54.689520Z", "fetched_at": "2025-07-13T11:37:51.370290+00:00", "symbol": "BTC-USD"}, {"trade_id": 848194339, "side": "sell", "size": "0.00316712", "price": "118030.69000000", "time": "2025-07-13T11:35:54.689520Z", "fetched_at": "2025-07-13T11:37:51.370290+00:00", "symbol": "BTC-USD"}, {"trade_id": 848194338, "side": "sell", "size": "0.00847500", "price": "118030.63000000", "time": "2025-07-13T11:35:54.689520Z", "fetched_at": "2025-07-13T11:37:51.370290+00:00", "symbol": "BTC-USD"}, {"trade_id": 848194337, "side": "sell", "size": "0.00013341", "price": "118029.20000000", "time": "2025-07-13T11:35:54.689520Z", "fetched_at": "2025-07-13T11:37:51.370290+00:00", "symbol": "BTC-USD"}, {"trade_id": 848194336, "side": "buy", "size": "0.00000078", "price": "118022.10000000", "time": "2025-07-13T11:35:52.604970Z", "fetched_at": "2025-07-13T11:37:51.370290+00:00", "symbol": "BTC-USD"}, {"trade_id": 848194335, "side": "buy", "size": "0.00000389", "price": "118024.05000000", "time": "2025-07-13T11:35:52.604970Z", "fetched_at": "2025-07-13T11:37:51.370290+00:00", "symbol": "BTC-USD"}, {"trade_id": 848194334, "side": "buy", "size": "0.00000127", "price": "118024.05000000", "time": "2025-07-13T11:35:52.604970Z", "fetched_at": "2025-07-13T11:37:51.370290+00:00", "symbol": "BTC-USD"}, {"trade_id": 848194333, "side": "sell", "size": "0.00073809", "price": "118035.41000000", "time": "2025-07-13T11:35:50.310935Z", "fetched_at": "2025-07-13T11:37:51.370290+00:00", "symbol": "BTC-USD"}, {"trade_id": 848194332, "side": "sell", "size": "0.00008473", "price": "118035.40000000", "time": "2025-07-13T11:35:50.310935Z", "fetched_at": "2025-07-13T11:37:51.370290+00:00", "symbol": "BTC-USD"}, {"trade_id": 848194331, "side": "sell", "size": "0.00000664", "price": "118033.52000000", "time": "2025-07-13T11:35:50.310935Z", "fetched_at": "2025-07-13T11:37:51.370290+00:00", "symbol": "BTC-USD"}, {"trade_id": 848194330, "side": "sell", "size": "0.00000237", "price": "118032.42000000", "time": "2025-07-13T11:35:50.310935Z", "fetched_at": "2025-07-13T11:37:51.370290+00:00", "symbol": "BTC-USD"}, {"trade_id": 848194329, "side": "buy", "size": "0.00864308", "price": "118022.14000000", "time": "2025-07-13T11:35:49.824556Z", "fetched_at": "2025-07-13T11:37:51.370290+00:00", "symbol": "BTC-USD"}, {"trade_id": 848194328, "side": "buy", "size": "0.00005689", "price": "118024.05000000", "time": "2025-07-13T11:35:49.824556Z", "fetched_at": "2025-07-13T11:37:51.370290+00:00", "symbol": "BTC-USD"}, {"trade_id": 848194327, "side": "buy", "size": "0.00000313", "price": "118024.05000000", "time": "2025-07-13T11:35:49.824556Z", "fetched_at": "2025-07-13T11:37:51.370290+00:00", "symbol": "BTC-USD"}, {"trade_id": 848194326, "side": "buy", "size": "0.00000101", "price": "118024.05000000", "time": "2025-07-13T11:35:49.824556Z", "fetched_at": "2025-07-13T11:37:51.370290+00:00", "symbol": "BTC-USD"}, {"trade_id": 848194325, "side": "buy", "size": "0.00126433", "price": "118024.05000000", "time": "2025-07-13T11:35:49.824556Z", "fetched_at": "2025-07-13T11:37:51.370290+00:00", "symbol": "BTC-USD"}, {"trade_id": 848194324, "side": "buy", "size": "0.00004700", "price": "118024.06000000", "time": "2025-07-13T11:35:49.824556Z", "fetched_at": "2025-07-13T11:37:51.370290+00:00", "symbol": "BTC-USD"}, {"trade_id": 848194323, "side": "sell", "size": "0.01641301", "price": "118032.24000000", "time": "2025-07-13T11:35:46.965658Z", "fetched_at": "2025-07-13T11:37:51.370290+00:00", "symbol": "BTC-USD"}, {"trade_id": 848194322, "side": "sell", "size": "0.00008473", "price": "118032.23000000", "time": "2025-07-13T11:35:46.965658Z", "fetched_at": "2025-07-13T11:37:51.370290+00:00", "symbol": "BTC-USD"}, {"trade_id": 848194321, "side": "buy", "size": "0.00023105", "price": "118024.05000000", "time": "2025-07-13T11:35:46.120070Z", "fetched_at": "2025-07-13T11:37:51.370290+00:00", "symbol": "BTC-USD"}, {"trade_id": 848194320, "side": "buy", "size": "0.00021207", "price": "118024.05000000", "time": "2025-07-13T11:35:45.975111Z", "fetched_at": "2025-07-13T11:37:51.370290+00:00", "symbol": "BTC-USD"}, {"trade_id": 848194319, "side": "sell", "size": "0.00083881", "price": "118037.08000000", "time": "2025-07-13T11:35:41.757501Z", "fetched_at": "2025-07-13T11:37:51.370290+00:00", "symbol": "BTC-USD"}, {"trade_id": 848194318, "side": "sell", "size": "0.00072661", "price": "118037.34000000", "time": "2025-07-13T11:35:41.670346Z", "fetched_at": "2025-07-13T11:37:51.370290+00:00", "symbol": "BTC-USD"}, {"trade_id": 848194317, "side": "sell", "size": "0.00008473", "price": "118037.33000000", "time": "2025-07-13T11:35:41.670346Z", "fetched_at": "2025-07-13T11:37:51.370290+00:00", "symbol": "BTC-USD"}, {"trade_id": 848194316, "side": "sell", "size": "0.00001000", "price": "118032.45000000", "time": "2025-07-13T11:35:41.670346Z", "fetched_at": "2025-07-13T11:37:51.370290+00:00", "symbol": "BTC-USD"}, {"trade_id": 848194315, "side": "sell", "size": "0.00000271", "price": "118029.61000000", "time": "2025-07-13T11:35:41.670346Z", "fetched_at": "2025-07-13T11:37:51.370290+00:00", "symbol": "BTC-USD"}, {"trade_id": 848194314, "side": "sell", "size": "0.00000755", "price": "118029.61000000", "time": "2025-07-13T11:35:41.670346Z", "fetched_at": "2025-07-13T11:37:51.370290+00:00", "symbol": "BTC-USD"}, {"trade_id": 848194313, "side": "sell", "size": "0.00000721", "price": "118029.61000000", "time": "2025-07-13T11:35:41.670346Z", "fetched_at": "2025-07-13T11:37:51.370290+00:00", "symbol": "BTC-USD"}, {"trade_id": 848194312, "side": "buy", "size": "0.00688538", "price": "118022.38000000", "time": "2025-07-13T11:35:40.208887Z", "fetched_at": "2025-07-13T11:37:51.370290+00:00", "symbol": "BTC-USD"}, {"trade_id": 848194311, "side": "buy", "size": "0.00005422", "price": "118022.39000000", "time": "2025-07-13T11:35:40.208887Z", "fetched_at": "2025-07-13T11:37:51.370290+00:00", "symbol": "BTC-USD"}, {"trade_id": 848194310, "side": "buy", "size": "0.00153427", "price": "118024.05000000", "time": "2025-07-13T11:35:40.208887Z", "fetched_at": "2025-07-13T11:37:51.370290+00:00", "symbol": "BTC-USD"}, {"trade_id": 848194309, "side": "buy", "size": "0.00006295", "price": "118028.06000000", "time": "2025-07-13T11:35:40.208887Z", "fetched_at": "2025-07-13T11:37:51.370290+00:00", "symbol": "BTC-USD"}, {"trade_id": 848194308, "side": "buy", "size": "0.00002118", "price": "118028.06000000", "time": "2025-07-13T11:35:40.208887Z", "fetched_at": "2025-07-13T11:37:51.370290+00:00", "symbol": "BTC-USD"}, {"trade_id": 848194307, "side": "sell", "size": "0.00000573", "price": "118024.05000000", "time": "2025-07-13T11:35:36.553124Z", "fetched_at": "2025-07-13T11:37:51.370290+00:00", "symbol": "BTC-USD"}, {"trade_id": 848194306, "side": "sell", "size": "0.00000135", "price": "118024.05000000", "time": "2025-07-13T11:35:36.553124Z", "fetched_at": "2025-07-13T11:37:51.370290+00:00", "symbol": "BTC-USD"}, {"trade_id": 848194305, "side": "sell", "size": "0.00005544", "price": "118024.05000000", "time": "2025-07-13T11:35:36.553124Z", "fetched_at": "2025-07-13T11:37:51.370290+00:00", "symbol": "BTC-USD"}, {"trade_id": 848194304, "side": "buy", "size": "0.00014827", "price": "118024.04000000", "time": "2025-07-13T11:35:36.452911Z", "fetched_at": "2025-07-13T11:37:51.370290+00:00", "symbol": "BTC-USD"}, {"trade_id": 848194303, "side": "sell", "size": "0.00007116", "price": "118024.05000000", "time": "2025-07-13T11:35:34.535286Z", "fetched_at": "2025-07-13T11:37:51.370290+00:00", "symbol": "BTC-USD"}, {"trade_id": 848194302, "side": "sell", "size": "0.00001482", "price": "118024.05000000", "time": "2025-07-13T11:35:34.535286Z", "fetched_at": "2025-07-13T11:37:51.370290+00:00", "symbol": "BTC-USD"}, {"trade_id": 848194301, "side": "sell", "size": "0.00003984", "price": "118024.05000000", "time": "2025-07-13T11:35:34.535286Z", "fetched_at": "2025-07-13T11:37:51.370290+00:00", "symbol": "BTC-USD"}, {"trade_id": 848194300, "side": "buy", "size": "0.00015650", "price": "118023.93000000", "time": "2025-07-13T11:35:33.655948Z", "fetched_at": "2025-07-13T11:37:51.370290+00:00", "symbol": "BTC-USD"}, {"trade_id": 848194299, "side": "buy", "size": "0.00005744", "price": "118024.04000000", "time": "2025-07-13T11:35:33.655948Z", "fetched_at": "2025-07-13T11:37:51.370290+00:00", "symbol": "BTC-USD"}, {"trade_id": 848194298, "side": "sell", "size": "0.01400113", "price": "118029.15000000", "time": "2025-07-13T11:35:33.533646Z", "fetched_at": "2025-07-13T11:37:51.370290+00:00", "symbol": "BTC-USD"}, {"trade_id": 848194297, "side": "sell", "size": "0.00008473", "price": "118029.14000000", "time": "2025-07-13T11:35:33.533646Z", "fetched_at": "2025-07-13T11:37:51.370290+00:00", "symbol": "BTC-USD"}, {"trade_id": 848194296, "side": "sell", "size": "0.00030000", "price": "118024.05000000", "time": "2025-07-13T11:35:33.533646Z", "fetched_at": "2025-07-13T11:37:51.370290+00:00", "symbol": "BTC-USD"}, {"trade_id": 848194295, "side": "sell", "size": "0.01192218", "price": "118024.05000000", "time": "2025-07-13T11:35:33.533646Z", "fetched_at": "2025-07-13T11:37:51.370290+00:00", "symbol": "BTC-USD"}, {"trade_id": 848194294, "side": "sell", "size": "0.00005426", "price": "118024.05000000", "time": "2025-07-13T11:35:33.533646Z", "fetched_at": "2025-07-13T11:37:51.370290+00:00", "symbol": "BTC-USD"}, {"trade_id": 848194293, "side": "sell", "size": "0.00005976", "price": "118024.05000000", "time": "2025-07-13T11:35:33.533646Z", "fetched_at": "2025-07-13T11:37:51.370290+00:00", "symbol": "BTC-USD"}, {"trade_id": 848194292, "side": "sell", "size": "0.00001686", "price": "118024.05000000", "time": "2025-07-13T11:35:33.533646Z", "fetched_at": "2025-07-13T11:37:51.370290+00:00", "symbol": "BTC-USD"}, {"trade_id": 848194291, "side": "sell", "size": "0.01472982", "price": "118024.05000000", "time": "2025-07-13T11:35:33.533646Z", "fetched_at": "2025-07-13T11:37:51.370290+00:00", "symbol": "BTC-USD"}, {"trade_id": 848194290, "side": "sell", "size": "0.00013000", "price": "118024.05000000", "time": "2025-07-13T11:35:33.176791Z", "fetched_at": "2025-07-13T11:37:51.370290+00:00", "symbol": "BTC-USD"}, {"trade_id": 848194289, "side": "sell", "size": "0.00008036", "price": "118024.05000000", "time": "2025-07-13T11:35:32.285405Z", "fetched_at": "2025-07-13T11:37:51.370290+00:00", "symbol": "BTC-USD"}, {"trade_id": 848194288, "side": "sell", "size": "0.00040179", "price": "118024.05000000", "time": "2025-07-13T11:35:31.744038Z", "fetched_at": "2025-07-13T11:37:51.370290+00:00", "symbol": "BTC-USD"}, {"trade_id": 848194287, "side": "buy", "size": "0.00000332", "price": "118024.04000000", "time": "2025-07-13T11:35:30.645208Z", "fetched_at": "2025-07-13T11:37:51.370290+00:00", "symbol": "BTC-USD"}, {"trade_id": 848194286, "side": "sell", "size": "0.00005422", "price": "118024.05000000", "time": "2025-07-13T11:35:29.508555Z", "fetched_at": "2025-07-13T11:37:51.370290+00:00", "symbol": "BTC-USD"}, {"trade_id": 848194285, "side": "sell", "size": "0.00000839", "price": "118024.05000000", "time": "2025-07-13T11:35:29.192080Z", "fetched_at": "2025-07-13T11:37:51.370290+00:00", "symbol": "BTC-USD"}, {"trade_id": 848194284, "side": "sell", "size": "0.00419473", "price": "118024.05000000", "time": "2025-07-13T11:35:29.065921Z", "fetched_at": "2025-07-13T11:37:51.370290+00:00", "symbol": "BTC-USD"}, {"trade_id": 848194283, "side": "sell", "size": "0.00124010", "price": "118024.05000000", "time": "2025-07-13T11:35:28.852670Z", "fetched_at": "2025-07-13T11:37:51.370290+00:00", "symbol": "BTC-USD"}, {"trade_id": 848194282, "side": "sell", "size": "0.00052241", "price": "118024.05000000", "time": "2025-07-13T11:35:28.834590Z", "fetched_at": "2025-07-13T11:37:51.370290+00:00", "symbol": "BTC-USD"}, {"trade_id": 848194281, "side": "sell", "size": "0.00017624", "price": "118024.05000000", "time": "2025-07-13T11:35:27.487321Z", "fetched_at": "2025-07-13T11:37:51.370290+00:00", "symbol": "BTC-USD"}, {"trade_id": 848194280, "side": "sell", "size": "0.00419406", "price": "118024.05000000", "time": "2025-07-13T11:35:26.348844Z", "fetched_at": "2025-07-13T11:37:51.370290+00:00", "symbol": "BTC-USD"}, {"trade_id": 848194279, "side": "buy", "size": "0.00062326", "price": "118023.91000000", "time": "2025-07-13T11:35:25.043043Z", "fetched_at": "2025-07-13T11:37:51.370290+00:00", "symbol": "BTC-USD"}, {"trade_id": 848194278, "side": "buy", "size": "0.00006135", "price": "118024.02000000", "time": "2025-07-13T11:35:25.043043Z", "fetched_at": "2025-07-13T11:37:51.370290+00:00", "symbol": "BTC-USD"}, {"trade_id": 848194277, "side": "sell", "size": "0.00033552", "price": "118024.03000000", "time": "2025-07-13T11:35:21.285964Z", "fetched_at": "2025-07-13T11:37:51.370290+00:00", "symbol": "BTC-USD"}, {"trade_id": 848194276, "side": "sell", "size": "0.00012582", "price": "118024.03000000", "time": "2025-07-13T11:35:21.000593Z", "fetched_at": "2025-07-13T11:37:51.370290+00:00", "symbol": "BTC-USD"}, {"trade_id": 848194275, "side": "buy", "size": "0.00039839", "price": "118023.92000000", "time": "2025-07-13T11:35:20.118377Z", "fetched_at": "2025-07-13T11:37:51.370290+00:00", "symbol": "BTC-USD"}, {"trade_id": 848194274, "side": "buy", "size": "0.00003847", "price": "118024.03000000", "time": "2025-07-13T11:35:20.118377Z", "fetched_at": "2025-07-13T11:37:51.370290+00:00", "symbol": "BTC-USD"}, {"trade_id": 848194273, "side": "sell", "size": "0.00040179", "price": "118024.04000000", "time": "2025-07-13T11:35:19.957298Z", "fetched_at": "2025-07-13T11:37:51.370290+00:00", "symbol": "BTC-USD"}, {"trade_id": 848194272, "side": "buy", "size": "0.00005619", "price": "118023.93000000", "time": "2025-07-13T11:35:19.169690Z", "fetched_at": "2025-07-13T11:37:51.370290+00:00", "symbol": "BTC-USD"}, {"trade_id": 848194271, "side": "buy", "size": "0.00003541", "price": "118024.04000000", "time": "2025-07-13T11:35:19.169690Z", "fetched_at": "2025-07-13T11:37:51.370290+00:00", "symbol": "BTC-USD"}, {"trade_id": 848194270, "side": "sell", "size": "0.00029232", "price": "118024.05000000", "time": "2025-07-13T11:35:17.462646Z", "fetched_at": "2025-07-13T11:37:51.370290+00:00", "symbol": "BTC-USD"}, {"trade_id": 848194269, "side": "sell", "size": "0.01646748", "price": "118024.05000000", "time": "2025-07-13T11:35:16.781009Z", "fetched_at": "2025-07-13T11:37:51.370290+00:00", "symbol": "BTC-USD"}, {"trade_id": 848194268, "side": "sell", "size": "0.00167762", "price": "118023.45000000", "time": "2025-07-13T11:35:13.120815Z", "fetched_at": "2025-07-13T11:37:51.370290+00:00", "symbol": "BTC-USD"}, {"trade_id": 848194267, "side": "sell", "size": "0.00000008", "price": "118023.45000000", "time": "2025-07-13T11:35:12.030738Z", "fetched_at": "2025-07-13T11:37:51.370290+00:00", "symbol": "BTC-USD"}, {"trade_id": 848194266, "side": "sell", "size": "0.00007563", "price": "118023.45000000", "time": "2025-07-13T11:35:12.012148Z", "fetched_at": "2025-07-13T11:37:51.370290+00:00", "symbol": "BTC-USD"}, {"trade_id": 848194265, "side": "sell", "size": "0.00082351", "price": "118023.49000000", "time": "2025-07-13T11:35:10.104550Z", "fetched_at": "2025-07-13T11:37:51.370290+00:00", "symbol": "BTC-USD"}, {"trade_id": 848194264, "side": "sell", "size": "0.00072707", "price": "118023.49000000", "time": "2025-07-13T11:35:09.506732Z", "fetched_at": "2025-07-13T11:37:51.370290+00:00", "symbol": "BTC-USD"}, {"trade_id": 848194263, "side": "sell", "size": "0.00050800", "price": "118023.49000000", "time": "2025-07-13T11:35:09.506732Z", "fetched_at": "2025-07-13T11:37:51.370290+00:00", "symbol": "BTC-USD"}, {"trade_id": 848194262, "side": "buy", "size": "0.00046580", "price": "118023.48000000", "time": "2025-07-13T11:35:08.971154Z", "fetched_at": "2025-07-13T11:37:51.370290+00:00", "symbol": "BTC-USD"}, {"trade_id": 848194261, "side": "buy", "size": "0.00004168", "price": "118024.04000000", "time": "2025-07-13T11:35:08.971154Z", "fetched_at": "2025-07-13T11:37:51.370290+00:00", "symbol": "BTC-USD"}, {"trade_id": 848194260, "side": "buy", "size": "0.00004758", "price": "118024.04000000", "time": "2025-07-13T11:35:08.971154Z", "fetched_at": "2025-07-13T11:37:51.370290+00:00", "symbol": "BTC-USD"}, {"trade_id": 848194259, "side": "sell", "size": "0.00020974", "price": "118024.05000000", "time": "2025-07-13T11:35:06.908873Z", "fetched_at": "2025-07-13T11:37:51.370290+00:00", "symbol": "BTC-USD"}, {"trade_id": 848194258, "side": "buy", "size": "0.00003063", "price": "118024.04000000", "time": "2025-07-13T11:35:05.523573Z", "fetched_at": "2025-07-13T11:37:51.370290+00:00", "symbol": "BTC-USD"}, {"trade_id": 848194257, "side": "sell", "size": "0.04117534", "price": "118024.05000000", "time": "2025-07-13T11:35:04.914149Z", "fetched_at": "2025-07-13T11:37:51.370290+00:00", "symbol": "BTC-USD"}, {"trade_id": 848194256, "side": "sell", "size": "0.00004195", "price": "118024.05000000", "time": "2025-07-13T11:35:04.868364Z", "fetched_at": "2025-07-13T11:37:51.370290+00:00", "symbol": "BTC-USD"}, {"trade_id": 848194255, "side": "sell", "size": "0.00012349", "price": "118024.05000000", "time": "2025-07-13T11:35:04.395623Z", "fetched_at": "2025-07-13T11:37:51.370290+00:00", "symbol": "BTC-USD"}, {"trade_id": 848194254, "side": "sell", "size": "0.00000839", "price": "118024.05000000", "time": "2025-07-13T11:35:03.590681Z", "fetched_at": "2025-07-13T11:37:51.370290+00:00", "symbol": "BTC-USD"}, {"trade_id": 848194253, "side": "sell", "size": "0.00025168", "price": "118024.05000000", "time": "2025-07-13T11:35:02.751884Z", "fetched_at": "2025-07-13T11:37:51.370290+00:00", "symbol": "BTC-USD"}, {"trade_id": 848194252, "side": "sell", "size": "0.00008180", "price": "118024.05000000", "time": "2025-07-13T11:35:02.557641Z", "fetched_at": "2025-07-13T11:37:51.370290+00:00", "symbol": "BTC-USD"}, {"trade_id": 848194251, "side": "buy", "size": "0.00051074", "price": "118024.04000000", "time": "2025-07-13T11:35:01.310097Z", "fetched_at": "2025-07-13T11:37:51.370290+00:00", "symbol": "BTC-USD"}, {"trade_id": 848194250, "side": "buy", "size": "0.04810701", "price": "118024.04000000", "time": "2025-07-13T11:35:01.216684Z", "fetched_at": "2025-07-13T11:37:51.370290+00:00", "symbol": "BTC-USD"}, {"trade_id": 848194249, "side": "sell", "size": "0.00040176", "price": "118024.05000000", "time": "2025-07-13T11:35:01.050558Z", "fetched_at": "2025-07-13T11:37:51.370290+00:00", "symbol": "BTC-USD"}, {"trade_id": 848194248, "side": "sell", "size": "0.00001000", "price": "118023.60000000", "time": "2025-07-13T11:35:01.050558Z", "fetched_at": "2025-07-13T11:37:51.370290+00:00", "symbol": "BTC-USD"}, {"trade_id": 848194247, "side": "sell", "size": "0.00338622", "price": "118014.86000000", "time": "2025-07-13T11:35:00.406035Z", "fetched_at": "2025-07-13T11:37:51.370290+00:00", "symbol": "BTC-USD"}, {"trade_id": 848194246, "side": "sell", "size": "0.00008475", "price": "118014.75000000", "time": "2025-07-13T11:35:00.406035Z", "fetched_at": "2025-07-13T11:37:51.370290+00:00", "symbol": "BTC-USD"}, {"trade_id": 848194245, "side": "sell", "size": "0.00001000", "price": "118014.75000000", "time": "2025-07-13T11:35:00.406035Z", "fetched_at": "2025-07-13T11:37:51.370290+00:00", "symbol": "BTC-USD"}, {"trade_id": 848194244, "side": "sell", "size": "0.00012402", "price": "118007.51000000", "time": "2025-07-13T11:35:00.365440Z", "fetched_at": "2025-07-13T11:37:51.370290+00:00", "symbol": "BTC-USD"}, {"trade_id": 848194243, "side": "sell", "size": "0.00338622", "price": "118006.00000000", "time": "2025-07-13T11:35:00.359837Z", "fetched_at": "2025-07-13T11:37:51.370290+00:00", "symbol": "BTC-USD"}, {"trade_id": 848194242, "side": "sell", "size": "0.00000664", "price": "118005.90000000", "time": "2025-07-13T11:35:00.359837Z", "fetched_at": "2025-07-13T11:37:51.370290+00:00", "symbol": "BTC-USD"}, {"trade_id": 848194241, "side": "sell", "size": "0.00000220", "price": "118005.90000000", "time": "2025-07-13T11:35:00.359837Z", "fetched_at": "2025-07-13T11:37:51.370290+00:00", "symbol": "BTC-USD"}, {"trade_id": 848194240, "side": "sell", "size": "0.05000000", "price": "118005.15000000", "time": "2025-07-13T11:35:00.359837Z", "fetched_at": "2025-07-13T11:37:51.370290+00:00", "symbol": "BTC-USD"}, {"trade_id": 848194239, "side": "sell", "size": "0.00027500", "price": "118005.10000000", "time": "2025-07-13T11:35:00.359837Z", "fetched_at": "2025-07-13T11:37:51.370290+00:00", "symbol": "BTC-USD"}, {"trade_id": 848194238, "side": "sell", "size": "0.00033600", "price": "118005.10000000", "time": "2025-07-13T11:35:00.359837Z", "fetched_at": "2025-07-13T11:37:51.370290+00:00", "symbol": "BTC-USD"}, {"trade_id": 848194237, "side": "sell", "size": "0.00010100", "price": "118005.10000000", "time": "2025-07-13T11:35:00.359837Z", "fetched_at": "2025-07-13T11:37:51.370290+00:00", "symbol": "BTC-USD"}, {"trade_id": 848194236, "side": "sell", "size": "0.00041200", "price": "118005.10000000", "time": "2025-07-13T11:35:00.359837Z", "fetched_at": "2025-07-13T11:37:51.370290+00:00", "symbol": "BTC-USD"}, {"trade_id": 848194235, "side": "sell", "size": "0.00415900", "price": "118005.10000000", "time": "2025-07-13T11:35:00.359837Z", "fetched_at": "2025-07-13T11:37:51.370290+00:00", "symbol": "BTC-USD"}, {"trade_id": 848194234, "side": "sell", "size": "0.00271600", "price": "118005.10000000", "time": "2025-07-13T11:35:00.359837Z", "fetched_at": "2025-07-13T11:37:51.370290+00:00", "symbol": "BTC-USD"}, {"trade_id": 848194233, "side": "sell", "size": "0.00110300", "price": "118005.10000000", "time": "2025-07-13T11:35:00.359837Z", "fetched_at": "2025-07-13T11:37:51.370290+00:00", "symbol": "BTC-USD"}, {"trade_id": 848194232, "side": "sell", "size": "0.00419500", "price": "118005.10000000", "time": "2025-07-13T11:35:00.359837Z", "fetched_at": "2025-07-13T11:37:51.370290+00:00", "symbol": "BTC-USD"}, {"trade_id": 848194231, "side": "sell", "size": "0.00012600", "price": "118005.10000000", "time": "2025-07-13T11:35:00.359837Z", "fetched_at": "2025-07-13T11:37:51.370290+00:00", "symbol": "BTC-USD"}, {"trade_id": 848194230, "side": "sell", "size": "0.00015100", "price": "118005.10000000", "time": "2025-07-13T11:35:00.359837Z", "fetched_at": "2025-07-13T11:37:51.370290+00:00", "symbol": "BTC-USD"}, {"trade_id": 848194229, "side": "sell", "size": "0.00020000", "price": "118005.10000000", "time": "2025-07-13T11:35:00.359837Z", "fetched_at": "2025-07-13T11:37:51.370290+00:00", "symbol": "BTC-USD"}, {"trade_id": 848194228, "side": "sell", "size": "0.00081900", "price": "118005.10000000", "time": "2025-07-13T11:35:00.359837Z", "fetched_at": "2025-07-13T11:37:51.370290+00:00", "symbol": "BTC-USD"}, {"trade_id": 848194227, "side": "sell", "size": "0.00015500", "price": "118005.10000000", "time": "2025-07-13T11:35:00.359837Z", "fetched_at": "2025-07-13T11:37:51.370290+00:00", "symbol": "BTC-USD"}, {"trade_id": 848194226, "side": "sell", "size": "0.00010600", "price": "118005.10000000", "time": "2025-07-13T11:35:00.359837Z", "fetched_at": "2025-07-13T11:37:51.370290+00:00", "symbol": "BTC-USD"}, {"trade_id": 848194225, "side": "sell", "size": "0.00086000", "price": "118005.10000000", "time": "2025-07-13T11:35:00.359837Z", "fetched_at": "2025-07-13T11:37:51.370290+00:00", "symbol": "BTC-USD"}, {"trade_id": 848194224, "side": "sell", "size": "0.00020600", "price": "118005.10000000", "time": "2025-07-13T11:35:00.359837Z", "fetched_at": "2025-07-13T11:37:51.370290+00:00", "symbol": "BTC-USD"}, {"trade_id": 848194223, "side": "sell", "size": "0.00901500", "price": "118005.10000000", "time": "2025-07-13T11:35:00.359837Z", "fetched_at": "2025-07-13T11:37:51.370290+00:00", "symbol": "BTC-USD"}, {"trade_id": 848194222, "side": "sell", "size": "0.00001600", "price": "118005.10000000", "time": "2025-07-13T11:35:00.359837Z", "fetched_at": "2025-07-13T11:37:51.370290+00:00", "symbol": "BTC-USD"}, {"trade_id": 848194221, "side": "sell", "size": "0.02504896", "price": "118005.10000000", "time": "2025-07-13T11:35:00.359837Z", "fetched_at": "2025-07-13T11:37:51.370290+00:00", "symbol": "BTC-USD"}, {"trade_id": 848194220, "side": "sell", "size": "0.00016779", "price": "118005.10000000", "time": "2025-07-13T11:34:59.490020Z", "fetched_at": "2025-07-13T11:37:51.370290+00:00", "symbol": "BTC-USD"}, {"trade_id": 848194219, "side": "sell", "size": "0.00006712", "price": "118005.10000000", "time": "2025-07-13T11:34:59.379432Z", "fetched_at": "2025-07-13T11:37:51.370290+00:00", "symbol": "BTC-USD"}, {"trade_id": 848194218, "side": "sell", "size": "0.00003985", "price": "118005.10000000", "time": "2025-07-13T11:34:59.355113Z", "fetched_at": "2025-07-13T11:37:51.370290+00:00", "symbol": "BTC-USD"}, {"trade_id": 848194217, "side": "sell", "size": "0.00033558", "price": "118005.10000000", "time": "2025-07-13T11:34:58.743897Z", "fetched_at": "2025-07-13T11:37:51.370290+00:00", "symbol": "BTC-USD"}, {"trade_id": 848194216, "side": "sell", "size": "0.00010131", "price": "118005.10000000", "time": "2025-07-13T11:34:58.361035Z", "fetched_at": "2025-07-13T11:37:51.370290+00:00", "symbol": "BTC-USD"}, {"trade_id": 848194215, "side": "sell", "size": "0.00041176", "price": "118005.10000000", "time": "2025-07-13T11:34:57.634924Z", "fetched_at": "2025-07-13T11:37:51.370290+00:00", "symbol": "BTC-USD"}, {"trade_id": 848194214, "side": "sell", "size": "0.00411755", "price": "118005.10000000", "time": "2025-07-13T11:34:56.633585Z", "fetched_at": "2025-07-13T11:37:51.370290+00:00", "symbol": "BTC-USD"}, {"trade_id": 848194213, "side": "sell", "size": "0.00004195", "price": "118005.10000000", "time": "2025-07-13T11:34:56.487690Z", "fetched_at": "2025-07-13T11:37:51.370290+00:00", "symbol": "BTC-USD"}, {"trade_id": 848194212, "side": "buy", "size": "0.00031933", "price": "118005.09000000", "time": "2025-07-13T11:34:56.424670Z", "fetched_at": "2025-07-13T11:37:51.370290+00:00", "symbol": "BTC-USD"}, {"trade_id": 848194211, "side": "sell", "size": "0.00270728", "price": "118005.10000000", "time": "2025-07-13T11:34:54.984052Z", "fetched_at": "2025-07-13T11:37:51.370290+00:00", "symbol": "BTC-USD"}, {"trade_id": 848194210, "side": "sell", "size": "0.00000822", "price": "118005.10000000", "time": "2025-07-13T11:34:54.293244Z", "fetched_at": "2025-07-13T11:37:51.370290+00:00", "symbol": "BTC-USD"}, {"trade_id": 848194209, "side": "buy", "size": "0.00043651", "price": "118005.09000000", "time": "2025-07-13T11:34:54.115388Z", "fetched_at": "2025-07-13T11:37:51.370290+00:00", "symbol": "BTC-USD"}, {"trade_id": 848194208, "side": "sell", "size": "0.00027996", "price": "118005.10000000", "time": "2025-07-13T11:34:53.524219Z", "fetched_at": "2025-07-13T11:37:51.370290+00:00", "symbol": "BTC-USD"}, {"trade_id": 848194207, "side": "sell", "size": "0.00082351", "price": "118005.10000000", "time": "2025-07-13T11:34:53.483633Z", "fetched_at": "2025-07-13T11:37:51.370290+00:00", "symbol": "BTC-USD"}, {"trade_id": 848194206, "side": "sell", "size": "0.00419473", "price": "118005.10000000", "time": "2025-07-13T11:34:53.100467Z", "fetched_at": "2025-07-13T11:37:51.370290+00:00", "symbol": "BTC-USD"}, {"trade_id": 848194205, "side": "buy", "size": "0.03800000", "price": "118005.09000000", "time": "2025-07-13T11:34:50.324312Z", "fetched_at": "2025-07-13T11:37:51.370290+00:00", "symbol": "BTC-USD"}, {"trade_id": 848194204, "side": "sell", "size": "0.00012558", "price": "118005.10000000", "time": "2025-07-13T11:34:49.585085Z", "fetched_at": "2025-07-13T11:37:51.370290+00:00", "symbol": "BTC-USD"}, {"trade_id": 848194203, "side": "buy", "size": "0.00025423", "price": "118005.09000000", "time": "2025-07-13T11:34:48.913465Z", "fetched_at": "2025-07-13T11:37:51.370290+00:00", "symbol": "BTC-USD"}, {"trade_id": 848194202, "side": "sell", "size": "0.00000008", "price": "118005.10000000", "time": "2025-07-13T11:34:48.791772Z", "fetched_at": "2025-07-13T11:37:51.370290+00:00", "symbol": "BTC-USD"}, {"trade_id": 848194201, "side": "sell", "size": "0.00015120", "price": "118005.10000000", "time": "2025-07-13T11:34:48.771747Z", "fetched_at": "2025-07-13T11:37:51.370290+00:00", "symbol": "BTC-USD"}, {"trade_id": 848194200, "side": "sell", "size": "0.00020000", "price": "118005.10000000", "time": "2025-07-13T11:34:48.379233Z", "fetched_at": "2025-07-13T11:37:51.370290+00:00", "symbol": "BTC-USD"}, {"trade_id": 848194199, "side": "sell", "size": "0.00081957", "price": "118005.10000000", "time": "2025-07-13T11:34:47.705067Z", "fetched_at": "2025-07-13T11:37:51.370290+00:00", "symbol": "BTC-USD"}, {"trade_id": 848194198, "side": "buy", "size": "0.00941485", "price": "118005.09000000", "time": "2025-07-13T11:34:44.635239Z", "fetched_at": "2025-07-13T11:37:51.370290+00:00", "symbol": "BTC-USD"}, {"trade_id": 848194197, "side": "sell", "size": "0.00015482", "price": "118005.10000000", "time": "2025-07-13T11:34:38.958113Z", "fetched_at": "2025-07-13T11:37:51.370290+00:00", "symbol": "BTC-USD"}, {"trade_id": 848194196, "side": "sell", "size": "0.00010589", "price": "118005.10000000", "time": "2025-07-13T11:34:38.223915Z", "fetched_at": "2025-07-13T11:37:51.370290+00:00", "symbol": "BTC-USD"}, {"trade_id": 848194195, "side": "sell", "size": "0.00086006", "price": "118005.10000000", "time": "2025-07-13T11:34:36.340313Z", "fetched_at": "2025-07-13T11:37:51.370290+00:00", "symbol": "BTC-USD"}, {"trade_id": 848194194, "side": "buy", "size": "0.00076267", "price": "118002.52000000", "time": "2025-07-13T11:34:32.016398Z", "fetched_at": "2025-07-13T11:37:51.370290+00:00", "symbol": "BTC-USD"}, {"trade_id": 848194193, "side": "buy", "size": "0.00008475", "price": "118005.09000000", "time": "2025-07-13T11:34:32.016398Z", "fetched_at": "2025-07-13T11:37:51.370290+00:00", "symbol": "BTC-USD"}, {"trade_id": 848194192, "side": "buy", "size": "0.00511589", "price": "118002.49000000", "time": "2025-07-13T11:34:31.661091Z", "fetched_at": "2025-07-13T11:37:51.370290+00:00", "symbol": "BTC-USD"}, {"trade_id": 848194191, "side": "buy", "size": "0.00007856", "price": "118005.09000000", "time": "2025-07-13T11:34:31.661091Z", "fetched_at": "2025-07-13T11:37:51.370290+00:00", "symbol": "BTC-USD"}, {"trade_id": 848194190, "side": "buy", "size": "0.00000619", "price": "118005.09000000", "time": "2025-07-13T11:34:31.594766Z", "fetched_at": "2025-07-13T11:37:51.370290+00:00", "symbol": "BTC-USD"}, {"trade_id": 848194189, "side": "buy", "size": "0.01694800", "price": "118005.09000000", "time": "2025-07-13T11:34:30.901531Z", "fetched_at": "2025-07-13T11:37:51.370290+00:00", "symbol": "BTC-USD"}, {"trade_id": 848194188, "side": "buy", "size": "0.00001016", "price": "118005.09000000", "time": "2025-07-13T11:34:29.630214Z", "fetched_at": "2025-07-13T11:37:51.370290+00:00", "symbol": "BTC-USD"}, {"trade_id": 848194187, "side": "buy", "size": "0.00061829", "price": "118005.09000000", "time": "2025-07-13T11:34:29.022073Z", "fetched_at": "2025-07-13T11:37:51.370290+00:00", "symbol": "BTC-USD"}, {"trade_id": 848194186, "side": "buy", "size": "0.00008475", "price": "118005.09000000", "time": "2025-07-13T11:34:29.022073Z", "fetched_at": "2025-07-13T11:37:51.370290+00:00", "symbol": "BTC-USD"}, {"trade_id": 848194185, "side": "sell", "size": "0.00020588", "price": "118005.10000000", "time": "2025-07-13T11:34:28.289925Z", "fetched_at": "2025-07-13T11:37:51.370290+00:00", "symbol": "BTC-USD"}, {"trade_id": 848194184, "side": "sell", "size": "0.00000332", "price": "118002.58000000", "time": "2025-07-13T11:34:26.824576Z", "fetched_at": "2025-07-13T11:37:51.370290+00:00", "symbol": "BTC-USD"}, {"trade_id": 848194183, "side": "sell", "size": "0.00900000", "price": "118005.10000000", "time": "2025-07-13T11:34:24.522794Z", "fetched_at": "2025-07-13T11:37:51.370290+00:00", "symbol": "BTC-USD"}, {"trade_id": 848194182, "side": "sell", "size": "0.00001499", "price": "118005.10000000", "time": "2025-07-13T11:34:24.345997Z", "fetched_at": "2025-07-13T11:37:51.370290+00:00", "symbol": "BTC-USD"}, {"trade_id": 848194181, "side": "sell", "size": "0.00001636", "price": "118005.10000000", "time": "2025-07-13T11:34:21.789812Z", "fetched_at": "2025-07-13T11:37:51.370290+00:00", "symbol": "BTC-USD"}, {"trade_id": 848194180, "side": "sell", "size": "0.00039447", "price": "118005.90000000", "time": "2025-07-13T11:34:20.610282Z", "fetched_at": "2025-07-13T11:37:51.370290+00:00", "symbol": "BTC-USD"}, {"trade_id": 848194179, "side": "sell", "size": "0.00028133", "price": "118005.90000000", "time": "2025-07-13T11:34:19.372794Z", "fetched_at": "2025-07-13T11:37:51.370290+00:00", "symbol": "BTC-USD"}, {"trade_id": 848194178, "side": "sell", "size": "0.00000423", "price": "118005.90000000", "time": "2025-07-13T11:34:18.791460Z", "fetched_at": "2025-07-13T11:37:51.370290+00:00", "symbol": "BTC-USD"}, {"trade_id": 848194177, "side": "sell", "size": "0.01049235", "price": "118005.90000000", "time": "2025-07-13T11:34:18.770769Z", "fetched_at": "2025-07-13T11:37:51.370290+00:00", "symbol": "BTC-USD"}, {"trade_id": 848194176, "side": "sell", "size": "0.00001000", "price": "118005.90000000", "time": "2025-07-13T11:34:18.770769Z", "fetched_at": "2025-07-13T11:37:51.370290+00:00", "symbol": "BTC-USD"}, {"trade_id": 848194175, "side": "sell", "size": "0.00002576", "price": "118005.89000000", "time": "2025-07-13T11:34:18.770769Z", "fetched_at": "2025-07-13T11:37:51.370290+00:00", "symbol": "BTC-USD"}, {"trade_id": 848194174, "side": "sell", "size": "0.00008042", "price": "118005.89000000", "time": "2025-07-13T11:34:18.770769Z", "fetched_at": "2025-07-13T11:37:51.370290+00:00", "symbol": "BTC-USD"}, {"trade_id": 848194173, "side": "buy", "size": "0.00067783", "price": "118002.61000000", "time": "2025-07-13T11:34:15.608905Z", "fetched_at": "2025-07-13T11:37:51.370290+00:00", "symbol": "BTC-USD"}, {"trade_id": 848194172, "side": "sell", "size": "0.00044466", "price": "118005.89000000", "time": "2025-07-13T11:34:15.173937Z", "fetched_at": "2025-07-13T11:37:51.370290+00:00", "symbol": "BTC-USD"}, {"trade_id": 848194171, "side": "sell", "size": "0.00000016", "price": "118005.89000000", "time": "2025-07-13T11:34:14.350147Z", "fetched_at": "2025-07-13T11:37:51.370290+00:00", "symbol": "BTC-USD"}, {"trade_id": 848194170, "side": "sell", "size": "0.00044979", "price": "118005.89000000", "time": "2025-07-13T11:34:14.333928Z", "fetched_at": "2025-07-13T11:37:51.370290+00:00", "symbol": "BTC-USD"}, {"trade_id": 848194169, "side": "sell", "size": "0.00007901", "price": "118005.88000000", "time": "2025-07-13T11:34:13.691721Z", "fetched_at": "2025-07-13T11:37:51.370290+00:00", "symbol": "BTC-USD"}, {"trade_id": 848194168, "side": "sell", "size": "0.00006640", "price": "117997.16000000", "time": "2025-07-13T11:34:12.536791Z", "fetched_at": "2025-07-13T11:37:51.370290+00:00", "symbol": "BTC-USD"}, {"trade_id": 848194167, "side": "sell", "size": "0.00000423", "price": "117997.06000000", "time": "2025-07-13T11:34:12.536791Z", "fetched_at": "2025-07-13T11:37:51.370290+00:00", "symbol": "BTC-USD"}, {"trade_id": 848194166, "side": "sell", "size": "0.00001328", "price": "117997.06000000", "time": "2025-07-13T11:34:12.536791Z", "fetched_at": "2025-07-13T11:37:51.370290+00:00", "symbol": "BTC-USD"}, {"trade_id": 848194165, "side": "buy", "size": "0.00339949", "price": "117997.05000000", "time": "2025-07-13T11:34:08.429571Z", "fetched_at": "2025-07-13T11:37:51.370290+00:00", "symbol": "BTC-USD"}, {"trade_id": 848194164, "side": "sell", "size": "0.01143673", "price": "117990.10000000", "time": "2025-07-13T11:34:08.262521Z", "fetched_at": "2025-07-13T11:37:51.370290+00:00", "symbol": "BTC-USD"}, {"trade_id": 848194163, "side": "sell", "size": "0.00933841", "price": "117990.10000000", "time": "2025-07-13T11:34:08.258867Z", "fetched_at": "2025-07-13T11:37:51.370290+00:00", "symbol": "BTC-USD"}, {"trade_id": 848194162, "side": "sell", "size": "0.00727001", "price": "117990.05000000", "time": "2025-07-13T11:34:08.258867Z", "fetched_at": "2025-07-13T11:37:51.370290+00:00", "symbol": "BTC-USD"}, {"trade_id": 848194161, "side": "sell", "size": "0.04272999", "price": "117990.05000000", "time": "2025-07-13T11:34:08.257865Z", "fetched_at": "2025-07-13T11:37:51.370290+00:00", "symbol": "BTC-USD"}, {"trade_id": 848194160, "side": "sell", "size": "0.04246508", "price": "117990.04000000", "time": "2025-07-13T11:34:08.257865Z", "fetched_at": "2025-07-13T11:37:51.370290+00:00", "symbol": "BTC-USD"}, {"trade_id": 848194159, "side": "sell", "size": "0.00347300", "price": "117990.00000000", "time": "2025-07-13T11:34:08.257865Z", "fetched_at": "2025-07-13T11:37:51.370290+00:00", "symbol": "BTC-USD"}, {"trade_id": 848194158, "side": "sell", "size": "0.00004200", "price": "117990.00000000", "time": "2025-07-13T11:34:08.257865Z", "fetched_at": "2025-07-13T11:37:51.370290+00:00", "symbol": "BTC-USD"}, {"trade_id": 848194157, "side": "sell", "size": "0.00016800", "price": "117990.00000000", "time": "2025-07-13T11:34:08.257865Z", "fetched_at": "2025-07-13T11:37:51.370290+00:00", "symbol": "BTC-USD"}, {"trade_id": 848194156, "side": "sell", "size": "0.00041200", "price": "117990.00000000", "time": "2025-07-13T11:34:08.257865Z", "fetched_at": "2025-07-13T11:37:51.370290+00:00", "symbol": "BTC-USD"}, {"trade_id": 848194155, "side": "sell", "size": "0.00335600", "price": "117990.00000000", "time": "2025-07-13T11:34:08.257865Z", "fetched_at": "2025-07-13T11:37:51.370290+00:00", "symbol": "BTC-USD"}, {"trade_id": 848194154, "side": "sell", "size": "0.00020600", "price": "117990.00000000", "time": "2025-07-13T11:34:08.257865Z", "fetched_at": "2025-07-13T11:37:51.370290+00:00", "symbol": "BTC-USD"}, {"trade_id": 848194153, "side": "sell", "size": "0.00089500", "price": "117990.00000000", "time": "2025-07-13T11:34:08.257865Z", "fetched_at": "2025-07-13T11:37:51.370290+00:00", "symbol": "BTC-USD"}, {"trade_id": 848194152, "side": "sell", "size": "0.00118400", "price": "117990.00000000", "time": "2025-07-13T11:34:08.257865Z", "fetched_at": "2025-07-13T11:37:51.370290+00:00", "symbol": "BTC-USD"}, {"trade_id": 848194151, "side": "sell", "size": "0.00005400", "price": "117990.00000000", "time": "2025-07-13T11:34:08.257865Z", "fetched_at": "2025-07-13T11:37:51.370290+00:00", "symbol": "BTC-USD"}, {"trade_id": 848194150, "side": "sell", "size": "0.00044100", "price": "117990.00000000", "time": "2025-07-13T11:34:08.257865Z", "fetched_at": "2025-07-13T11:37:51.370290+00:00", "symbol": "BTC-USD"}, {"trade_id": 848194149, "side": "sell", "size": "0.00016800", "price": "117990.00000000", "time": "2025-07-13T11:34:08.257865Z", "fetched_at": "2025-07-13T11:37:51.370290+00:00", "symbol": "BTC-USD"}, {"trade_id": 848194148, "side": "sell", "size": "0.00008414", "price": "117990.00000000", "time": "2025-07-13T11:34:08.257865Z", "fetched_at": "2025-07-13T11:37:51.370290+00:00", "symbol": "BTC-USD"}, {"trade_id": 848194147, "side": "sell", "size": "0.00012300", "price": "117990.00000000", "time": "2025-07-13T11:34:08.257865Z", "fetched_at": "2025-07-13T11:37:51.370290+00:00", "symbol": "BTC-USD"}, {"trade_id": 848194146, "side": "sell", "size": "0.01885500", "price": "117990.00000000", "time": "2025-07-13T11:34:08.257865Z", "fetched_at": "2025-07-13T11:37:51.370290+00:00", "symbol": "BTC-USD"}, {"trade_id": 848194145, "side": "sell", "size": "0.02062288", "price": "117990.00000000", "time": "2025-07-13T11:34:08.257865Z", "fetched_at": "2025-07-13T11:37:51.370290+00:00", "symbol": "BTC-USD"}, {"trade_id": 848194144, "side": "buy", "size": "0.00257774", "price": "117983.84000000", "time": "2025-07-13T11:34:07.052098Z", "fetched_at": "2025-07-13T11:37:51.370290+00:00", "symbol": "BTC-USD"}, {"trade_id": 848194143, "side": "buy", "size": "0.00006793", "price": "117985.00000000", "time": "2025-07-13T11:34:07.052098Z", "fetched_at": "2025-07-13T11:37:51.370290+00:00", "symbol": "BTC-USD"}, {"trade_id": 848194142, "side": "buy", "size": "0.00000237", "price": "117989.99000000", "time": "2025-07-13T11:34:07.052098Z", "fetched_at": "2025-07-13T11:37:51.370290+00:00", "symbol": "BTC-USD"}, {"trade_id": 848194141, "side": "buy", "size": "0.00000703", "price": "117989.99000000", "time": "2025-07-13T11:34:07.052098Z", "fetched_at": "2025-07-13T11:37:51.370290+00:00", "symbol": "BTC-USD"}