[{"trade_id": 848228541, "side": "buy", "size": "0.01277716", "price": "118623.59000000", "time": "2025-07-13T14:10:45.711418Z", "fetched_at": "2025-07-13T14:10:49.051693+00:00", "symbol": "BTC-USD"}, {"trade_id": 848228540, "side": "buy", "size": "0.00120534", "price": "118623.59000000", "time": "2025-07-13T14:10:45.536232Z", "fetched_at": "2025-07-13T14:10:49.051693+00:00", "symbol": "BTC-USD"}, {"trade_id": 848228539, "side": "buy", "size": "0.00002796", "price": "118623.59000000", "time": "2025-07-13T14:10:45.536232Z", "fetched_at": "2025-07-13T14:10:49.051693+00:00", "symbol": "BTC-USD"}, {"trade_id": 848228538, "side": "sell", "size": "0.00020485", "price": "118623.60000000", "time": "2025-07-13T14:10:44.772640Z", "fetched_at": "2025-07-13T14:10:49.051693+00:00", "symbol": "BTC-USD"}, {"trade_id": 848228537, "side": "sell", "size": "0.00001000", "price": "118619.27000000", "time": "2025-07-13T14:10:44.311130Z", "fetched_at": "2025-07-13T14:10:49.051693+00:00", "symbol": "BTC-USD"}, {"trade_id": 848228536, "side": "sell", "size": "0.02760688", "price": "118613.75000000", "time": "2025-07-13T14:10:44.289300Z", "fetched_at": "2025-07-13T14:10:49.051693+00:00", "symbol": "BTC-USD"}, {"trade_id": 848228535, "side": "sell", "size": "0.00008192", "price": "118609.45000000", "time": "2025-07-13T14:10:44.289300Z", "fetched_at": "2025-07-13T14:10:49.051693+00:00", "symbol": "BTC-USD"}, {"trade_id": 848228534, "side": "sell", "size": "0.00001000", "price": "118610.38000000", "time": "2025-07-13T14:10:43.762052Z", "fetched_at": "2025-07-13T14:10:49.051693+00:00", "symbol": "BTC-USD"}, {"trade_id": 848228533, "side": "sell", "size": "0.00000219", "price": "118609.43000000", "time": "2025-07-13T14:10:43.762052Z", "fetched_at": "2025-07-13T14:10:49.051693+00:00", "symbol": "BTC-USD"}, {"trade_id": 848228532, "side": "sell", "size": "0.00001099", "price": "118609.43000000", "time": "2025-07-13T14:10:43.762052Z", "fetched_at": "2025-07-13T14:10:49.051693+00:00", "symbol": "BTC-USD"}, {"trade_id": 848228531, "side": "sell", "size": "0.00001034", "price": "118609.43000000", "time": "2025-07-13T14:10:43.762052Z", "fetched_at": "2025-07-13T14:10:49.051693+00:00", "symbol": "BTC-USD"}, {"trade_id": 848228530, "side": "sell", "size": "0.00006347", "price": "118609.43000000", "time": "2025-07-13T14:10:43.762052Z", "fetched_at": "2025-07-13T14:10:49.051693+00:00", "symbol": "BTC-USD"}, {"trade_id": 848228529, "side": "sell", "size": "0.00000405", "price": "118609.43000000", "time": "2025-07-13T14:10:43.313935Z", "fetched_at": "2025-07-13T14:10:49.051693+00:00", "symbol": "BTC-USD"}, {"trade_id": 848228528, "side": "buy", "size": "0.00000033", "price": "118609.42000000", "time": "2025-07-13T14:10:42.238214Z", "fetched_at": "2025-07-13T14:10:49.051693+00:00", "symbol": "BTC-USD"}, {"trade_id": 848228527, "side": "buy", "size": "0.00068751", "price": "118609.42000000", "time": "2025-07-13T14:10:40.596539Z", "fetched_at": "2025-07-13T14:10:49.051693+00:00", "symbol": "BTC-USD"}, {"trade_id": 848228526, "side": "sell", "size": "0.00240009", "price": "118609.43000000", "time": "2025-07-13T14:10:40.495130Z", "fetched_at": "2025-07-13T14:10:49.051693+00:00", "symbol": "BTC-USD"}, {"trade_id": 848228525, "side": "sell", "size": "0.00004097", "price": "118609.43000000", "time": "2025-07-13T14:10:40.489966Z", "fetched_at": "2025-07-13T14:10:49.051693+00:00", "symbol": "BTC-USD"}, {"trade_id": 848228524, "side": "sell", "size": "0.00002958", "price": "118609.43000000", "time": "2025-07-13T14:10:40.195317Z", "fetched_at": "2025-07-13T14:10:49.051693+00:00", "symbol": "BTC-USD"}, {"trade_id": 848228523, "side": "buy", "size": "0.00008838", "price": "118608.87000000", "time": "2025-07-13T14:10:39.577823Z", "fetched_at": "2025-07-13T14:10:49.051693+00:00", "symbol": "BTC-USD"}, {"trade_id": 848228522, "side": "sell", "size": "0.00021240", "price": "118609.43000000", "time": "2025-07-13T14:10:39.096955Z", "fetched_at": "2025-07-13T14:10:49.051693+00:00", "symbol": "BTC-USD"}, {"trade_id": 848228521, "side": "sell", "size": "0.00008192", "price": "118608.89000000", "time": "2025-07-13T14:10:39.096955Z", "fetched_at": "2025-07-13T14:10:49.051693+00:00", "symbol": "BTC-USD"}, {"trade_id": 848228520, "side": "sell", "size": "0.00204898", "price": "118609.43000000", "time": "2025-07-13T14:10:39.002990Z", "fetched_at": "2025-07-13T14:10:49.051693+00:00", "symbol": "BTC-USD"}, {"trade_id": 848228519, "side": "buy", "size": "0.00057291", "price": "118608.88000000", "time": "2025-07-13T14:10:38.858039Z", "fetched_at": "2025-07-13T14:10:49.051693+00:00", "symbol": "BTC-USD"}, {"trade_id": 848228518, "side": "buy", "size": "0.00005652", "price": "118609.42000000", "time": "2025-07-13T14:10:38.858039Z", "fetched_at": "2025-07-13T14:10:49.051693+00:00", "symbol": "BTC-USD"}, {"trade_id": 848228517, "side": "buy", "size": "0.00026685", "price": "118608.87000000", "time": "2025-07-13T14:10:38.206105Z", "fetched_at": "2025-07-13T14:10:49.051693+00:00", "symbol": "BTC-USD"}, {"trade_id": 848228516, "side": "buy", "size": "0.00005186", "price": "118609.42000000", "time": "2025-07-13T14:10:38.206105Z", "fetched_at": "2025-07-13T14:10:49.051693+00:00", "symbol": "BTC-USD"}, {"trade_id": 848228515, "side": "sell", "size": "0.00019997", "price": "118609.43000000", "time": "2025-07-13T14:10:37.941199Z", "fetched_at": "2025-07-13T14:10:49.051693+00:00", "symbol": "BTC-USD"}, {"trade_id": 848228514, "side": "buy", "size": "0.00042000", "price": "118603.78000000", "time": "2025-07-13T14:10:37.762614Z", "fetched_at": "2025-07-13T14:10:49.051693+00:00", "symbol": "BTC-USD"}, {"trade_id": 848228513, "side": "sell", "size": "0.00001000", "price": "118601.49000000", "time": "2025-07-13T14:10:37.749684Z", "fetched_at": "2025-07-13T14:10:49.051693+00:00", "symbol": "BTC-USD"}, {"trade_id": 848228512, "side": "sell", "size": "0.00756933", "price": "118600.34000000", "time": "2025-07-13T14:10:37.749684Z", "fetched_at": "2025-07-13T14:10:49.051693+00:00", "symbol": "BTC-USD"}, {"trade_id": 848228511, "side": "sell", "size": "0.01740483", "price": "118600.34000000", "time": "2025-07-13T14:10:37.746935Z", "fetched_at": "2025-07-13T14:10:49.051693+00:00", "symbol": "BTC-USD"}, {"trade_id": 848228510, "side": "sell", "size": "0.01259517", "price": "118600.34000000", "time": "2025-07-13T14:10:37.746935Z", "fetched_at": "2025-07-13T14:10:49.051693+00:00", "symbol": "BTC-USD"}, {"trade_id": 848228509, "side": "sell", "size": "0.06187464", "price": "118597.17000000", "time": "2025-07-13T14:10:37.746427Z", "fetched_at": "2025-07-13T14:10:49.051693+00:00", "symbol": "BTC-USD"}, {"trade_id": 848228508, "side": "sell", "size": "0.02329239", "price": "118597.17000000", "time": "2025-07-13T14:10:37.744156Z", "fetched_at": "2025-07-13T14:10:49.051693+00:00", "symbol": "BTC-USD"}, {"trade_id": 848228507, "side": "sell", "size": "0.03764498", "price": "118597.17000000", "time": "2025-07-13T14:10:37.743909Z", "fetched_at": "2025-07-13T14:10:49.051693+00:00", "symbol": "BTC-USD"}, {"trade_id": 848228506, "side": "sell", "size": "0.00008194", "price": "118596.99000000", "time": "2025-07-13T14:10:37.743078Z", "fetched_at": "2025-07-13T14:10:49.051693+00:00", "symbol": "BTC-USD"}, {"trade_id": 848228505, "side": "sell", "size": "0.02554239", "price": "118597.01000000", "time": "2025-07-13T14:10:37.735169Z", "fetched_at": "2025-07-13T14:10:49.051693+00:00", "symbol": "BTC-USD"}, {"trade_id": 848228504, "side": "sell", "size": "0.00938973", "price": "118597.01000000", "time": "2025-07-13T14:10:37.735117Z", "fetched_at": "2025-07-13T14:10:49.051693+00:00", "symbol": "BTC-USD"}, {"trade_id": 848228503, "side": "sell", "size": "0.00298375", "price": "118597.00000000", "time": "2025-07-13T14:10:37.735117Z", "fetched_at": "2025-07-13T14:10:49.051693+00:00", "symbol": "BTC-USD"}, {"trade_id": 848228502, "side": "sell", "size": "0.02154768", "price": "118597.00000000", "time": "2025-07-13T14:10:37.734109Z", "fetched_at": "2025-07-13T14:10:49.051693+00:00", "symbol": "BTC-USD"}, {"trade_id": 848228501, "side": "sell", "size": "0.00008194", "price": "118596.99000000", "time": "2025-07-13T14:10:37.734109Z", "fetched_at": "2025-07-13T14:10:49.051693+00:00", "symbol": "BTC-USD"}, {"trade_id": 848228500, "side": "sell", "size": "0.00001000", "price": "118592.60000000", "time": "2025-07-13T14:10:37.734109Z", "fetched_at": "2025-07-13T14:10:49.051693+00:00", "symbol": "BTC-USD"}, {"trade_id": 848228499, "side": "sell", "size": "0.00000210", "price": "118592.42000000", "time": "2025-07-13T14:10:37.734109Z", "fetched_at": "2025-07-13T14:10:49.051693+00:00", "symbol": "BTC-USD"}, {"trade_id": 848228498, "side": "sell", "size": "0.00036262", "price": "118590.05000000", "time": "2025-07-13T14:10:36.778325Z", "fetched_at": "2025-07-13T14:10:49.051693+00:00", "symbol": "BTC-USD"}, {"trade_id": 848228497, "side": "sell", "size": "0.00008194", "price": "118590.04000000", "time": "2025-07-13T14:10:36.778325Z", "fetched_at": "2025-07-13T14:10:49.051693+00:00", "symbol": "BTC-USD"}, {"trade_id": 848228496, "side": "sell", "size": "0.00000632", "price": "118590.04000000", "time": "2025-07-13T14:10:36.778325Z", "fetched_at": "2025-07-13T14:10:49.051693+00:00", "symbol": "BTC-USD"}, {"trade_id": 848228495, "side": "sell", "size": "0.01839906", "price": "118588.64000000", "time": "2025-07-13T14:10:35.002870Z", "fetched_at": "2025-07-13T14:10:49.051693+00:00", "symbol": "BTC-USD"}, {"trade_id": 848228494, "side": "sell", "size": "0.00001567", "price": "118588.63000000", "time": "2025-07-13T14:10:35.002870Z", "fetched_at": "2025-07-13T14:10:49.051693+00:00", "symbol": "BTC-USD"}, {"trade_id": 848228493, "side": "sell", "size": "0.00001000", "price": "118583.71000000", "time": "2025-07-13T14:10:35.002870Z", "fetched_at": "2025-07-13T14:10:49.051693+00:00", "symbol": "BTC-USD"}, {"trade_id": 848228492, "side": "sell", "size": "0.00000227", "price": "118577.89000000", "time": "2025-07-13T14:10:35.002870Z", "fetched_at": "2025-07-13T14:10:49.051693+00:00", "symbol": "BTC-USD"}, {"trade_id": 848228491, "side": "sell", "size": "0.00649936", "price": "118576.01000000", "time": "2025-07-13T14:10:35.002870Z", "fetched_at": "2025-07-13T14:10:49.051693+00:00", "symbol": "BTC-USD"}, {"trade_id": 848228490, "side": "buy", "size": "0.00010000", "price": "118576.00000000", "time": "2025-07-13T14:10:34.768316Z", "fetched_at": "2025-07-13T14:10:49.051693+00:00", "symbol": "BTC-USD"}, {"trade_id": 848228489, "side": "sell", "size": "0.00022699", "price": "118576.01000000", "time": "2025-07-13T14:10:34.566326Z", "fetched_at": "2025-07-13T14:10:49.051693+00:00", "symbol": "BTC-USD"}, {"trade_id": 848228488, "side": "sell", "size": "0.00010896", "price": "118576.01000000", "time": "2025-07-13T14:10:34.440492Z", "fetched_at": "2025-07-13T14:10:49.051693+00:00", "symbol": "BTC-USD"}, {"trade_id": 848228487, "side": "sell", "size": "0.05077899", "price": "118571.09000000", "time": "2025-07-13T14:10:34.364101Z", "fetched_at": "2025-07-13T14:10:49.051693+00:00", "symbol": "BTC-USD"}, {"trade_id": 848228486, "side": "sell", "size": "0.03500000", "price": "118571.08000000", "time": "2025-07-13T14:10:34.364101Z", "fetched_at": "2025-07-13T14:10:49.051693+00:00", "symbol": "BTC-USD"}, {"trade_id": 848228485, "side": "sell", "size": "0.00266713", "price": "118571.07000000", "time": "2025-07-13T14:10:34.364101Z", "fetched_at": "2025-07-13T14:10:49.051693+00:00", "symbol": "BTC-USD"}, {"trade_id": 848228484, "side": "sell", "size": "0.00754409", "price": "118569.43000000", "time": "2025-07-13T14:10:34.364101Z", "fetched_at": "2025-07-13T14:10:49.051693+00:00", "symbol": "BTC-USD"}, {"trade_id": 848228483, "side": "sell", "size": "0.00008196", "price": "118569.42000000", "time": "2025-07-13T14:10:34.364101Z", "fetched_at": "2025-07-13T14:10:49.051693+00:00", "symbol": "BTC-USD"}, {"trade_id": 848228482, "side": "sell", "size": "0.00001033", "price": "118569.42000000", "time": "2025-07-13T14:10:34.364101Z", "fetched_at": "2025-07-13T14:10:49.051693+00:00", "symbol": "BTC-USD"}, {"trade_id": 848228481, "side": "sell", "size": "0.00000198", "price": "118569.42000000", "time": "2025-07-13T14:10:34.364101Z", "fetched_at": "2025-07-13T14:10:49.051693+00:00", "symbol": "BTC-USD"}, {"trade_id": 848228480, "side": "sell", "size": "0.00020737", "price": "118563.15000000", "time": "2025-07-13T14:10:34.263692Z", "fetched_at": "2025-07-13T14:10:49.051693+00:00", "symbol": "BTC-USD"}, {"trade_id": 848228479, "side": "sell", "size": "0.00043254", "price": "118563.67000000", "time": "2025-07-13T14:10:34.137613Z", "fetched_at": "2025-07-13T14:10:49.051693+00:00", "symbol": "BTC-USD"}, {"trade_id": 848228478, "side": "sell", "size": "0.00000031", "price": "118569.42000000", "time": "2025-07-13T14:10:33.415947Z", "fetched_at": "2025-07-13T14:10:49.051693+00:00", "symbol": "BTC-USD"}, {"trade_id": 848228477, "side": "buy", "size": "0.00026848", "price": "118565.42000000", "time": "2025-07-13T14:10:33.083491Z", "fetched_at": "2025-07-13T14:10:49.051693+00:00", "symbol": "BTC-USD"}, {"trade_id": 848228476, "side": "sell", "size": "0.00067783", "price": "118569.43000000", "time": "2025-07-13T14:10:32.664294Z", "fetched_at": "2025-07-13T14:10:49.051693+00:00", "symbol": "BTC-USD"}, {"trade_id": 848228475, "side": "sell", "size": "0.00008196", "price": "118569.42000000", "time": "2025-07-13T14:10:32.664294Z", "fetched_at": "2025-07-13T14:10:49.051693+00:00", "symbol": "BTC-USD"}, {"trade_id": 848228474, "side": "sell", "size": "0.00005976", "price": "118561.92000000", "time": "2025-07-13T14:10:32.664294Z", "fetched_at": "2025-07-13T14:10:49.051693+00:00", "symbol": "BTC-USD"}, {"trade_id": 848228473, "side": "sell", "size": "0.00092000", "price": "118561.43000000", "time": "2025-07-13T14:10:32.132045Z", "fetched_at": "2025-07-13T14:10:49.051693+00:00", "symbol": "BTC-USD"}, {"trade_id": 848228472, "side": "buy", "size": "0.00312846", "price": "118559.14000000", "time": "2025-07-13T14:10:31.492361Z", "fetched_at": "2025-07-13T14:10:49.051693+00:00", "symbol": "BTC-USD"}, {"trade_id": 848228471, "side": "buy", "size": "0.04699960", "price": "118559.54000000", "time": "2025-07-13T14:10:31.492361Z", "fetched_at": "2025-07-13T14:10:49.051693+00:00", "symbol": "BTC-USD"}, {"trade_id": 848228470, "side": "buy", "size": "0.00001570", "price": "118560.33000000", "time": "2025-07-13T14:10:31.492361Z", "fetched_at": "2025-07-13T14:10:49.051693+00:00", "symbol": "BTC-USD"}, {"trade_id": 848228469, "side": "buy", "size": "0.00000472", "price": "118560.33000000", "time": "2025-07-13T14:10:31.492361Z", "fetched_at": "2025-07-13T14:10:49.051693+00:00", "symbol": "BTC-USD"}, {"trade_id": 848228468, "side": "buy", "size": "0.00000143", "price": "118560.33000000", "time": "2025-07-13T14:10:31.492361Z", "fetched_at": "2025-07-13T14:10:49.051693+00:00", "symbol": "BTC-USD"}, {"trade_id": 848228467, "side": "buy", "size": "0.00009859", "price": "118560.33000000", "time": "2025-07-13T14:10:31.492361Z", "fetched_at": "2025-07-13T14:10:49.051693+00:00", "symbol": "BTC-USD"}, {"trade_id": 848228466, "side": "buy", "size": "0.00004873", "price": "118561.91000000", "time": "2025-07-13T14:10:31.492361Z", "fetched_at": "2025-07-13T14:10:49.051693+00:00", "symbol": "BTC-USD"}, {"trade_id": 848228465, "side": "sell", "size": "0.00245864", "price": "118561.92000000", "time": "2025-07-13T14:10:31.268106Z", "fetched_at": "2025-07-13T14:10:49.051693+00:00", "symbol": "BTC-USD"}, {"trade_id": 848228464, "side": "sell", "size": "0.00004115", "price": "118561.92000000", "time": "2025-07-13T14:10:31.265065Z", "fetched_at": "2025-07-13T14:10:49.051693+00:00", "symbol": "BTC-USD"}, {"trade_id": 848228463, "side": "buy", "size": "0.00272199", "price": "118561.29000000", "time": "2025-07-13T14:10:31.157439Z", "fetched_at": "2025-07-13T14:10:49.051693+00:00", "symbol": "BTC-USD"}, {"trade_id": 848228462, "side": "buy", "size": "0.00301901", "price": "118561.30000000", "time": "2025-07-13T14:10:31.157439Z", "fetched_at": "2025-07-13T14:10:49.051693+00:00", "symbol": "BTC-USD"}, {"trade_id": 848228461, "side": "buy", "size": "0.00004823", "price": "118561.31000000", "time": "2025-07-13T14:10:31.157439Z", "fetched_at": "2025-07-13T14:10:49.051693+00:00", "symbol": "BTC-USD"}, {"trade_id": 848228460, "side": "sell", "size": "0.00041790", "price": "118568.71000000", "time": "2025-07-13T14:10:31.116587Z", "fetched_at": "2025-07-13T14:10:49.051693+00:00", "symbol": "BTC-USD"}, {"trade_id": 848228459, "side": "sell", "size": "0.00006876", "price": "118568.70000000", "time": "2025-07-13T14:10:31.116587Z", "fetched_at": "2025-07-13T14:10:49.051693+00:00", "symbol": "BTC-USD"}, {"trade_id": 848228458, "side": "buy", "size": "0.00000263", "price": "118561.30000000", "time": "2025-07-13T14:10:30.923636Z", "fetched_at": "2025-07-13T14:10:49.051693+00:00", "symbol": "BTC-USD"}, {"trade_id": 848228457, "side": "sell", "size": "0.00037243", "price": "118569.43000000", "time": "2025-07-13T14:10:30.343931Z", "fetched_at": "2025-07-13T14:10:49.051693+00:00", "symbol": "BTC-USD"}, {"trade_id": 848228456, "side": "sell", "size": "0.00003734", "price": "118569.42000000", "time": "2025-07-13T14:10:30.343931Z", "fetched_at": "2025-07-13T14:10:49.051693+00:00", "symbol": "BTC-USD"}, {"trade_id": 848228455, "side": "sell", "size": "0.00114118", "price": "118569.43000000", "time": "2025-07-13T14:10:30.308811Z", "fetched_at": "2025-07-13T14:10:49.051693+00:00", "symbol": "BTC-USD"}, {"trade_id": 848228454, "side": "sell", "size": "0.00003734", "price": "118569.42000000", "time": "2025-07-13T14:10:30.308811Z", "fetched_at": "2025-07-13T14:10:49.051693+00:00", "symbol": "BTC-USD"}, {"trade_id": 848228453, "side": "sell", "size": "0.00001034", "price": "118560.34000000", "time": "2025-07-13T14:10:30.308811Z", "fetched_at": "2025-07-13T14:10:49.051693+00:00", "symbol": "BTC-USD"}, {"trade_id": 848228452, "side": "sell", "size": "0.00003984", "price": "118560.34000000", "time": "2025-07-13T14:10:30.308811Z", "fetched_at": "2025-07-13T14:10:49.051693+00:00", "symbol": "BTC-USD"}, {"trade_id": 848228451, "side": "sell", "size": "0.00119000", "price": "118560.34000000", "time": "2025-07-13T14:10:29.760482Z", "fetched_at": "2025-07-13T14:10:49.051693+00:00", "symbol": "BTC-USD"}, {"trade_id": 848228450, "side": "sell", "size": "0.00152417", "price": "118560.34000000", "time": "2025-07-13T14:10:28.629625Z", "fetched_at": "2025-07-13T14:10:49.051693+00:00", "symbol": "BTC-USD"}, {"trade_id": 848228449, "side": "buy", "size": "0.00130975", "price": "118569.31000000", "time": "2025-07-13T14:10:28.575342Z", "fetched_at": "2025-07-13T14:10:49.051693+00:00", "symbol": "BTC-USD"}, {"trade_id": 848228448, "side": "buy", "size": "0.00000109", "price": "118569.41000000", "time": "2025-07-13T14:10:28.575342Z", "fetched_at": "2025-07-13T14:10:49.051693+00:00", "symbol": "BTC-USD"}, {"trade_id": 848228447, "side": "buy", "size": "0.00000345", "price": "118569.42000000", "time": "2025-07-13T14:10:28.575342Z", "fetched_at": "2025-07-13T14:10:49.051693+00:00", "symbol": "BTC-USD"}, {"trade_id": 848228446, "side": "buy", "size": "0.00001571", "price": "118569.42000000", "time": "2025-07-13T14:10:28.575342Z", "fetched_at": "2025-07-13T14:10:49.051693+00:00", "symbol": "BTC-USD"}, {"trade_id": 848228445, "side": "sell", "size": "0.00000033", "price": "118569.43000000", "time": "2025-07-13T14:10:28.439541Z", "fetched_at": "2025-07-13T14:10:49.051693+00:00", "symbol": "BTC-USD"}, {"trade_id": 848228444, "side": "sell", "size": "0.00020872", "price": "118569.43000000", "time": "2025-07-13T14:10:28.415781Z", "fetched_at": "2025-07-13T14:10:49.051693+00:00", "symbol": "BTC-USD"}, {"trade_id": 848228443, "side": "sell", "size": "0.00003999", "price": "118569.43000000", "time": "2025-07-13T14:10:28.201829Z", "fetched_at": "2025-07-13T14:10:49.051693+00:00", "symbol": "BTC-USD"}, {"trade_id": 848228442, "side": "buy", "size": "0.00182804", "price": "118569.42000000", "time": "2025-07-13T14:10:28.070837Z", "fetched_at": "2025-07-13T14:10:49.051693+00:00", "symbol": "BTC-USD"}, {"trade_id": 848228441, "side": "buy", "size": "0.00000354", "price": "118569.42000000", "time": "2025-07-13T14:10:28.070837Z", "fetched_at": "2025-07-13T14:10:49.051693+00:00", "symbol": "BTC-USD"}, {"trade_id": 848228440, "side": "buy", "size": "0.00660183", "price": "118569.42000000", "time": "2025-07-13T14:10:28.070837Z", "fetched_at": "2025-07-13T14:10:49.051693+00:00", "symbol": "BTC-USD"}, {"trade_id": 848228439, "side": "sell", "size": "0.00134935", "price": "118569.43000000", "time": "2025-07-13T14:10:27.071813Z", "fetched_at": "2025-07-13T14:10:49.051693+00:00", "symbol": "BTC-USD"}, {"trade_id": 848228438, "side": "sell", "size": "0.00001033", "price": "118569.43000000", "time": "2025-07-13T14:10:27.071813Z", "fetched_at": "2025-07-13T14:10:49.051693+00:00", "symbol": "BTC-USD"}, {"trade_id": 848228437, "side": "sell", "size": "0.00000196", "price": "118569.43000000", "time": "2025-07-13T14:10:26.576258Z", "fetched_at": "2025-07-13T14:10:49.051693+00:00", "symbol": "BTC-USD"}, {"trade_id": 848228436, "side": "sell", "size": "0.00511000", "price": "118569.43000000", "time": "2025-07-13T14:10:26.363430Z", "fetched_at": "2025-07-13T14:10:49.051693+00:00", "symbol": "BTC-USD"}, {"trade_id": 848228435, "side": "sell", "size": "0.00171000", "price": "118569.43000000", "time": "2025-07-13T14:10:26.255531Z", "fetched_at": "2025-07-13T14:10:49.051693+00:00", "symbol": "BTC-USD"}, {"trade_id": 848228434, "side": "sell", "size": "0.00000638", "price": "118569.43000000", "time": "2025-07-13T14:10:25.975525Z", "fetched_at": "2025-07-13T14:10:49.051693+00:00", "symbol": "BTC-USD"}, {"trade_id": 848228433, "side": "buy", "size": "0.00005882", "price": "118569.42000000", "time": "2025-07-13T14:10:25.475503Z", "fetched_at": "2025-07-13T14:10:49.051693+00:00", "symbol": "BTC-USD"}, {"trade_id": 848228432, "side": "sell", "size": "0.00040977", "price": "118569.43000000", "time": "2025-07-13T14:10:24.747413Z", "fetched_at": "2025-07-13T14:10:49.051693+00:00", "symbol": "BTC-USD"}, {"trade_id": 848228431, "side": "sell", "size": "0.00081947", "price": "118569.43000000", "time": "2025-07-13T14:10:24.631322Z", "fetched_at": "2025-07-13T14:10:49.051693+00:00", "symbol": "BTC-USD"}, {"trade_id": 848228430, "side": "buy", "size": "0.00000080", "price": "118569.42000000", "time": "2025-07-13T14:10:22.729419Z", "fetched_at": "2025-07-13T14:10:49.051693+00:00", "symbol": "BTC-USD"}, {"trade_id": 848228429, "side": "sell", "size": "0.01074241", "price": "118569.43000000", "time": "2025-07-13T14:10:22.706946Z", "fetched_at": "2025-07-13T14:10:49.051693+00:00", "symbol": "BTC-USD"}, {"trade_id": 848228428, "side": "sell", "size": "0.00000091", "price": "118569.43000000", "time": "2025-07-13T14:10:22.637358Z", "fetched_at": "2025-07-13T14:10:49.051693+00:00", "symbol": "BTC-USD"}, {"trade_id": 848228427, "side": "sell", "size": "0.00039975", "price": "118569.43000000", "time": "2025-07-13T14:10:22.579420Z", "fetched_at": "2025-07-13T14:10:49.051693+00:00", "symbol": "BTC-USD"}, {"trade_id": 848228426, "side": "buy", "size": "0.03432829", "price": "118575.88000000", "time": "2025-07-13T14:10:22.146710Z", "fetched_at": "2025-07-13T14:10:49.051693+00:00", "symbol": "BTC-USD"}, {"trade_id": 848228425, "side": "buy", "size": "0.00002183", "price": "118575.89000000", "time": "2025-07-13T14:10:22.146710Z", "fetched_at": "2025-07-13T14:10:49.051693+00:00", "symbol": "BTC-USD"}, {"trade_id": 848228424, "side": "buy", "size": "0.00000345", "price": "118575.89000000", "time": "2025-07-13T14:10:22.146710Z", "fetched_at": "2025-07-13T14:10:49.051693+00:00", "symbol": "BTC-USD"}, {"trade_id": 848228423, "side": "buy", "size": "0.00025526", "price": "118575.89000000", "time": "2025-07-13T14:10:22.103274Z", "fetched_at": "2025-07-13T14:10:49.051693+00:00", "symbol": "BTC-USD"}, {"trade_id": 848228422, "side": "buy", "size": "0.00001460", "price": "118576.00000000", "time": "2025-07-13T14:10:22.103274Z", "fetched_at": "2025-07-13T14:10:49.051693+00:00", "symbol": "BTC-USD"}, {"trade_id": 848228421, "side": "sell", "size": "0.00008137", "price": "118576.01000000", "time": "2025-07-13T14:10:21.908542Z", "fetched_at": "2025-07-13T14:10:49.051693+00:00", "symbol": "BTC-USD"}, {"trade_id": 848228420, "side": "buy", "size": "0.00000110", "price": "118576.00000000", "time": "2025-07-13T14:10:21.276451Z", "fetched_at": "2025-07-13T14:10:49.051693+00:00", "symbol": "BTC-USD"}, {"trade_id": 848228419, "side": "buy", "size": "0.00004105", "price": "118577.88000000", "time": "2025-07-13T14:10:21.276451Z", "fetched_at": "2025-07-13T14:10:49.051693+00:00", "symbol": "BTC-USD"}, {"trade_id": 848228418, "side": "sell", "size": "0.00019057", "price": "118577.67000000", "time": "2025-07-13T14:10:20.906155Z", "fetched_at": "2025-07-13T14:10:49.051693+00:00", "symbol": "BTC-USD"}, {"trade_id": 848228417, "side": "sell", "size": "0.00001431", "price": "118576.01000000", "time": "2025-07-13T14:10:20.906155Z", "fetched_at": "2025-07-13T14:10:49.051693+00:00", "symbol": "BTC-USD"}, {"trade_id": 848228416, "side": "sell", "size": "0.00000653", "price": "118575.90000000", "time": "2025-07-13T14:10:19.698694Z", "fetched_at": "2025-07-13T14:10:49.051693+00:00", "symbol": "BTC-USD"}, {"trade_id": 848228415, "side": "sell", "size": "0.00166977", "price": "118575.90000000", "time": "2025-07-13T14:10:19.410090Z", "fetched_at": "2025-07-13T14:10:49.051693+00:00", "symbol": "BTC-USD"}, {"trade_id": 848228414, "side": "buy", "size": "0.00003217", "price": "118575.89000000", "time": "2025-07-13T14:10:18.895100Z", "fetched_at": "2025-07-13T14:10:49.051693+00:00", "symbol": "BTC-USD"}, {"trade_id": 848228413, "side": "buy", "size": "0.00004171", "price": "118576.00000000", "time": "2025-07-13T14:10:18.895100Z", "fetched_at": "2025-07-13T14:10:49.051693+00:00", "symbol": "BTC-USD"}, {"trade_id": 848228412, "side": "buy", "size": "0.00804542", "price": "118577.58000000", "time": "2025-07-13T14:10:18.663058Z", "fetched_at": "2025-07-13T14:10:49.051693+00:00", "symbol": "BTC-USD"}, {"trade_id": 848228411, "side": "buy", "size": "0.00004269", "price": "118577.69000000", "time": "2025-07-13T14:10:18.663058Z", "fetched_at": "2025-07-13T14:10:49.051693+00:00", "symbol": "BTC-USD"}, {"trade_id": 848228410, "side": "buy", "size": "0.00000345", "price": "118577.69000000", "time": "2025-07-13T14:10:18.663058Z", "fetched_at": "2025-07-13T14:10:49.051693+00:00", "symbol": "BTC-USD"}, {"trade_id": 848228409, "side": "sell", "size": "0.00081952", "price": "118577.70000000", "time": "2025-07-13T14:10:18.027486Z", "fetched_at": "2025-07-13T14:10:49.051693+00:00", "symbol": "BTC-USD"}, {"trade_id": 848228408, "side": "sell", "size": "0.00000626", "price": "118577.89000000", "time": "2025-07-13T14:10:17.559843Z", "fetched_at": "2025-07-13T14:10:49.051693+00:00", "symbol": "BTC-USD"}, {"trade_id": 848228407, "side": "sell", "size": "0.00002083", "price": "118577.89000000", "time": "2025-07-13T14:10:17.148098Z", "fetched_at": "2025-07-13T14:10:49.051693+00:00", "symbol": "BTC-USD"}, {"trade_id": 848228406, "side": "buy", "size": "0.00011110", "price": "118577.69000000", "time": "2025-07-13T14:10:16.966484Z", "fetched_at": "2025-07-13T14:10:49.051693+00:00", "symbol": "BTC-USD"}, {"trade_id": 848228405, "side": "buy", "size": "0.00001570", "price": "118577.80000000", "time": "2025-07-13T14:10:16.966484Z", "fetched_at": "2025-07-13T14:10:49.051693+00:00", "symbol": "BTC-USD"}, {"trade_id": 848228404, "side": "buy", "size": "0.00005717", "price": "118577.88000000", "time": "2025-07-13T14:10:16.966484Z", "fetched_at": "2025-07-13T14:10:49.051693+00:00", "symbol": "BTC-USD"}, {"trade_id": 848228403, "side": "buy", "size": "0.00001553", "price": "118577.88000000", "time": "2025-07-13T14:10:16.966484Z", "fetched_at": "2025-07-13T14:10:49.051693+00:00", "symbol": "BTC-USD"}, {"trade_id": 848228402, "side": "sell", "size": "0.00012582", "price": "118577.89000000", "time": "2025-07-13T14:10:16.722304Z", "fetched_at": "2025-07-13T14:10:49.051693+00:00", "symbol": "BTC-USD"}, {"trade_id": 848228401, "side": "buy", "size": "0.00001316", "price": "118577.88000000", "time": "2025-07-13T14:10:16.472598Z", "fetched_at": "2025-07-13T14:10:49.051693+00:00", "symbol": "BTC-USD"}, {"trade_id": 848228400, "side": "sell", "size": "0.00003998", "price": "118577.89000000", "time": "2025-07-13T14:10:16.380313Z", "fetched_at": "2025-07-13T14:10:49.051693+00:00", "symbol": "BTC-USD"}, {"trade_id": 848228399, "side": "sell", "size": "0.00059970", "price": "118577.89000000", "time": "2025-07-13T14:10:16.117910Z", "fetched_at": "2025-07-13T14:10:49.051693+00:00", "symbol": "BTC-USD"}, {"trade_id": 848228398, "side": "sell", "size": "0.00004174", "price": "118577.89000000", "time": "2025-07-13T14:10:15.596587Z", "fetched_at": "2025-07-13T14:10:49.051693+00:00", "symbol": "BTC-USD"}, {"trade_id": 848228397, "side": "sell", "size": "0.00016281", "price": "118587.62000000", "time": "2025-07-13T14:10:14.838533Z", "fetched_at": "2025-07-13T14:10:49.051693+00:00", "symbol": "BTC-USD"}, {"trade_id": 848228396, "side": "sell", "size": "0.00001233", "price": "118587.61000000", "time": "2025-07-13T14:10:14.838533Z", "fetched_at": "2025-07-13T14:10:49.051693+00:00", "symbol": "BTC-USD"}, {"trade_id": 848228395, "side": "sell", "size": "0.00400000", "price": "118577.70000000", "time": "2025-07-13T14:10:14.332883Z", "fetched_at": "2025-07-13T14:10:49.051693+00:00", "symbol": "BTC-USD"}, {"trade_id": 848228394, "side": "sell", "size": "0.00000835", "price": "118577.70000000", "time": "2025-07-13T14:10:14.277960Z", "fetched_at": "2025-07-13T14:10:49.051693+00:00", "symbol": "BTC-USD"}, {"trade_id": 848228393, "side": "sell", "size": "0.00016692", "price": "118577.70000000", "time": "2025-07-13T14:10:14.251739Z", "fetched_at": "2025-07-13T14:10:49.051693+00:00", "symbol": "BTC-USD"}, {"trade_id": 848228392, "side": "sell", "size": "0.00008011", "price": "118577.70000000", "time": "2025-07-13T14:10:13.096427Z", "fetched_at": "2025-07-13T14:10:49.051693+00:00", "symbol": "BTC-USD"}, {"trade_id": 848228391, "side": "sell", "size": "0.00024988", "price": "118577.70000000", "time": "2025-07-13T14:10:13.094905Z", "fetched_at": "2025-07-13T14:10:49.051693+00:00", "symbol": "BTC-USD"}, {"trade_id": 848228390, "side": "sell", "size": "0.00003964", "price": "118577.70000000", "time": "2025-07-13T14:10:12.468835Z", "fetched_at": "2025-07-13T14:10:49.051693+00:00", "symbol": "BTC-USD"}, {"trade_id": 848228389, "side": "sell", "size": "0.00001461", "price": "118577.70000000", "time": "2025-07-13T14:10:12.330744Z", "fetched_at": "2025-07-13T14:10:49.051693+00:00", "symbol": "BTC-USD"}, {"trade_id": 848228388, "side": "sell", "size": "0.01349522", "price": "118584.42000000", "time": "2025-07-13T14:10:12.147540Z", "fetched_at": "2025-07-13T14:10:49.051693+00:00", "symbol": "BTC-USD"}, {"trade_id": 848228387, "side": "sell", "size": "0.02823634", "price": "118584.41000000", "time": "2025-07-13T14:10:12.147540Z", "fetched_at": "2025-07-13T14:10:49.051693+00:00", "symbol": "BTC-USD"}, {"trade_id": 848228386, "side": "sell", "size": "0.03390767", "price": "118581.16000000", "time": "2025-07-13T14:10:12.147540Z", "fetched_at": "2025-07-13T14:10:49.051693+00:00", "symbol": "BTC-USD"}, {"trade_id": 848228385, "side": "sell", "size": "0.01631129", "price": "118581.13000000", "time": "2025-07-13T14:10:12.147540Z", "fetched_at": "2025-07-13T14:10:49.051693+00:00", "symbol": "BTC-USD"}, {"trade_id": 848228384, "side": "sell", "size": "0.00318722", "price": "118581.13000000", "time": "2025-07-13T14:10:12.147540Z", "fetched_at": "2025-07-13T14:10:49.051693+00:00", "symbol": "BTC-USD"}, {"trade_id": 848228383, "side": "sell", "size": "0.00000636", "price": "118581.12000000", "time": "2025-07-13T14:10:12.147540Z", "fetched_at": "2025-07-13T14:10:49.051693+00:00", "symbol": "BTC-USD"}, {"trade_id": 848228382, "side": "sell", "size": "0.00001290", "price": "118581.11000000", "time": "2025-07-13T14:10:12.147540Z", "fetched_at": "2025-07-13T14:10:49.051693+00:00", "symbol": "BTC-USD"}, {"trade_id": 848228381, "side": "sell", "size": "0.00039795", "price": "118581.13000000", "time": "2025-07-13T14:10:11.897734Z", "fetched_at": "2025-07-13T14:10:49.051693+00:00", "symbol": "BTC-USD"}, {"trade_id": 848228380, "side": "sell", "size": "0.00001169", "price": "118581.12000000", "time": "2025-07-13T14:10:11.897734Z", "fetched_at": "2025-07-13T14:10:49.051693+00:00", "symbol": "BTC-USD"}, {"trade_id": 848228379, "side": "sell", "size": "0.01675943", "price": "118581.13000000", "time": "2025-07-13T14:10:11.875351Z", "fetched_at": "2025-07-13T14:10:49.051693+00:00", "symbol": "BTC-USD"}, {"trade_id": 848228378, "side": "sell", "size": "0.00000193", "price": "118581.12000000", "time": "2025-07-13T14:10:11.875351Z", "fetched_at": "2025-07-13T14:10:49.051693+00:00", "symbol": "BTC-USD"}, {"trade_id": 848228377, "side": "sell", "size": "0.00001169", "price": "118581.12000000", "time": "2025-07-13T14:10:11.875351Z", "fetched_at": "2025-07-13T14:10:49.051693+00:00", "symbol": "BTC-USD"}, {"trade_id": 848228376, "side": "sell", "size": "0.00001546", "price": "118579.00000000", "time": "2025-07-13T14:10:11.875351Z", "fetched_at": "2025-07-13T14:10:49.051693+00:00", "symbol": "BTC-USD"}, {"trade_id": 848228375, "side": "sell", "size": "0.00004894", "price": "118581.12000000", "time": "2025-07-13T14:10:11.731973Z", "fetched_at": "2025-07-13T14:10:49.051693+00:00", "symbol": "BTC-USD"}, {"trade_id": 848228374, "side": "sell", "size": "0.00000219", "price": "118579.00000000", "time": "2025-07-13T14:10:11.731973Z", "fetched_at": "2025-07-13T14:10:49.051693+00:00", "symbol": "BTC-USD"}, {"trade_id": 848228373, "side": "sell", "size": "0.00000521", "price": "118579.00000000", "time": "2025-07-13T14:10:11.731973Z", "fetched_at": "2025-07-13T14:10:49.051693+00:00", "symbol": "BTC-USD"}, {"trade_id": 848228372, "side": "buy", "size": "0.00025264", "price": "118570.35000000", "time": "2025-07-13T14:10:11.554328Z", "fetched_at": "2025-07-13T14:10:49.051693+00:00", "symbol": "BTC-USD"}, {"trade_id": 848228371, "side": "buy", "size": "0.00004542", "price": "118570.36000000", "time": "2025-07-13T14:10:11.554328Z", "fetched_at": "2025-07-13T14:10:49.051693+00:00", "symbol": "BTC-USD"}, {"trade_id": 848228370, "side": "sell", "size": "0.00046248", "price": "118573.90000000", "time": "2025-07-13T14:10:11.456704Z", "fetched_at": "2025-07-13T14:10:49.051693+00:00", "symbol": "BTC-USD"}, {"trade_id": 848228369, "side": "sell", "size": "0.03277366", "price": "118573.90000000", "time": "2025-07-13T14:10:11.371602Z", "fetched_at": "2025-07-13T14:10:49.051693+00:00", "symbol": "BTC-USD"}, {"trade_id": 848228368, "side": "sell", "size": "0.00009807", "price": "118573.90000000", "time": "2025-07-13T14:10:11.360129Z", "fetched_at": "2025-07-13T14:10:49.051693+00:00", "symbol": "BTC-USD"}, {"trade_id": 848228367, "side": "sell", "size": "0.00005492", "price": "118570.36000000", "time": "2025-07-13T14:10:11.145022Z", "fetched_at": "2025-07-13T14:10:49.051693+00:00", "symbol": "BTC-USD"}, {"trade_id": 848228366, "side": "buy", "size": "0.00004019", "price": "118575.62000000", "time": "2025-07-13T14:10:11.035232Z", "fetched_at": "2025-07-13T14:10:49.051693+00:00", "symbol": "BTC-USD"}, {"trade_id": 848228365, "side": "buy", "size": "0.00001721", "price": "118578.99000000", "time": "2025-07-13T14:10:11.035232Z", "fetched_at": "2025-07-13T14:10:49.051693+00:00", "symbol": "BTC-USD"}, {"trade_id": 848228364, "side": "sell", "size": "0.00008139", "price": "118579.00000000", "time": "2025-07-13T14:10:10.850107Z", "fetched_at": "2025-07-13T14:10:49.051693+00:00", "symbol": "BTC-USD"}, {"trade_id": 848228363, "side": "sell", "size": "0.00008273", "price": "118579.00000000", "time": "2025-07-13T14:10:10.702685Z", "fetched_at": "2025-07-13T14:10:49.051693+00:00", "symbol": "BTC-USD"}, {"trade_id": 848228362, "side": "sell", "size": "0.00163852", "price": "118579.00000000", "time": "2025-07-13T14:10:10.543397Z", "fetched_at": "2025-07-13T14:10:49.051693+00:00", "symbol": "BTC-USD"}, {"trade_id": 848228361, "side": "buy", "size": "0.00145683", "price": "118578.99000000", "time": "2025-07-13T14:10:10.405789Z", "fetched_at": "2025-07-13T14:10:49.051693+00:00", "symbol": "BTC-USD"}, {"trade_id": 848228360, "side": "buy", "size": "0.00105829", "price": "118578.99000000", "time": "2025-07-13T14:10:10.373385Z", "fetched_at": "2025-07-13T14:10:49.051693+00:00", "symbol": "BTC-USD"}, {"trade_id": 848228359, "side": "buy", "size": "0.00000354", "price": "118578.99000000", "time": "2025-07-13T14:10:10.373385Z", "fetched_at": "2025-07-13T14:10:49.051693+00:00", "symbol": "BTC-USD"}, {"trade_id": 848228358, "side": "sell", "size": "0.00019950", "price": "118579.00000000", "time": "2025-07-13T14:10:10.300252Z", "fetched_at": "2025-07-13T14:10:49.051693+00:00", "symbol": "BTC-USD"}, {"trade_id": 848228357, "side": "sell", "size": "0.00016384", "price": "118579.00000000", "time": "2025-07-13T14:10:09.677333Z", "fetched_at": "2025-07-13T14:10:49.051693+00:00", "symbol": "BTC-USD"}, {"trade_id": 848228356, "side": "sell", "size": "0.00000801", "price": "118579.00000000", "time": "2025-07-13T14:10:09.468709Z", "fetched_at": "2025-07-13T14:10:49.051693+00:00", "symbol": "BTC-USD"}, {"trade_id": 848228355, "side": "sell", "size": "0.00008346", "price": "118579.00000000", "time": "2025-07-13T14:10:09.301015Z", "fetched_at": "2025-07-13T14:10:49.051693+00:00", "symbol": "BTC-USD"}, {"trade_id": 848228354, "side": "sell", "size": "0.00040963", "price": "118579.00000000", "time": "2025-07-13T14:10:09.128925Z", "fetched_at": "2025-07-13T14:10:49.051693+00:00", "symbol": "BTC-USD"}, {"trade_id": 848228353, "side": "sell", "size": "0.00003964", "price": "118579.00000000", "time": "2025-07-13T14:10:09.054990Z", "fetched_at": "2025-07-13T14:10:49.051693+00:00", "symbol": "BTC-USD"}, {"trade_id": 848228352, "side": "sell", "size": "0.00573475", "price": "118579.00000000", "time": "2025-07-13T14:10:08.748810Z", "fetched_at": "2025-07-13T14:10:49.051693+00:00", "symbol": "BTC-USD"}, {"trade_id": 848228351, "side": "sell", "size": "0.00000835", "price": "118579.00000000", "time": "2025-07-13T14:10:08.138452Z", "fetched_at": "2025-07-13T14:10:49.051693+00:00", "symbol": "BTC-USD"}, {"trade_id": 848228350, "side": "sell", "size": "0.00020481", "price": "118579.00000000", "time": "2025-07-13T14:10:07.980671Z", "fetched_at": "2025-07-13T14:10:49.051693+00:00", "symbol": "BTC-USD"}, {"trade_id": 848228349, "side": "sell", "size": "0.00044327", "price": "118579.00000000", "time": "2025-07-13T14:10:07.425535Z", "fetched_at": "2025-07-13T14:10:49.051693+00:00", "symbol": "BTC-USD"}, {"trade_id": 848228348, "side": "sell", "size": "0.00001054", "price": "118579.00000000", "time": "2025-07-13T14:10:07.425535Z", "fetched_at": "2025-07-13T14:10:49.051693+00:00", "symbol": "BTC-USD"}, {"trade_id": 848228347, "side": "sell", "size": "0.00004692", "price": "118579.00000000", "time": "2025-07-13T14:10:07.425535Z", "fetched_at": "2025-07-13T14:10:49.051693+00:00", "symbol": "BTC-USD"}, {"trade_id": 848228346, "side": "sell", "size": "0.02475296", "price": "118588.11000000", "time": "2025-07-13T14:10:06.544367Z", "fetched_at": "2025-07-13T14:10:49.051693+00:00", "symbol": "BTC-USD"}, {"trade_id": 848228345, "side": "sell", "size": "0.00000632", "price": "118587.70000000", "time": "2025-07-13T14:10:06.544367Z", "fetched_at": "2025-07-13T14:10:49.051693+00:00", "symbol": "BTC-USD"}, {"trade_id": 848228344, "side": "sell", "size": "0.00004870", "price": "118579.00000000", "time": "2025-07-13T14:10:06.544367Z", "fetched_at": "2025-07-13T14:10:49.051693+00:00", "symbol": "BTC-USD"}, {"trade_id": 848228343, "side": "sell", "size": "0.01889100", "price": "118569.53000000", "time": "2025-07-13T14:10:06.308991Z", "fetched_at": "2025-07-13T14:10:49.051693+00:00", "symbol": "BTC-USD"}, {"trade_id": 848228342, "side": "sell", "size": "0.04924109", "price": "118569.53000000", "time": "2025-07-13T14:10:06.308206Z", "fetched_at": "2025-07-13T14:10:49.051693+00:00", "symbol": "BTC-USD"}, {"trade_id": 848228341, "side": "sell", "size": "0.00843348", "price": "118574.98000000", "time": "2025-07-13T14:10:06.304815Z", "fetched_at": "2025-07-13T14:10:49.051693+00:00", "symbol": "BTC-USD"}, {"trade_id": 848228340, "side": "sell", "size": "0.04192134", "price": "118574.70000000", "time": "2025-07-13T14:10:06.304038Z", "fetched_at": "2025-07-13T14:10:49.051693+00:00", "symbol": "BTC-USD"}, {"trade_id": 848228339, "side": "sell", "size": "0.00224302", "price": "118574.70000000", "time": "2025-07-13T14:10:06.304038Z", "fetched_at": "2025-07-13T14:10:49.051693+00:00", "symbol": "BTC-USD"}, {"trade_id": 848228338, "side": "sell", "size": "0.00468719", "price": "118574.69000000", "time": "2025-07-13T14:10:06.304038Z", "fetched_at": "2025-07-13T14:10:49.051693+00:00", "symbol": "BTC-USD"}, {"trade_id": 848228337, "side": "sell", "size": "0.00004954", "price": "118574.68000000", "time": "2025-07-13T14:10:06.304038Z", "fetched_at": "2025-07-13T14:10:49.051693+00:00", "symbol": "BTC-USD"}, {"trade_id": 848228336, "side": "sell", "size": "0.00034000", "price": "118574.44000000", "time": "2025-07-13T14:10:06.304038Z", "fetched_at": "2025-07-13T14:10:49.051693+00:00", "symbol": "BTC-USD"}, {"trade_id": 848228335, "side": "sell", "size": "0.06813209", "price": "118569.53000000", "time": "2025-07-13T14:10:06.299470Z", "fetched_at": "2025-07-13T14:10:49.051693+00:00", "symbol": "BTC-USD"}, {"trade_id": 848228334, "side": "sell", "size": "0.01478000", "price": "118569.42000000", "time": "2025-07-13T14:10:06.299470Z", "fetched_at": "2025-07-13T14:10:49.051693+00:00", "symbol": "BTC-USD"}, {"trade_id": 848228333, "side": "buy", "size": "0.00000402", "price": "118562.50000000", "time": "2025-07-13T14:10:06.272855Z", "fetched_at": "2025-07-13T14:10:49.051693+00:00", "symbol": "BTC-USD"}, {"trade_id": 848228332, "side": "buy", "size": "0.00001000", "price": "118565.80000000", "time": "2025-07-13T14:10:06.272855Z", "fetched_at": "2025-07-13T14:10:49.051693+00:00", "symbol": "BTC-USD"}, {"trade_id": 848228331, "side": "buy", "size": "0.00001000", "price": "118574.70000000", "time": "2025-07-13T14:10:06.272855Z", "fetched_at": "2025-07-13T14:10:49.051693+00:00", "symbol": "BTC-USD"}, {"trade_id": 848228330, "side": "buy", "size": "0.00001000", "price": "118583.60000000", "time": "2025-07-13T14:10:05.124060Z", "fetched_at": "2025-07-13T14:10:49.051693+00:00", "symbol": "BTC-USD"}, {"trade_id": 848228329, "side": "buy", "size": "0.00008194", "price": "118586.31000000", "time": "2025-07-13T14:10:05.124060Z", "fetched_at": "2025-07-13T14:10:49.051693+00:00", "symbol": "BTC-USD"}, {"trade_id": 848228328, "side": "buy", "size": "0.00156616", "price": "118586.31000000", "time": "2025-07-13T14:10:05.096892Z", "fetched_at": "2025-07-13T14:10:49.051693+00:00", "symbol": "BTC-USD"}, {"trade_id": 848228327, "side": "buy", "size": "0.00008194", "price": "118587.69000000", "time": "2025-07-13T14:10:05.087603Z", "fetched_at": "2025-07-13T14:10:49.051693+00:00", "symbol": "BTC-USD"}, {"trade_id": 848228326, "side": "buy", "size": "0.01527223", "price": "118587.69000000", "time": "2025-07-13T14:10:05.079002Z", "fetched_at": "2025-07-13T14:10:49.051693+00:00", "symbol": "BTC-USD"}, {"trade_id": 848228325, "side": "buy", "size": "0.04599430", "price": "118587.69000000", "time": "2025-07-13T14:10:05.074187Z", "fetched_at": "2025-07-13T14:10:49.051693+00:00", "symbol": "BTC-USD"}, {"trade_id": 848228324, "side": "buy", "size": "0.06417739", "price": "118587.69000000", "time": "2025-07-13T14:10:05.069068Z", "fetched_at": "2025-07-13T14:10:49.051693+00:00", "symbol": "BTC-USD"}, {"trade_id": 848228323, "side": "buy", "size": "0.04900000", "price": "118589.57000000", "time": "2025-07-13T14:10:05.069068Z", "fetched_at": "2025-07-13T14:10:49.051693+00:00", "symbol": "BTC-USD"}, {"trade_id": 848228322, "side": "buy", "size": "0.00001000", "price": "118592.50000000", "time": "2025-07-13T14:10:05.069068Z", "fetched_at": "2025-07-13T14:10:49.051693+00:00", "symbol": "BTC-USD"}, {"trade_id": 848228321, "side": "buy", "size": "0.00555457", "price": "118592.51000000", "time": "2025-07-13T14:10:05.069068Z", "fetched_at": "2025-07-13T14:10:49.051693+00:00", "symbol": "BTC-USD"}, {"trade_id": 848228320, "side": "buy", "size": "0.04900000", "price": "118592.51000000", "time": "2025-07-13T14:10:05.067521Z", "fetched_at": "2025-07-13T14:10:49.051693+00:00", "symbol": "BTC-USD"}, {"trade_id": 848228319, "side": "buy", "size": "0.02979423", "price": "118592.51000000", "time": "2025-07-13T14:10:05.067154Z", "fetched_at": "2025-07-13T14:10:49.051693+00:00", "symbol": "BTC-USD"}, {"trade_id": 848228318, "side": "buy", "size": "0.00001265", "price": "118597.14000000", "time": "2025-07-13T14:10:05.067154Z", "fetched_at": "2025-07-13T14:10:49.051693+00:00", "symbol": "BTC-USD"}, {"trade_id": 848228317, "side": "buy", "size": "0.04600000", "price": "118598.27000000", "time": "2025-07-13T14:10:05.067154Z", "fetched_at": "2025-07-13T14:10:49.051693+00:00", "symbol": "BTC-USD"}, {"trade_id": 848228316, "side": "buy", "size": "0.00843178", "price": "118598.83000000", "time": "2025-07-13T14:10:05.067154Z", "fetched_at": "2025-07-13T14:10:49.051693+00:00", "symbol": "BTC-USD"}, {"trade_id": 848228315, "side": "buy", "size": "0.00001000", "price": "118601.40000000", "time": "2025-07-13T14:10:05.067154Z", "fetched_at": "2025-07-13T14:10:49.051693+00:00", "symbol": "BTC-USD"}, {"trade_id": 848228314, "side": "buy", "size": "0.00008193", "price": "118601.41000000", "time": "2025-07-13T14:10:05.067154Z", "fetched_at": "2025-07-13T14:10:49.051693+00:00", "symbol": "BTC-USD"}, {"trade_id": 848228313, "side": "buy", "size": "0.00002821", "price": "118601.41000000", "time": "2025-07-13T14:10:05.067154Z", "fetched_at": "2025-07-13T14:10:49.051693+00:00", "symbol": "BTC-USD"}, {"trade_id": 848228312, "side": "sell", "size": "0.00041660", "price": "118601.42000000", "time": "2025-07-13T14:10:04.194933Z", "fetched_at": "2025-07-13T14:10:49.051693+00:00", "symbol": "BTC-USD"}, {"trade_id": 848228311, "side": "sell", "size": "0.00038902", "price": "118601.42000000", "time": "2025-07-13T14:10:03.985281Z", "fetched_at": "2025-07-13T14:10:49.051693+00:00", "symbol": "BTC-USD"}, {"trade_id": 848228310, "side": "sell", "size": "0.00006680", "price": "118601.42000000", "time": "2025-07-13T14:10:03.634940Z", "fetched_at": "2025-07-13T14:10:49.051693+00:00", "symbol": "BTC-USD"}, {"trade_id": 848228309, "side": "sell", "size": "0.00008346", "price": "118601.42000000", "time": "2025-07-13T14:10:02.610268Z", "fetched_at": "2025-07-13T14:10:49.051693+00:00", "symbol": "BTC-USD"}, {"trade_id": 848228308, "side": "sell", "size": "0.00004005", "price": "118601.42000000", "time": "2025-07-13T14:10:02.509435Z", "fetched_at": "2025-07-13T14:10:49.051693+00:00", "symbol": "BTC-USD"}, {"trade_id": 848228307, "side": "buy", "size": "0.00040473", "price": "118606.97000000", "time": "2025-07-13T14:10:02.263294Z", "fetched_at": "2025-07-13T14:10:49.051693+00:00", "symbol": "BTC-USD"}, {"trade_id": 848228306, "side": "buy", "size": "0.00135884", "price": "118618.74000000", "time": "2025-07-13T14:10:02.180364Z", "fetched_at": "2025-07-13T14:10:49.051693+00:00", "symbol": "BTC-USD"}, {"trade_id": 848228305, "side": "buy", "size": "0.04449951", "price": "118618.75000000", "time": "2025-07-13T14:10:02.180364Z", "fetched_at": "2025-07-13T14:10:49.051693+00:00", "symbol": "BTC-USD"}, {"trade_id": 848228304, "side": "buy", "size": "0.00008192", "price": "118618.76000000", "time": "2025-07-13T14:10:02.180364Z", "fetched_at": "2025-07-13T14:10:49.051693+00:00", "symbol": "BTC-USD"}, {"trade_id": 848228303, "side": "buy", "size": "0.00000134", "price": "118624.64000000", "time": "2025-07-13T14:10:02.180364Z", "fetched_at": "2025-07-13T14:10:49.051693+00:00", "symbol": "BTC-USD"}, {"trade_id": 848228302, "side": "buy", "size": "0.00000404", "price": "118624.73000000", "time": "2025-07-13T14:10:02.180364Z", "fetched_at": "2025-07-13T14:10:49.051693+00:00", "symbol": "BTC-USD"}, {"trade_id": 848228301, "side": "buy", "size": "0.00002594", "price": "118627.08000000", "time": "2025-07-13T14:10:02.079435Z", "fetched_at": "2025-07-13T14:10:49.051693+00:00", "symbol": "BTC-USD"}, {"trade_id": 848228300, "side": "buy", "size": "0.00085064", "price": "118627.08000000", "time": "2025-07-13T14:10:02.023144Z", "fetched_at": "2025-07-13T14:10:49.051693+00:00", "symbol": "BTC-USD"}, {"trade_id": 848228299, "side": "buy", "size": "0.00009265", "price": "118627.08000000", "time": "2025-07-13T14:10:01.950497Z", "fetched_at": "2025-07-13T14:10:49.051693+00:00", "symbol": "BTC-USD"}, {"trade_id": 848228298, "side": "sell", "size": "0.00832725", "price": "118631.77000000", "time": "2025-07-13T14:10:01.317945Z", "fetched_at": "2025-07-13T14:10:49.051693+00:00", "symbol": "BTC-USD"}, {"trade_id": 848228297, "side": "sell", "size": "0.00001034", "price": "118628.10000000", "time": "2025-07-13T14:10:01.317945Z", "fetched_at": "2025-07-13T14:10:49.051693+00:00", "symbol": "BTC-USD"}, {"trade_id": 848228296, "side": "sell", "size": "0.00001000", "price": "118628.10000000", "time": "2025-07-13T14:10:01.317945Z", "fetched_at": "2025-07-13T14:10:49.051693+00:00", "symbol": "BTC-USD"}, {"trade_id": 848228295, "side": "buy", "size": "0.00008191", "price": "118628.09000000", "time": "2025-07-13T14:10:01.292035Z", "fetched_at": "2025-07-13T14:10:49.051693+00:00", "symbol": "BTC-USD"}, {"trade_id": 848228294, "side": "buy", "size": "0.00008191", "price": "118628.09000000", "time": "2025-07-13T14:10:01.254933Z", "fetched_at": "2025-07-13T14:10:49.051693+00:00", "symbol": "BTC-USD"}, {"trade_id": 848228293, "side": "buy", "size": "0.00008191", "price": "118628.09000000", "time": "2025-07-13T14:10:01.236684Z", "fetched_at": "2025-07-13T14:10:49.051693+00:00", "symbol": "BTC-USD"}, {"trade_id": 848228292, "side": "buy", "size": "0.00008191", "price": "118628.09000000", "time": "2025-07-13T14:10:01.202889Z", "fetched_at": "2025-07-13T14:10:49.051693+00:00", "symbol": "BTC-USD"}, {"trade_id": 848228291, "side": "buy", "size": "0.00008191", "price": "118628.09000000", "time": "2025-07-13T14:10:01.187101Z", "fetched_at": "2025-07-13T14:10:49.051693+00:00", "symbol": "BTC-USD"}, {"trade_id": 848228290, "side": "buy", "size": "0.00008191", "price": "118628.09000000", "time": "2025-07-13T14:10:01.164415Z", "fetched_at": "2025-07-13T14:10:49.051693+00:00", "symbol": "BTC-USD"}, {"trade_id": 848228289, "side": "buy", "size": "0.00008191", "price": "118628.09000000", "time": "2025-07-13T14:10:01.127336Z", "fetched_at": "2025-07-13T14:10:49.051693+00:00", "symbol": "BTC-USD"}, {"trade_id": 848228288, "side": "buy", "size": "0.00008191", "price": "118628.09000000", "time": "2025-07-13T14:10:01.112473Z", "fetched_at": "2025-07-13T14:10:49.051693+00:00", "symbol": "BTC-USD"}, {"trade_id": 848228287, "side": "buy", "size": "0.00008191", "price": "118628.09000000", "time": "2025-07-13T14:10:01.097099Z", "fetched_at": "2025-07-13T14:10:49.051693+00:00", "symbol": "BTC-USD"}, {"trade_id": 848228286, "side": "buy", "size": "0.00008191", "price": "118628.09000000", "time": "2025-07-13T14:10:01.063286Z", "fetched_at": "2025-07-13T14:10:49.051693+00:00", "symbol": "BTC-USD"}, {"trade_id": 848228285, "side": "buy", "size": "0.00008191", "price": "118628.09000000", "time": "2025-07-13T14:10:01.047257Z", "fetched_at": "2025-07-13T14:10:49.051693+00:00", "symbol": "BTC-USD"}, {"trade_id": 848228284, "side": "buy", "size": "0.00008191", "price": "118628.09000000", "time": "2025-07-13T14:10:01.030736Z", "fetched_at": "2025-07-13T14:10:49.051693+00:00", "symbol": "BTC-USD"}, {"trade_id": 848228283, "side": "buy", "size": "0.00118403", "price": "118624.64000000", "time": "2025-07-13T14:10:00.823637Z", "fetched_at": "2025-07-13T14:10:49.051693+00:00", "symbol": "BTC-USD"}, {"trade_id": 848228282, "side": "buy", "size": "0.00008062", "price": "118628.09000000", "time": "2025-07-13T14:10:00.823637Z", "fetched_at": "2025-07-13T14:10:49.051693+00:00", "symbol": "BTC-USD"}, {"trade_id": 848228281, "side": "sell", "size": "0.00012065", "price": "118627.49000000", "time": "2025-07-13T14:10:00.270980Z", "fetched_at": "2025-07-13T14:10:49.051693+00:00", "symbol": "BTC-USD"}, {"trade_id": 848228280, "side": "sell", "size": "0.00002617", "price": "118627.48000000", "time": "2025-07-13T14:10:00.270980Z", "fetched_at": "2025-07-13T14:10:49.051693+00:00", "symbol": "BTC-USD"}, {"trade_id": 848228279, "side": "sell", "size": "0.00001700", "price": "118618.75000000", "time": "2025-07-13T14:10:00.270980Z", "fetched_at": "2025-07-13T14:10:49.051693+00:00", "symbol": "BTC-USD"}, {"trade_id": 848228278, "side": "sell", "size": "0.00003207", "price": "118614.73000000", "time": "2025-07-13T14:09:59.231688Z", "fetched_at": "2025-07-13T14:10:49.051693+00:00", "symbol": "BTC-USD"}, {"trade_id": 848228277, "side": "sell", "size": "0.00172000", "price": "118614.18000000", "time": "2025-07-13T14:09:57.926657Z", "fetched_at": "2025-07-13T14:10:49.051693+00:00", "symbol": "BTC-USD"}, {"trade_id": 848228276, "side": "buy", "size": "0.00000366", "price": "118614.17000000", "time": "2025-07-13T14:09:57.749961Z", "fetched_at": "2025-07-13T14:10:49.051693+00:00", "symbol": "BTC-USD"}, {"trade_id": 848228275, "side": "sell", "size": "0.00102063", "price": "118614.18000000", "time": "2025-07-13T14:09:57.740756Z", "fetched_at": "2025-07-13T14:10:49.051693+00:00", "symbol": "BTC-USD"}, {"trade_id": 848228274, "side": "buy", "size": "0.02092359", "price": "118598.43000000", "time": "2025-07-13T14:09:57.168147Z", "fetched_at": "2025-07-13T14:10:49.051693+00:00", "symbol": "BTC-USD"}, {"trade_id": 848228273, "side": "buy", "size": "0.05335801", "price": "118598.44000000", "time": "2025-07-13T14:09:57.168147Z", "fetched_at": "2025-07-13T14:10:49.051693+00:00", "symbol": "BTC-USD"}, {"trade_id": 848228272, "side": "buy", "size": "0.00008064", "price": "118598.45000000", "time": "2025-07-13T14:09:57.168147Z", "fetched_at": "2025-07-13T14:10:49.051693+00:00", "symbol": "BTC-USD"}, {"trade_id": 848228271, "side": "buy", "size": "0.00001000", "price": "118601.40000000", "time": "2025-07-13T14:09:57.168147Z", "fetched_at": "2025-07-13T14:10:49.051693+00:00", "symbol": "BTC-USD"}, {"trade_id": 848228270, "side": "buy", "size": "0.00499986", "price": "118603.72000000", "time": "2025-07-13T14:09:57.168147Z", "fetched_at": "2025-07-13T14:10:49.051693+00:00", "symbol": "BTC-USD"}, {"trade_id": 848228269, "side": "buy", "size": "0.00174809", "price": "118604.64000000", "time": "2025-07-13T14:09:57.168147Z", "fetched_at": "2025-07-13T14:10:49.051693+00:00", "symbol": "BTC-USD"}, {"trade_id": 848228268, "side": "buy", "size": "0.01605622", "price": "118604.64000000", "time": "2025-07-13T14:09:57.168147Z", "fetched_at": "2025-07-13T14:10:49.051693+00:00", "symbol": "BTC-USD"}, {"trade_id": 848228267, "side": "buy", "size": "0.04600000", "price": "118606.97000000", "time": "2025-07-13T14:09:57.168147Z", "fetched_at": "2025-07-13T14:10:49.051693+00:00", "symbol": "BTC-USD"}, {"trade_id": 848228266, "side": "buy", "size": "0.06449261", "price": "118607.01000000", "time": "2025-07-13T14:09:57.168147Z", "fetched_at": "2025-07-13T14:10:49.051693+00:00", "symbol": "BTC-USD"}, {"trade_id": 848228265, "side": "buy", "size": "0.00290036", "price": "118607.03000000", "time": "2025-07-13T14:09:57.168147Z", "fetched_at": "2025-07-13T14:10:49.051693+00:00", "symbol": "BTC-USD"}, {"trade_id": 848228264, "side": "buy", "size": "0.00843062", "price": "118615.13000000", "time": "2025-07-13T14:09:57.168147Z", "fetched_at": "2025-07-13T14:10:49.051693+00:00", "symbol": "BTC-USD"}, {"trade_id": 848228263, "side": "sell", "size": "0.00001438", "price": "118618.72000000", "time": "2025-07-13T14:09:56.826860Z", "fetched_at": "2025-07-13T14:10:49.051693+00:00", "symbol": "BTC-USD"}, {"trade_id": 848228262, "side": "buy", "size": "0.00191937", "price": "118607.01000000", "time": "2025-07-13T14:09:56.532142Z", "fetched_at": "2025-07-13T14:10:49.051693+00:00", "symbol": "BTC-USD"}, {"trade_id": 848228261, "side": "buy", "size": "0.00008063", "price": "118607.02000000", "time": "2025-07-13T14:09:56.532142Z", "fetched_at": "2025-07-13T14:10:49.051693+00:00", "symbol": "BTC-USD"}, {"trade_id": 848228260, "side": "buy", "size": "0.00008630", "price": "118607.01000000", "time": "2025-07-13T14:09:56.521092Z", "fetched_at": "2025-07-13T14:10:49.051693+00:00", "symbol": "BTC-USD"}, {"trade_id": 848228259, "side": "buy", "size": "0.00000286", "price": "118607.01000000", "time": "2025-07-13T14:09:56.521092Z", "fetched_at": "2025-07-13T14:10:49.051693+00:00", "symbol": "BTC-USD"}, {"trade_id": 848228258, "side": "buy", "size": "0.00000101", "price": "118607.01000000", "time": "2025-07-13T14:09:56.521092Z", "fetched_at": "2025-07-13T14:10:49.051693+00:00", "symbol": "BTC-USD"}, {"trade_id": 848228257, "side": "buy", "size": "0.00000170", "price": "118607.01000000", "time": "2025-07-13T14:09:56.521092Z", "fetched_at": "2025-07-13T14:10:49.051693+00:00", "symbol": "BTC-USD"}, {"trade_id": 848228256, "side": "sell", "size": "0.00013780", "price": "118618.67000000", "time": "2025-07-13T14:09:56.166338Z", "fetched_at": "2025-07-13T14:10:49.051693+00:00", "symbol": "BTC-USD"}, {"trade_id": 848228255, "side": "sell", "size": "0.00002617", "price": "118618.66000000", "time": "2025-07-13T14:09:56.166338Z", "fetched_at": "2025-07-13T14:10:49.051693+00:00", "symbol": "BTC-USD"}, {"trade_id": 848228254, "side": "sell", "size": "0.00003187", "price": "118615.03000000", "time": "2025-07-13T14:09:56.166338Z", "fetched_at": "2025-07-13T14:10:49.051693+00:00", "symbol": "BTC-USD"}, {"trade_id": 848228253, "side": "sell", "size": "0.00012205", "price": "118615.03000000", "time": "2025-07-13T14:09:56.166338Z", "fetched_at": "2025-07-13T14:10:49.051693+00:00", "symbol": "BTC-USD"}, {"trade_id": 848228252, "side": "sell", "size": "0.00009911", "price": "118615.02000000", "time": "2025-07-13T14:09:56.166338Z", "fetched_at": "2025-07-13T14:10:49.051693+00:00", "symbol": "BTC-USD"}, {"trade_id": 848228251, "side": "sell", "size": "0.00013843", "price": "118614.92000000", "time": "2025-07-13T14:09:56.166338Z", "fetched_at": "2025-07-13T14:10:49.051693+00:00", "symbol": "BTC-USD"}, {"trade_id": 848228250, "side": "sell", "size": "0.00018457", "price": "118614.90000000", "time": "2025-07-13T14:09:56.166338Z", "fetched_at": "2025-07-13T14:10:49.051693+00:00", "symbol": "BTC-USD"}, {"trade_id": 848228249, "side": "buy", "size": "0.00832680", "price": "118606.98000000", "time": "2025-07-13T14:09:55.697289Z", "fetched_at": "2025-07-13T14:10:49.051693+00:00", "symbol": "BTC-USD"}, {"trade_id": 848228248, "side": "buy", "size": "0.00008063", "price": "118606.99000000", "time": "2025-07-13T14:09:55.697289Z", "fetched_at": "2025-07-13T14:10:49.051693+00:00", "symbol": "BTC-USD"}, {"trade_id": 848228247, "side": "buy", "size": "0.00007852", "price": "118610.30000000", "time": "2025-07-13T14:09:55.697289Z", "fetched_at": "2025-07-13T14:10:49.051693+00:00", "symbol": "BTC-USD"}, {"trade_id": 848228246, "side": "buy", "size": "0.00001391", "price": "118610.30000000", "time": "2025-07-13T14:09:55.697289Z", "fetched_at": "2025-07-13T14:10:49.051693+00:00", "symbol": "BTC-USD"}, {"trade_id": 848228245, "side": "buy", "size": "0.00000472", "price": "118610.30000000", "time": "2025-07-13T14:09:55.697289Z", "fetched_at": "2025-07-13T14:10:49.051693+00:00", "symbol": "BTC-USD"}, {"trade_id": 848228244, "side": "buy", "size": "0.00001000", "price": "118610.30000000", "time": "2025-07-13T14:09:55.697289Z", "fetched_at": "2025-07-13T14:10:49.051693+00:00", "symbol": "BTC-USD"}, {"trade_id": 848228243, "side": "sell", "size": "0.00414669", "price": "118618.73000000", "time": "2025-07-13T14:09:54.405872Z", "fetched_at": "2025-07-13T14:10:49.051693+00:00", "symbol": "BTC-USD"}, {"trade_id": 848228242, "side": "sell", "size": "0.00002617", "price": "118615.68000000", "time": "2025-07-13T14:09:54.405872Z", "fetched_at": "2025-07-13T14:10:49.051693+00:00", "symbol": "BTC-USD"}, {"trade_id": 848228241, "side": "buy", "size": "0.01955643", "price": "118615.67000000", "time": "2025-07-13T14:09:54.313482Z", "fetched_at": "2025-07-13T14:10:49.051693+00:00", "symbol": "BTC-USD"}, {"trade_id": 848228240, "side": "buy", "size": "0.00000109", "price": "118616.05000000", "time": "2025-07-13T14:09:54.313482Z", "fetched_at": "2025-07-13T14:10:49.051693+00:00", "symbol": "BTC-USD"}, {"trade_id": 848228239, "side": "buy", "size": "0.00003141", "price": "118616.05000000", "time": "2025-07-13T14:09:54.313482Z", "fetched_at": "2025-07-13T14:10:49.051693+00:00", "symbol": "BTC-USD"}, {"trade_id": 848228238, "side": "buy", "size": "0.00000354", "price": "118616.05000000", "time": "2025-07-13T14:09:54.313482Z", "fetched_at": "2025-07-13T14:10:49.051693+00:00", "symbol": "BTC-USD"}, {"trade_id": 848228237, "side": "buy", "size": "0.04203614", "price": "118618.73000000", "time": "2025-07-13T14:09:54.313482Z", "fetched_at": "2025-07-13T14:10:49.051693+00:00", "symbol": "BTC-USD"}, {"trade_id": 848228236, "side": "buy", "size": "0.00816925", "price": "118618.74000000", "time": "2025-07-13T14:09:54.313482Z", "fetched_at": "2025-07-13T14:10:49.051693+00:00", "symbol": "BTC-USD"}, {"trade_id": 848228235, "side": "buy", "size": "0.00026112", "price": "118618.74000000", "time": "2025-07-13T14:09:53.519944Z", "fetched_at": "2025-07-13T14:10:49.051693+00:00", "symbol": "BTC-USD"}, {"trade_id": 848228234, "side": "sell", "size": "0.00185122", "price": "118625.11000000", "time": "2025-07-13T14:09:53.316296Z", "fetched_at": "2025-07-13T14:10:49.051693+00:00", "symbol": "BTC-USD"}, {"trade_id": 848228233, "side": "sell", "size": "0.00002611", "price": "118618.74000000", "time": "2025-07-13T14:09:53.316296Z", "fetched_at": "2025-07-13T14:10:49.051693+00:00", "symbol": "BTC-USD"}, {"trade_id": 848228232, "side": "sell", "size": "0.01478000", "price": "118618.74000000", "time": "2025-07-13T14:09:53.316296Z", "fetched_at": "2025-07-13T14:10:49.051693+00:00", "symbol": "BTC-USD"}, {"trade_id": 848228231, "side": "buy", "size": "0.00017217", "price": "118620.35000000", "time": "2025-07-13T14:09:51.819188Z", "fetched_at": "2025-07-13T14:10:49.051693+00:00", "symbol": "BTC-USD"}, {"trade_id": 848228230, "side": "buy", "size": "0.00008062", "price": "118620.47000000", "time": "2025-07-13T14:09:51.819188Z", "fetched_at": "2025-07-13T14:10:49.051693+00:00", "symbol": "BTC-USD"}, {"trade_id": 848228229, "side": "sell", "size": "0.00834607", "price": "118627.47000000", "time": "2025-07-13T14:09:51.660512Z", "fetched_at": "2025-07-13T14:10:49.051693+00:00", "symbol": "BTC-USD"}, {"trade_id": 848228228, "side": "buy", "size": "0.00002057", "price": "118624.58000000", "time": "2025-07-13T14:09:51.233865Z", "fetched_at": "2025-07-13T14:10:49.051693+00:00", "symbol": "BTC-USD"}, {"trade_id": 848228227, "side": "buy", "size": "0.00010630", "price": "118624.58000000", "time": "2025-07-13T14:09:51.190380Z", "fetched_at": "2025-07-13T14:10:49.051693+00:00", "symbol": "BTC-USD"}, {"trade_id": 848228226, "side": "sell", "size": "0.00000008", "price": "118625.91000000", "time": "2025-07-13T14:09:49.386938Z", "fetched_at": "2025-07-13T14:10:49.051693+00:00", "symbol": "BTC-USD"}, {"trade_id": 848228225, "side": "sell", "size": "0.00000008", "price": "118627.46000000", "time": "2025-07-13T14:09:49.228132Z", "fetched_at": "2025-07-13T14:10:49.051693+00:00", "symbol": "BTC-USD"}, {"trade_id": 848228224, "side": "sell", "size": "0.00008708", "price": "118620.05000000", "time": "2025-07-13T14:09:48.236288Z", "fetched_at": "2025-07-13T14:10:49.051693+00:00", "symbol": "BTC-USD"}, {"trade_id": 848228223, "side": "buy", "size": "0.03201644", "price": "118633.88000000", "time": "2025-07-13T14:09:48.061161Z", "fetched_at": "2025-07-13T14:10:49.051693+00:00", "symbol": "BTC-USD"}, {"trade_id": 848228222, "side": "buy", "size": "0.01215762", "price": "118633.88000000", "time": "2025-07-13T14:09:48.058954Z", "fetched_at": "2025-07-13T14:10:49.051693+00:00", "symbol": "BTC-USD"}, {"trade_id": 848228221, "side": "buy", "size": "0.02778474", "price": "118636.99000000", "time": "2025-07-13T14:09:47.979097Z", "fetched_at": "2025-07-13T14:10:49.051693+00:00", "symbol": "BTC-USD"}, {"trade_id": 848228220, "side": "buy", "size": "0.01858372", "price": "118636.99000000", "time": "2025-07-13T14:09:47.978787Z", "fetched_at": "2025-07-13T14:10:49.051693+00:00", "symbol": "BTC-USD"}, {"trade_id": 848228219, "side": "sell", "size": "0.00000008", "price": "118637.00000000", "time": "2025-07-13T14:09:47.118409Z", "fetched_at": "2025-07-13T14:10:49.051693+00:00", "symbol": "BTC-USD"}, {"trade_id": 848228218, "side": "sell", "size": "0.00003318", "price": "118632.67000000", "time": "2025-07-13T14:09:46.727957Z", "fetched_at": "2025-07-13T14:10:49.051693+00:00", "symbol": "BTC-USD"}, {"trade_id": 848228217, "side": "sell", "size": "0.09206944", "price": "118632.66000000", "time": "2025-07-13T14:09:46.671793Z", "fetched_at": "2025-07-13T14:10:49.051693+00:00", "symbol": "BTC-USD"}, {"trade_id": 848228216, "side": "sell", "size": "0.04117308", "price": "118632.65000000", "time": "2025-07-13T14:09:46.671793Z", "fetched_at": "2025-07-13T14:10:49.051693+00:00", "symbol": "BTC-USD"}, {"trade_id": 848228215, "side": "sell", "size": "0.01713404", "price": "118632.68000000", "time": "2025-07-13T14:09:46.651760Z", "fetched_at": "2025-07-13T14:10:49.051693+00:00", "symbol": "BTC-USD"}, {"trade_id": 848228214, "side": "sell", "size": "0.00347923", "price": "118632.68000000", "time": "2025-07-13T14:09:46.651716Z", "fetched_at": "2025-07-13T14:10:49.051693+00:00", "symbol": "BTC-USD"}, {"trade_id": 848228213, "side": "sell", "size": "0.03500000", "price": "118632.67000000", "time": "2025-07-13T14:09:46.651716Z", "fetched_at": "2025-07-13T14:10:49.051693+00:00", "symbol": "BTC-USD"}, {"trade_id": 848228212, "side": "sell", "size": "0.00003318", "price": "118632.66000000", "time": "2025-07-13T14:09:46.651716Z", "fetched_at": "2025-07-13T14:10:49.051693+00:00", "symbol": "BTC-USD"}, {"trade_id": 848228211, "side": "sell", "size": "0.00000202", "price": "118630.05000000", "time": "2025-07-13T14:09:46.651375Z", "fetched_at": "2025-07-13T14:10:49.051693+00:00", "symbol": "BTC-USD"}, {"trade_id": 848228210, "side": "sell", "size": "0.00842957", "price": "118629.97000000", "time": "2025-07-13T14:09:46.651375Z", "fetched_at": "2025-07-13T14:10:49.051693+00:00", "symbol": "BTC-USD"}, {"trade_id": 848228209, "side": "sell", "size": "0.06562865", "price": "118622.31000000", "time": "2025-07-13T14:09:46.650237Z", "fetched_at": "2025-07-13T14:10:49.051693+00:00", "symbol": "BTC-USD"}, {"trade_id": 848228208, "side": "sell", "size": "0.03937719", "price": "118622.30000000", "time": "2025-07-13T14:09:46.650237Z", "fetched_at": "2025-07-13T14:10:49.051693+00:00", "symbol": "BTC-USD"}, {"trade_id": 848228207, "side": "sell", "size": "0.00000421", "price": "118618.78000000", "time": "2025-07-13T14:09:46.650147Z", "fetched_at": "2025-07-13T14:10:49.051693+00:00", "symbol": "BTC-USD"}, {"trade_id": 848228206, "side": "sell", "size": "0.00000367", "price": "118618.77000000", "time": "2025-07-13T14:09:46.650147Z", "fetched_at": "2025-07-13T14:10:49.051693+00:00", "symbol": "BTC-USD"}, {"trade_id": 848228205, "side": "sell", "size": "0.02778661", "price": "118618.77000000", "time": "2025-07-13T14:09:46.650147Z", "fetched_at": "2025-07-13T14:10:49.051693+00:00", "symbol": "BTC-USD"}, {"trade_id": 848228204, "side": "buy", "size": "0.00087354", "price": "118618.74000000", "time": "2025-07-13T14:09:45.866197Z", "fetched_at": "2025-07-13T14:10:49.051693+00:00", "symbol": "BTC-USD"}, {"trade_id": 848228203, "side": "sell", "size": "0.00001033", "price": "118618.73000000", "time": "2025-07-13T14:09:45.569068Z", "fetched_at": "2025-07-13T14:10:49.051693+00:00", "symbol": "BTC-USD"}, {"trade_id": 848228202, "side": "sell", "size": "0.00004471", "price": "118618.77000000", "time": "2025-07-13T14:09:44.930127Z", "fetched_at": "2025-07-13T14:10:49.051693+00:00", "symbol": "BTC-USD"}, {"trade_id": 848228201, "side": "sell", "size": "0.00002841", "price": "118618.76000000", "time": "2025-07-13T14:09:44.930127Z", "fetched_at": "2025-07-13T14:10:49.051693+00:00", "symbol": "BTC-USD"}, {"trade_id": 848228200, "side": "sell", "size": "0.00001034", "price": "118618.73000000", "time": "2025-07-13T14:09:44.930127Z", "fetched_at": "2025-07-13T14:10:49.051693+00:00", "symbol": "BTC-USD"}, {"trade_id": 848228199, "side": "buy", "size": "0.00673871", "price": "118618.72000000", "time": "2025-07-13T14:09:44.713717Z", "fetched_at": "2025-07-13T14:10:49.051693+00:00", "symbol": "BTC-USD"}, {"trade_id": 848228198, "side": "buy", "size": "0.00003773", "price": "118618.72000000", "time": "2025-07-13T14:09:44.713717Z", "fetched_at": "2025-07-13T14:10:49.051693+00:00", "symbol": "BTC-USD"}, {"trade_id": 848228197, "side": "sell", "size": "0.00079964", "price": "118618.73000000", "time": "2025-07-13T14:09:43.838407Z", "fetched_at": "2025-07-13T14:10:49.051693+00:00", "symbol": "BTC-USD"}, {"trade_id": 848228196, "side": "buy", "size": "0.00127730", "price": "118618.72000000", "time": "2025-07-13T14:09:43.569870Z", "fetched_at": "2025-07-13T14:10:49.051693+00:00", "symbol": "BTC-USD"}, {"trade_id": 848228195, "side": "sell", "size": "0.00057101", "price": "118618.73000000", "time": "2025-07-13T14:09:42.814319Z", "fetched_at": "2025-07-13T14:10:49.051693+00:00", "symbol": "BTC-USD"}, {"trade_id": 848228194, "side": "sell", "size": "0.00017536", "price": "118618.73000000", "time": "2025-07-13T14:09:42.162078Z", "fetched_at": "2025-07-13T14:10:49.051693+00:00", "symbol": "BTC-USD"}, {"trade_id": 848228193, "side": "sell", "size": "0.00001028", "price": "118618.73000000", "time": "2025-07-13T14:09:42.162078Z", "fetched_at": "2025-07-13T14:10:49.051693+00:00", "symbol": "BTC-USD"}, {"trade_id": 848228192, "side": "buy", "size": "0.00025482", "price": "118618.72000000", "time": "2025-07-13T14:09:41.483840Z", "fetched_at": "2025-07-13T14:10:49.051693+00:00", "symbol": "BTC-USD"}, {"trade_id": 848228191, "side": "sell", "size": "0.00000005", "price": "118618.73000000", "time": "2025-07-13T14:09:40.264972Z", "fetched_at": "2025-07-13T14:10:49.051693+00:00", "symbol": "BTC-USD"}, {"trade_id": 848228190, "side": "buy", "size": "0.00085147", "price": "118618.72000000", "time": "2025-07-13T14:09:39.308421Z", "fetched_at": "2025-07-13T14:10:49.051693+00:00", "symbol": "BTC-USD"}, {"trade_id": 848228189, "side": "sell", "size": "0.00800000", "price": "118616.06000000", "time": "2025-07-13T14:09:36.643315Z", "fetched_at": "2025-07-13T14:10:49.051693+00:00", "symbol": "BTC-USD"}, {"trade_id": 848228188, "side": "sell", "size": "0.00012000", "price": "118616.06000000", "time": "2025-07-13T14:09:36.150760Z", "fetched_at": "2025-07-13T14:10:49.051693+00:00", "symbol": "BTC-USD"}, {"trade_id": 848228187, "side": "sell", "size": "0.00079956", "price": "118617.84000000", "time": "2025-07-13T14:09:35.032442Z", "fetched_at": "2025-07-13T14:10:49.051693+00:00", "symbol": "BTC-USD"}, {"trade_id": 848228186, "side": "sell", "size": "0.00834462", "price": "118618.73000000", "time": "2025-07-13T14:09:34.247547Z", "fetched_at": "2025-07-13T14:10:49.051693+00:00", "symbol": "BTC-USD"}, {"trade_id": 848228185, "side": "sell", "size": "0.00079964", "price": "118618.72000000", "time": "2025-07-13T14:09:34.146173Z", "fetched_at": "2025-07-13T14:10:49.051693+00:00", "symbol": "BTC-USD"}, {"trade_id": 848228184, "side": "buy", "size": "0.00008404", "price": "118618.06000000", "time": "2025-07-13T14:09:33.613963Z", "fetched_at": "2025-07-13T14:10:49.051693+00:00", "symbol": "BTC-USD"}, {"trade_id": 848228183, "side": "sell", "size": "0.00048499", "price": "118618.73000000", "time": "2025-07-13T14:09:33.189499Z", "fetched_at": "2025-07-13T14:10:49.051693+00:00", "symbol": "BTC-USD"}, {"trade_id": 848228182, "side": "sell", "size": "0.00001501", "price": "118618.72000000", "time": "2025-07-13T14:09:33.189499Z", "fetched_at": "2025-07-13T14:10:49.051693+00:00", "symbol": "BTC-USD"}, {"trade_id": 848228181, "side": "buy", "size": "0.01014319", "price": "118610.99000000", "time": "2025-07-13T14:09:32.649814Z", "fetched_at": "2025-07-13T14:10:49.051693+00:00", "symbol": "BTC-USD"}, {"trade_id": 848228180, "side": "buy", "size": "0.00005885", "price": "118618.76000000", "time": "2025-07-13T14:09:32.649814Z", "fetched_at": "2025-07-13T14:10:49.051693+00:00", "symbol": "BTC-USD"}, {"trade_id": 848228179, "side": "buy", "size": "0.00004153", "price": "118610.99000000", "time": "2025-07-13T14:09:32.064625Z", "fetched_at": "2025-07-13T14:10:49.051693+00:00", "symbol": "BTC-USD"}, {"trade_id": 848228178, "side": "buy", "size": "0.00005424", "price": "118618.76000000", "time": "2025-07-13T14:09:32.064625Z", "fetched_at": "2025-07-13T14:10:49.051693+00:00", "symbol": "BTC-USD"}, {"trade_id": 848228177, "side": "buy", "size": "0.00000118", "price": "118618.77000000", "time": "2025-07-13T14:09:31.909549Z", "fetched_at": "2025-07-13T14:10:49.051693+00:00", "symbol": "BTC-USD"}, {"trade_id": 848228176, "side": "buy", "size": "0.00000345", "price": "118618.77000000", "time": "2025-07-13T14:09:31.909549Z", "fetched_at": "2025-07-13T14:10:49.051693+00:00", "symbol": "BTC-USD"}, {"trade_id": 848228175, "side": "buy", "size": "0.00002915", "price": "118618.77000000", "time": "2025-07-13T14:09:31.909549Z", "fetched_at": "2025-07-13T14:10:49.051693+00:00", "symbol": "BTC-USD"}, {"trade_id": 848228174, "side": "sell", "size": "0.04506872", "price": "118618.78000000", "time": "2025-07-13T14:09:30.774502Z", "fetched_at": "2025-07-13T14:10:49.051693+00:00", "symbol": "BTC-USD"}, {"trade_id": 848228173, "side": "sell", "size": "0.00039971", "price": "118618.78000000", "time": "2025-07-13T14:09:30.720860Z", "fetched_at": "2025-07-13T14:10:49.051693+00:00", "symbol": "BTC-USD"}, {"trade_id": 848228172, "side": "sell", "size": "0.00002785", "price": "118618.78000000", "time": "2025-07-13T14:09:30.627011Z", "fetched_at": "2025-07-13T14:10:49.051693+00:00", "symbol": "BTC-USD"}, {"trade_id": 848228171, "side": "sell", "size": "0.00004173", "price": "118621.91000000", "time": "2025-07-13T14:09:30.321299Z", "fetched_at": "2025-07-13T14:10:49.051693+00:00", "symbol": "BTC-USD"}, {"trade_id": 848228170, "side": "sell", "size": "0.00272195", "price": "118621.91000000", "time": "2025-07-13T14:09:30.240612Z", "fetched_at": "2025-07-13T14:10:49.051693+00:00", "symbol": "BTC-USD"}, {"trade_id": 848228169, "side": "sell", "size": "0.00416269", "price": "118625.78000000", "time": "2025-07-13T14:09:30.128767Z", "fetched_at": "2025-07-13T14:10:49.051693+00:00", "symbol": "BTC-USD"}, {"trade_id": 848228168, "side": "sell", "size": "0.00001034", "price": "118622.47000000", "time": "2025-07-13T14:09:30.128767Z", "fetched_at": "2025-07-13T14:10:49.051693+00:00", "symbol": "BTC-USD"}, {"trade_id": 848228167, "side": "sell", "size": "0.00081911", "price": "118622.47000000", "time": "2025-07-13T14:09:28.543509Z", "fetched_at": "2025-07-13T14:10:49.051693+00:00", "symbol": "BTC-USD"}, {"trade_id": 848228166, "side": "sell", "size": "0.00006506", "price": "118622.47000000", "time": "2025-07-13T14:09:28.474289Z", "fetched_at": "2025-07-13T14:10:49.051693+00:00", "symbol": "BTC-USD"}, {"trade_id": 848228165, "side": "sell", "size": "0.00001033", "price": "118618.78000000", "time": "2025-07-13T14:09:28.474289Z", "fetched_at": "2025-07-13T14:10:49.051693+00:00", "symbol": "BTC-USD"}, {"trade_id": 848228164, "side": "sell", "size": "0.02249176", "price": "118618.78000000", "time": "2025-07-13T14:09:27.727430Z", "fetched_at": "2025-07-13T14:10:49.051693+00:00", "symbol": "BTC-USD"}, {"trade_id": 848228163, "side": "buy", "size": "0.00001796", "price": "118618.77000000", "time": "2025-07-13T14:09:27.480980Z", "fetched_at": "2025-07-13T14:10:49.051693+00:00", "symbol": "BTC-USD"}, {"trade_id": 848228162, "side": "buy", "size": "0.00001045", "price": "118618.77000000", "time": "2025-07-13T14:09:27.480980Z", "fetched_at": "2025-07-13T14:10:49.051693+00:00", "symbol": "BTC-USD"}, {"trade_id": 848228161, "side": "buy", "size": "0.00000236", "price": "118618.77000000", "time": "2025-07-13T14:09:27.480980Z", "fetched_at": "2025-07-13T14:10:49.051693+00:00", "symbol": "BTC-USD"}, {"trade_id": 848228160, "side": "sell", "size": "0.00000207", "price": "118618.78000000", "time": "2025-07-13T14:09:27.346045Z", "fetched_at": "2025-07-13T14:10:49.051693+00:00", "symbol": "BTC-USD"}, {"trade_id": 848228159, "side": "buy", "size": "0.00535133", "price": "118611.89000000", "time": "2025-07-13T14:09:23.674686Z", "fetched_at": "2025-07-13T14:10:49.051693+00:00", "symbol": "BTC-USD"}, {"trade_id": 848228158, "side": "buy", "size": "0.00843050", "price": "118616.86000000", "time": "2025-07-13T14:09:23.674686Z", "fetched_at": "2025-07-13T14:10:49.051693+00:00", "symbol": "BTC-USD"}, {"trade_id": 848228157, "side": "buy", "size": "0.00005238", "price": "118616.87000000", "time": "2025-07-13T14:09:23.674686Z", "fetched_at": "2025-07-13T14:10:49.051693+00:00", "symbol": "BTC-USD"}, {"trade_id": 848228156, "side": "buy", "size": "0.00519458", "price": "118622.87000000", "time": "2025-07-13T14:09:22.936777Z", "fetched_at": "2025-07-13T14:10:49.051693+00:00", "symbol": "BTC-USD"}, {"trade_id": 848228155, "side": "buy", "size": "0.03551581", "price": "118622.87000000", "time": "2025-07-13T14:09:22.936637Z", "fetched_at": "2025-07-13T14:10:49.051693+00:00", "symbol": "BTC-USD"}, {"trade_id": 848228154, "side": "buy", "size": "0.00504283", "price": "118624.34000000", "time": "2025-07-13T14:09:22.936637Z", "fetched_at": "2025-07-13T14:10:49.051693+00:00", "symbol": "BTC-USD"}, {"trade_id": 848228153, "side": "buy", "size": "0.00008062", "price": "118626.38000000", "time": "2025-07-13T14:09:22.936637Z", "fetched_at": "2025-07-13T14:10:49.051693+00:00", "symbol": "BTC-USD"}, {"trade_id": 848228152, "side": "buy", "size": "0.00000118", "price": "118626.38000000", "time": "2025-07-13T14:09:22.936637Z", "fetched_at": "2025-07-13T14:10:49.051693+00:00", "symbol": "BTC-USD"}, {"trade_id": 848228151, "side": "buy", "size": "0.00001736", "price": "118626.38000000", "time": "2025-07-13T14:09:22.936637Z", "fetched_at": "2025-07-13T14:10:49.051693+00:00", "symbol": "BTC-USD"}, {"trade_id": 848228150, "side": "buy", "size": "0.00005259", "price": "118626.38000000", "time": "2025-07-13T14:09:22.936637Z", "fetched_at": "2025-07-13T14:10:49.051693+00:00", "symbol": "BTC-USD"}, {"trade_id": 848228149, "side": "buy", "size": "0.04854563", "price": "118627.91000000", "time": "2025-07-13T14:09:22.871905Z", "fetched_at": "2025-07-13T14:10:49.051693+00:00", "symbol": "BTC-USD"}, {"trade_id": 848228148, "side": "buy", "size": "0.01387607", "price": "118627.91000000", "time": "2025-07-13T14:09:22.871655Z", "fetched_at": "2025-07-13T14:10:49.051693+00:00", "symbol": "BTC-USD"}, {"trade_id": 848228147, "side": "buy", "size": "0.04081315", "price": "118628.26000000", "time": "2025-07-13T14:09:22.871655Z", "fetched_at": "2025-07-13T14:10:49.051693+00:00", "symbol": "BTC-USD"}, {"trade_id": 848228146, "side": "buy", "size": "0.00268769", "price": "118628.26000000", "time": "2025-07-13T14:09:22.868255Z", "fetched_at": "2025-07-13T14:10:49.051693+00:00", "symbol": "BTC-USD"}, {"trade_id": 848228145, "side": "buy", "size": "0.04350084", "price": "118630.04000000", "time": "2025-07-13T14:09:22.868255Z", "fetched_at": "2025-07-13T14:10:49.051693+00:00", "symbol": "BTC-USD"}, {"trade_id": 848228144, "side": "buy", "size": "0.00842956", "price": "118630.04000000", "time": "2025-07-13T14:09:22.868255Z", "fetched_at": "2025-07-13T14:10:49.051693+00:00", "symbol": "BTC-USD"}, {"trade_id": 848228143, "side": "buy", "size": "0.00008061", "price": "118630.04000000", "time": "2025-07-13T14:09:22.868255Z", "fetched_at": "2025-07-13T14:10:49.051693+00:00", "symbol": "BTC-USD"}, {"trade_id": 848228142, "side": "buy", "size": "0.00085141", "price": "118630.04000000", "time": "2025-07-13T14:09:22.549714Z", "fetched_at": "2025-07-13T14:10:49.051693+00:00", "symbol": "BTC-USD"}, {"trade_id": 848228141, "side": "sell", "size": "0.00016690", "price": "118630.05000000", "time": "2025-07-13T14:09:22.055604Z", "fetched_at": "2025-07-13T14:10:49.051693+00:00", "symbol": "BTC-USD"}, {"trade_id": 848228140, "side": "sell", "size": "0.00018844", "price": "118630.05000000", "time": "2025-07-13T14:09:21.444237Z", "fetched_at": "2025-07-13T14:10:49.051693+00:00", "symbol": "BTC-USD"}, {"trade_id": 848228139, "side": "sell", "size": "0.00003965", "price": "118630.05000000", "time": "2025-07-13T14:09:21.352118Z", "fetched_at": "2025-07-13T14:10:49.051693+00:00", "symbol": "BTC-USD"}, {"trade_id": 848228138, "side": "buy", "size": "0.00003161", "price": "118630.04000000", "time": "2025-07-13T14:09:21.194502Z", "fetched_at": "2025-07-13T14:10:49.051693+00:00", "symbol": "BTC-USD"}, {"trade_id": 848228137, "side": "sell", "size": "0.00002839", "price": "118630.04000000", "time": "2025-07-13T14:09:19.366880Z", "fetched_at": "2025-07-13T14:10:49.051693+00:00", "symbol": "BTC-USD"}, {"trade_id": 848228136, "side": "sell", "size": "0.00002839", "price": "118630.04000000", "time": "2025-07-13T14:09:19.355890Z", "fetched_at": "2025-07-13T14:10:49.051693+00:00", "symbol": "BTC-USD"}, {"trade_id": 848228135, "side": "sell", "size": "0.00002839", "price": "118630.04000000", "time": "2025-07-13T14:09:19.346813Z", "fetched_at": "2025-07-13T14:10:49.051693+00:00", "symbol": "BTC-USD"}, {"trade_id": 848228134, "side": "sell", "size": "0.00002839", "price": "118630.03000000", "time": "2025-07-13T14:09:19.295470Z", "fetched_at": "2025-07-13T14:10:49.051693+00:00", "symbol": "BTC-USD"}, {"trade_id": 848228133, "side": "sell", "size": "0.00002839", "price": "118630.03000000", "time": "2025-07-13T14:09:19.284049Z", "fetched_at": "2025-07-13T14:10:49.051693+00:00", "symbol": "BTC-USD"}, {"trade_id": 848228132, "side": "sell", "size": "0.00002839", "price": "118629.50000000", "time": "2025-07-13T14:09:19.275386Z", "fetched_at": "2025-07-13T14:10:49.051693+00:00", "symbol": "BTC-USD"}, {"trade_id": 848228131, "side": "sell", "size": "0.00002972", "price": "118629.15000000", "time": "2025-07-13T14:09:19.264342Z", "fetched_at": "2025-07-13T14:10:49.051693+00:00", "symbol": "BTC-USD"}, {"trade_id": 848228130, "side": "sell", "size": "0.00002972", "price": "118629.15000000", "time": "2025-07-13T14:09:19.255357Z", "fetched_at": "2025-07-13T14:10:49.051693+00:00", "symbol": "BTC-USD"}, {"trade_id": 848228129, "side": "sell", "size": "0.00002972", "price": "118630.39000000", "time": "2025-07-13T14:09:19.244851Z", "fetched_at": "2025-07-13T14:10:49.051693+00:00", "symbol": "BTC-USD"}, {"trade_id": 848228128, "side": "sell", "size": "0.00002972", "price": "118631.30000000", "time": "2025-07-13T14:09:19.236553Z", "fetched_at": "2025-07-13T14:10:49.051693+00:00", "symbol": "BTC-USD"}, {"trade_id": 848228127, "side": "sell", "size": "0.00002972", "price": "118630.95000000", "time": "2025-07-13T14:09:19.225375Z", "fetched_at": "2025-07-13T14:10:49.051693+00:00", "symbol": "BTC-USD"}, {"trade_id": 848228126, "side": "sell", "size": "0.00002954", "price": "118630.86000000", "time": "2025-07-13T14:09:19.207031Z", "fetched_at": "2025-07-13T14:10:49.051693+00:00", "symbol": "BTC-USD"}, {"trade_id": 848228125, "side": "sell", "size": "0.00002954", "price": "118629.15000000", "time": "2025-07-13T14:09:19.188478Z", "fetched_at": "2025-07-13T14:10:49.051693+00:00", "symbol": "BTC-USD"}, {"trade_id": 848228124, "side": "sell", "size": "0.00002954", "price": "118627.93000000", "time": "2025-07-13T14:09:19.177462Z", "fetched_at": "2025-07-13T14:10:49.051693+00:00", "symbol": "BTC-USD"}, {"trade_id": 848228123, "side": "sell", "size": "0.00002954", "price": "118630.42000000", "time": "2025-07-13T14:09:19.167799Z", "fetched_at": "2025-07-13T14:10:49.051693+00:00", "symbol": "BTC-USD"}, {"trade_id": 848228122, "side": "sell", "size": "0.00040956", "price": "118644.24000000", "time": "2025-07-13T14:09:19.161477Z", "fetched_at": "2025-07-13T14:10:49.051693+00:00", "symbol": "BTC-USD"}, {"trade_id": 848228121, "side": "sell", "size": "0.00002954", "price": "118627.92000000", "time": "2025-07-13T14:09:19.159041Z", "fetched_at": "2025-07-13T14:10:49.051693+00:00", "symbol": "BTC-USD"}, {"trade_id": 848228120, "side": "sell", "size": "0.00002954", "price": "118627.32000000", "time": "2025-07-13T14:09:19.129501Z", "fetched_at": "2025-07-13T14:10:49.051693+00:00", "symbol": "BTC-USD"}, {"trade_id": 848228119, "side": "sell", "size": "0.00002954", "price": "118629.58000000", "time": "2025-07-13T14:09:19.110273Z", "fetched_at": "2025-07-13T14:10:49.051693+00:00", "symbol": "BTC-USD"}, {"trade_id": 848228118, "side": "sell", "size": "0.00002954", "price": "118629.53000000", "time": "2025-07-13T14:09:19.100016Z", "fetched_at": "2025-07-13T14:10:49.051693+00:00", "symbol": "BTC-USD"}, {"trade_id": 848228117, "side": "sell", "size": "0.00002954", "price": "118629.25000000", "time": "2025-07-13T14:09:19.089238Z", "fetched_at": "2025-07-13T14:10:49.051693+00:00", "symbol": "BTC-USD"}, {"trade_id": 848228116, "side": "sell", "size": "0.00002954", "price": "118629.25000000", "time": "2025-07-13T14:09:19.079698Z", "fetched_at": "2025-07-13T14:10:49.051693+00:00", "symbol": "BTC-USD"}, {"trade_id": 848228115, "side": "sell", "size": "0.00002954", "price": "118629.25000000", "time": "2025-07-13T14:09:19.069222Z", "fetched_at": "2025-07-13T14:10:49.051693+00:00", "symbol": "BTC-USD"}, {"trade_id": 848228114, "side": "sell", "size": "0.00001034", "price": "118629.25000000", "time": "2025-07-13T14:09:19.019650Z", "fetched_at": "2025-07-13T14:10:49.051693+00:00", "symbol": "BTC-USD"}, {"trade_id": 848228113, "side": "sell", "size": "0.00002961", "price": "118629.24000000", "time": "2025-07-13T14:09:19.019650Z", "fetched_at": "2025-07-13T14:10:49.051693+00:00", "symbol": "BTC-USD"}, {"trade_id": 848228112, "side": "sell", "size": "0.05731092", "price": "118645.35000000", "time": "2025-07-13T14:09:18.782278Z", "fetched_at": "2025-07-13T14:10:49.051693+00:00", "symbol": "BTC-USD"}, {"trade_id": 848228111, "side": "sell", "size": "0.00002991", "price": "118629.24000000", "time": "2025-07-13T14:09:18.782278Z", "fetched_at": "2025-07-13T14:10:49.051693+00:00", "symbol": "BTC-USD"}, {"trade_id": 848228110, "side": "sell", "size": "0.00002991", "price": "118627.21000000", "time": "2025-07-13T14:09:18.673781Z", "fetched_at": "2025-07-13T14:10:49.051693+00:00", "symbol": "BTC-USD"}, {"trade_id": 848228109, "side": "sell", "size": "0.00003088", "price": "118627.20000000", "time": "2025-07-13T14:09:18.636184Z", "fetched_at": "2025-07-13T14:10:49.051693+00:00", "symbol": "BTC-USD"}, {"trade_id": 848228108, "side": "sell", "size": "0.00013162", "price": "118645.67000000", "time": "2025-07-13T14:09:18.597782Z", "fetched_at": "2025-07-13T14:10:49.051693+00:00", "symbol": "BTC-USD"}, {"trade_id": 848228107, "side": "sell", "size": "0.00003009", "price": "118637.11000000", "time": "2025-07-13T14:09:18.597782Z", "fetched_at": "2025-07-13T14:10:49.051693+00:00", "symbol": "BTC-USD"}, {"trade_id": 848228106, "side": "sell", "size": "0.00000210", "price": "118637.11000000", "time": "2025-07-13T14:09:18.597782Z", "fetched_at": "2025-07-13T14:10:49.051693+00:00", "symbol": "BTC-USD"}, {"trade_id": 848228105, "side": "buy", "size": "0.00170283", "price": "118637.10000000", "time": "2025-07-13T14:09:18.219432Z", "fetched_at": "2025-07-13T14:10:49.051693+00:00", "symbol": "BTC-USD"}, {"trade_id": 848228104, "side": "buy", "size": "0.00001751", "price": "118637.10000000", "time": "2025-07-13T14:09:17.865688Z", "fetched_at": "2025-07-13T14:10:49.051693+00:00", "symbol": "BTC-USD"}, {"trade_id": 848228103, "side": "sell", "size": "0.00000664", "price": "118626.39000000", "time": "2025-07-13T14:09:16.670365Z", "fetched_at": "2025-07-13T14:10:49.051693+00:00", "symbol": "BTC-USD"}, {"trade_id": 848228102, "side": "sell", "size": "0.00001033", "price": "118626.39000000", "time": "2025-07-13T14:09:16.670365Z", "fetched_at": "2025-07-13T14:10:49.051693+00:00", "symbol": "BTC-USD"}, {"trade_id": 848228101, "side": "sell", "size": "0.00000818", "price": "118626.39000000", "time": "2025-07-13T14:09:13.590450Z", "fetched_at": "2025-07-13T14:10:49.051693+00:00", "symbol": "BTC-USD"}, {"trade_id": 848228100, "side": "sell", "size": "0.00001364", "price": "118638.96000000", "time": "2025-07-13T14:09:13.382708Z", "fetched_at": "2025-07-13T14:10:49.051693+00:00", "symbol": "BTC-USD"}, {"trade_id": 848228099, "side": "sell", "size": "0.00002734", "price": "118626.39000000", "time": "2025-07-13T14:09:13.382708Z", "fetched_at": "2025-07-13T14:10:49.051693+00:00", "symbol": "BTC-USD"}, {"trade_id": 848228098, "side": "buy", "size": "0.00002594", "price": "118626.38000000", "time": "2025-07-13T14:09:13.334390Z", "fetched_at": "2025-07-13T14:10:49.051693+00:00", "symbol": "BTC-USD"}, {"trade_id": 848228097, "side": "buy", "size": "0.00000581", "price": "118626.38000000", "time": "2025-07-13T14:09:13.334390Z", "fetched_at": "2025-07-13T14:10:49.051693+00:00", "symbol": "BTC-USD"}, {"trade_id": 848228096, "side": "sell", "size": "0.00000016", "price": "118626.39000000", "time": "2025-07-13T14:09:12.836834Z", "fetched_at": "2025-07-13T14:10:49.051693+00:00", "symbol": "BTC-USD"}, {"trade_id": 848228095, "side": "buy", "size": "0.00170260", "price": "118632.13000000", "time": "2025-07-13T14:09:12.814726Z", "fetched_at": "2025-07-13T14:10:49.051693+00:00", "symbol": "BTC-USD"}, {"trade_id": 848228094, "side": "sell", "size": "0.00082882", "price": "118637.74000000", "time": "2025-07-13T14:09:12.804693Z", "fetched_at": "2025-07-13T14:10:49.051693+00:00", "symbol": "BTC-USD"}, {"trade_id": 848228093, "side": "sell", "size": "0.00002750", "price": "118632.14000000", "time": "2025-07-13T14:09:12.804693Z", "fetched_at": "2025-07-13T14:10:49.051693+00:00", "symbol": "BTC-USD"}, {"trade_id": 848228092, "side": "sell", "size": "0.00000210", "price": "118632.14000000", "time": "2025-07-13T14:09:12.804693Z", "fetched_at": "2025-07-13T14:10:49.051693+00:00", "symbol": "BTC-USD"}, {"trade_id": 848228091, "side": "sell", "size": "0.00010144", "price": "118632.14000000", "time": "2025-07-13T14:09:12.440259Z", "fetched_at": "2025-07-13T14:10:49.051693+00:00", "symbol": "BTC-USD"}, {"trade_id": 848228090, "side": "sell", "size": "0.00002377", "price": "118632.14000000", "time": "2025-07-13T14:09:12.440259Z", "fetched_at": "2025-07-13T14:10:49.051693+00:00", "symbol": "BTC-USD"}, {"trade_id": 848228089, "side": "sell", "size": "0.00000380", "price": "118637.75000000", "time": "2025-07-13T14:09:11.660171Z", "fetched_at": "2025-07-13T14:10:49.051693+00:00", "symbol": "BTC-USD"}, {"trade_id": 848228088, "side": "sell", "size": "0.00002921", "price": "118626.39000000", "time": "2025-07-13T14:09:11.660171Z", "fetched_at": "2025-07-13T14:10:49.051693+00:00", "symbol": "BTC-USD"}, {"trade_id": 848228087, "side": "sell", "size": "0.00000664", "price": "118626.39000000", "time": "2025-07-13T14:09:11.660171Z", "fetched_at": "2025-07-13T14:10:49.051693+00:00", "symbol": "BTC-USD"}, {"trade_id": 848228086, "side": "sell", "size": "0.00005531", "price": "118639.12000000", "time": "2025-07-13T14:09:10.482488Z", "fetched_at": "2025-07-13T14:10:49.051693+00:00", "symbol": "BTC-USD"}, {"trade_id": 848228085, "side": "sell", "size": "0.00002817", "price": "118626.39000000", "time": "2025-07-13T14:09:10.482488Z", "fetched_at": "2025-07-13T14:10:49.051693+00:00", "symbol": "BTC-USD"}, {"trade_id": 848228084, "side": "sell", "size": "0.00038132", "price": "118639.14000000", "time": "2025-07-13T14:09:10.223534Z", "fetched_at": "2025-07-13T14:10:49.051693+00:00", "symbol": "BTC-USD"}, {"trade_id": 848228083, "side": "sell", "size": "0.00002838", "price": "118626.39000000", "time": "2025-07-13T14:09:10.223534Z", "fetched_at": "2025-07-13T14:10:49.051693+00:00", "symbol": "BTC-USD"}, {"trade_id": 848228082, "side": "buy", "size": "0.00405639", "price": "118626.38000000", "time": "2025-07-13T14:09:10.110574Z", "fetched_at": "2025-07-13T14:10:49.051693+00:00", "symbol": "BTC-USD"}, {"trade_id": 848228081, "side": "buy", "size": "0.00003419", "price": "118626.38000000", "time": "2025-07-13T14:09:10.110574Z", "fetched_at": "2025-07-13T14:10:49.051693+00:00", "symbol": "BTC-USD"}, {"trade_id": 848228080, "side": "sell", "size": "0.00001127", "price": "118639.19000000", "time": "2025-07-13T14:09:09.992923Z", "fetched_at": "2025-07-13T14:10:49.051693+00:00", "symbol": "BTC-USD"}, {"trade_id": 848228079, "side": "sell", "size": "0.00002838", "price": "118626.39000000", "time": "2025-07-13T14:09:09.992923Z", "fetched_at": "2025-07-13T14:10:49.051693+00:00", "symbol": "BTC-USD"}, {"trade_id": 848228078, "side": "sell", "size": "0.00012453", "price": "118639.34000000", "time": "2025-07-13T14:09:09.578560Z", "fetched_at": "2025-07-13T14:10:49.051693+00:00", "symbol": "BTC-USD"}, {"trade_id": 848228077, "side": "sell", "size": "0.00002909", "price": "118626.39000000", "time": "2025-07-13T14:09:09.578560Z", "fetched_at": "2025-07-13T14:10:49.051693+00:00", "symbol": "BTC-USD"}, {"trade_id": 848228076, "side": "sell", "size": "0.00001333", "price": "118626.39000000", "time": "2025-07-13T14:09:09.578560Z", "fetched_at": "2025-07-13T14:10:49.051693+00:00", "symbol": "BTC-USD"}, {"trade_id": 848228075, "side": "sell", "size": "0.00005051", "price": "118639.65000000", "time": "2025-07-13T14:09:08.617285Z", "fetched_at": "2025-07-13T14:10:49.051693+00:00", "symbol": "BTC-USD"}, {"trade_id": 848228074, "side": "sell", "size": "0.00002946", "price": "118626.39000000", "time": "2025-07-13T14:09:08.617285Z", "fetched_at": "2025-07-13T14:10:49.051693+00:00", "symbol": "BTC-USD"}, {"trade_id": 848228073, "side": "sell", "size": "0.00002760", "price": "118626.39000000", "time": "2025-07-13T14:09:07.633077Z", "fetched_at": "2025-07-13T14:10:49.051693+00:00", "symbol": "BTC-USD"}, {"trade_id": 848228072, "side": "sell", "size": "0.00002760", "price": "118626.40000000", "time": "2025-07-13T14:09:07.609516Z", "fetched_at": "2025-07-13T14:10:49.051693+00:00", "symbol": "BTC-USD"}, {"trade_id": 848228071, "side": "sell", "size": "0.00002760", "price": "118626.39000000", "time": "2025-07-13T14:09:07.580627Z", "fetched_at": "2025-07-13T14:10:49.051693+00:00", "symbol": "BTC-USD"}, {"trade_id": 848228070, "side": "sell", "size": "0.00002760", "price": "118620.96000000", "time": "2025-07-13T14:09:07.500686Z", "fetched_at": "2025-07-13T14:10:49.051693+00:00", "symbol": "BTC-USD"}, {"trade_id": 848228069, "side": "sell", "size": "0.00005237", "price": "118642.18000000", "time": "2025-07-13T14:09:07.471957Z", "fetched_at": "2025-07-13T14:10:49.051693+00:00", "symbol": "BTC-USD"}, {"trade_id": 848228068, "side": "sell", "size": "0.00002760", "price": "118631.33000000", "time": "2025-07-13T14:09:07.471957Z", "fetched_at": "2025-07-13T14:10:49.051693+00:00", "symbol": "BTC-USD"}, {"trade_id": 848228067, "side": "sell", "size": "0.00095543", "price": "118642.18000000", "time": "2025-07-13T14:09:07.364644Z", "fetched_at": "2025-07-13T14:10:49.051693+00:00", "symbol": "BTC-USD"}, {"trade_id": 848228066, "side": "sell", "size": "0.00002783", "price": "118631.33000000", "time": "2025-07-13T14:09:07.364644Z", "fetched_at": "2025-07-13T14:10:49.051693+00:00", "symbol": "BTC-USD"}, {"trade_id": 848228065, "side": "sell", "size": "0.00002783", "price": "118626.35000000", "time": "2025-07-13T14:09:07.298875Z", "fetched_at": "2025-07-13T14:10:49.051693+00:00", "symbol": "BTC-USD"}, {"trade_id": 848228064, "side": "sell", "size": "0.00000210", "price": "118626.34000000", "time": "2025-07-13T14:09:07.280734Z", "fetched_at": "2025-07-13T14:10:49.051693+00:00", "symbol": "BTC-USD"}, {"trade_id": 848228063, "side": "sell", "size": "0.00002783", "price": "118626.34000000", "time": "2025-07-13T14:09:07.280734Z", "fetched_at": "2025-07-13T14:10:49.051693+00:00", "symbol": "BTC-USD"}, {"trade_id": 848228062, "side": "sell", "size": "0.00014065", "price": "118636.72000000", "time": "2025-07-13T14:09:07.101829Z", "fetched_at": "2025-07-13T14:10:49.051693+00:00", "symbol": "BTC-USD"}, {"trade_id": 848228061, "side": "sell", "size": "0.00002630", "price": "118629.64000000", "time": "2025-07-13T14:09:07.101829Z", "fetched_at": "2025-07-13T14:10:49.051693+00:00", "symbol": "BTC-USD"}, {"trade_id": 848228060, "side": "sell", "size": "0.00079286", "price": "118632.04000000", "time": "2025-07-13T14:09:07.020326Z", "fetched_at": "2025-07-13T14:10:49.051693+00:00", "symbol": "BTC-USD"}, {"trade_id": 848228059, "side": "sell", "size": "0.00002653", "price": "118629.64000000", "time": "2025-07-13T14:09:07.020326Z", "fetched_at": "2025-07-13T14:10:49.051693+00:00", "symbol": "BTC-USD"}, {"trade_id": 848228058, "side": "sell", "size": "0.00005286", "price": "118632.04000000", "time": "2025-07-13T14:09:06.961934Z", "fetched_at": "2025-07-13T14:10:49.051693+00:00", "symbol": "BTC-USD"}, {"trade_id": 848228057, "side": "sell", "size": "0.00002853", "price": "118624.75000000", "time": "2025-07-13T14:09:06.961934Z", "fetched_at": "2025-07-13T14:10:49.051693+00:00", "symbol": "BTC-USD"}, {"trade_id": 848228056, "side": "sell", "size": "0.00017303", "price": "118631.57000000", "time": "2025-07-13T14:09:06.756655Z", "fetched_at": "2025-07-13T14:10:49.051693+00:00", "symbol": "BTC-USD"}, {"trade_id": 848228055, "side": "sell", "size": "0.00002853", "price": "118624.75000000", "time": "2025-07-13T14:09:06.756655Z", "fetched_at": "2025-07-13T14:10:49.051693+00:00", "symbol": "BTC-USD"}, {"trade_id": 848228054, "side": "sell", "size": "0.00000664", "price": "118624.75000000", "time": "2025-07-13T14:09:06.756655Z", "fetched_at": "2025-07-13T14:10:49.051693+00:00", "symbol": "BTC-USD"}, {"trade_id": 848228053, "side": "sell", "size": "0.00017393", "price": "118631.59000000", "time": "2025-07-13T14:09:05.963712Z", "fetched_at": "2025-07-13T14:10:49.051693+00:00", "symbol": "BTC-USD"}, {"trade_id": 848228052, "side": "sell", "size": "0.00003092", "price": "118624.75000000", "time": "2025-07-13T14:09:05.963712Z", "fetched_at": "2025-07-13T14:10:49.051693+00:00", "symbol": "BTC-USD"}, {"trade_id": 848228051, "side": "sell", "size": "0.00805487", "price": "118631.60000000", "time": "2025-07-13T14:09:05.676593Z", "fetched_at": "2025-07-13T14:10:49.051693+00:00", "symbol": "BTC-USD"}, {"trade_id": 848228050, "side": "sell", "size": "0.00001403", "price": "118624.75000000", "time": "2025-07-13T14:09:05.676593Z", "fetched_at": "2025-07-13T14:10:49.051693+00:00", "symbol": "BTC-USD"}, {"trade_id": 848228049, "side": "sell", "size": "0.00007131", "price": "118631.62000000", "time": "2025-07-13T14:09:05.325610Z", "fetched_at": "2025-07-13T14:10:49.051693+00:00", "symbol": "BTC-USD"}, {"trade_id": 848228048, "side": "sell", "size": "0.00001008", "price": "118624.75000000", "time": "2025-07-13T14:09:05.325610Z", "fetched_at": "2025-07-13T14:10:49.051693+00:00", "symbol": "BTC-USD"}, {"trade_id": 848228047, "side": "sell", "size": "0.00025579", "price": "118628.09000000", "time": "2025-07-13T14:09:05.118333Z", "fetched_at": "2025-07-13T14:10:49.051693+00:00", "symbol": "BTC-USD"}, {"trade_id": 848228046, "side": "sell", "size": "0.00003103", "price": "118619.30000000", "time": "2025-07-13T14:09:05.118333Z", "fetched_at": "2025-07-13T14:10:49.051693+00:00", "symbol": "BTC-USD"}, {"trade_id": 848228045, "side": "buy", "size": "0.00853696", "price": "118628.87000000", "time": "2025-07-13T14:09:03.490382Z", "fetched_at": "2025-07-13T14:10:49.051693+00:00", "symbol": "BTC-USD"}, {"trade_id": 848228044, "side": "buy", "size": "0.00257347", "price": "118628.87000000", "time": "2025-07-13T14:09:03.490382Z", "fetched_at": "2025-07-13T14:10:49.051693+00:00", "symbol": "BTC-USD"}