[{"trade_id": 848229215, "side": "buy", "size": "0.00000017", "price": "118646.36000000", "time": "2025-07-13T14:13:24.863732Z", "fetched_at": "2025-07-13T14:13:27.776375+00:00", "symbol": "BTC-USD"}, {"trade_id": 848229214, "side": "sell", "size": "0.00140937", "price": "118646.64000000", "time": "2025-07-13T14:13:23.855861Z", "fetched_at": "2025-07-13T14:13:27.776375+00:00", "symbol": "BTC-USD"}, {"trade_id": 848229213, "side": "sell", "size": "0.00183619", "price": "118645.51000000", "time": "2025-07-13T14:13:23.855861Z", "fetched_at": "2025-07-13T14:13:27.776375+00:00", "symbol": "BTC-USD"}, {"trade_id": 848229212, "side": "sell", "size": "0.00001033", "price": "118645.50000000", "time": "2025-07-13T14:13:23.855861Z", "fetched_at": "2025-07-13T14:13:27.776375+00:00", "symbol": "BTC-USD"}, {"trade_id": 848229211, "side": "sell", "size": "0.00008190", "price": "118645.49000000", "time": "2025-07-13T14:13:23.855861Z", "fetched_at": "2025-07-13T14:13:27.776375+00:00", "symbol": "BTC-USD"}, {"trade_id": 848229210, "side": "sell", "size": "0.00162998", "price": "118645.52000000", "time": "2025-07-13T14:13:23.702797Z", "fetched_at": "2025-07-13T14:13:27.776375+00:00", "symbol": "BTC-USD"}, {"trade_id": 848229209, "side": "sell", "size": "0.00019659", "price": "118645.22000000", "time": "2025-07-13T14:13:23.208895Z", "fetched_at": "2025-07-13T14:13:27.776375+00:00", "symbol": "BTC-USD"}, {"trade_id": 848229208, "side": "buy", "size": "0.00264131", "price": "118638.36000000", "time": "2025-07-13T14:13:21.691020Z", "fetched_at": "2025-07-13T14:13:27.776375+00:00", "symbol": "BTC-USD"}, {"trade_id": 848229207, "side": "sell", "size": "0.00046693", "price": "118641.51000000", "time": "2025-07-13T14:13:21.671589Z", "fetched_at": "2025-07-13T14:13:27.776375+00:00", "symbol": "BTC-USD"}, {"trade_id": 848229206, "side": "sell", "size": "0.00001663", "price": "118641.51000000", "time": "2025-07-13T14:13:21.663046Z", "fetched_at": "2025-07-13T14:13:27.776375+00:00", "symbol": "BTC-USD"}, {"trade_id": 848229205, "side": "sell", "size": "0.00008190", "price": "118638.36000000", "time": "2025-07-13T14:13:21.663046Z", "fetched_at": "2025-07-13T14:13:27.776375+00:00", "symbol": "BTC-USD"}, {"trade_id": 848229204, "side": "sell", "size": "0.00000667", "price": "118638.36000000", "time": "2025-07-13T14:13:21.663046Z", "fetched_at": "2025-07-13T14:13:27.776375+00:00", "symbol": "BTC-USD"}, {"trade_id": 848229203, "side": "buy", "size": "0.00022341", "price": "118638.35000000", "time": "2025-07-13T14:13:20.695983Z", "fetched_at": "2025-07-13T14:13:27.776375+00:00", "symbol": "BTC-USD"}, {"trade_id": 848229202, "side": "buy", "size": "0.00005265", "price": "118638.36000000", "time": "2025-07-13T14:13:20.695983Z", "fetched_at": "2025-07-13T14:13:27.776375+00:00", "symbol": "BTC-USD"}, {"trade_id": 848229201, "side": "buy", "size": "0.00004638", "price": "118638.36000000", "time": "2025-07-13T14:13:20.645684Z", "fetched_at": "2025-07-13T14:13:27.776375+00:00", "symbol": "BTC-USD"}, {"trade_id": 848229200, "side": "sell", "size": "0.00007799", "price": "118646.65000000", "time": "2025-07-13T14:13:20.624905Z", "fetched_at": "2025-07-13T14:13:27.776375+00:00", "symbol": "BTC-USD"}, {"trade_id": 848229199, "side": "sell", "size": "0.00008190", "price": "118646.64000000", "time": "2025-07-13T14:13:20.624905Z", "fetched_at": "2025-07-13T14:13:27.776375+00:00", "symbol": "BTC-USD"}, {"trade_id": 848229198, "side": "buy", "size": "0.00014183", "price": "118638.36000000", "time": "2025-07-13T14:13:20.603600Z", "fetched_at": "2025-07-13T14:13:27.776375+00:00", "symbol": "BTC-USD"}, {"trade_id": 848229197, "side": "sell", "size": "0.00005403", "price": "118645.41000000", "time": "2025-07-13T14:13:20.528955Z", "fetched_at": "2025-07-13T14:13:27.776375+00:00", "symbol": "BTC-USD"}, {"trade_id": 848229196, "side": "sell", "size": "0.00008190", "price": "118638.35000000", "time": "2025-07-13T14:13:20.528955Z", "fetched_at": "2025-07-13T14:13:27.776375+00:00", "symbol": "BTC-USD"}, {"trade_id": 848229195, "side": "sell", "size": "0.00120199", "price": "118645.28000000", "time": "2025-07-13T14:13:19.860489Z", "fetched_at": "2025-07-13T14:13:27.776375+00:00", "symbol": "BTC-USD"}, {"trade_id": 848229194, "side": "sell", "size": "0.00004513", "price": "118645.27000000", "time": "2025-07-13T14:13:19.860489Z", "fetched_at": "2025-07-13T14:13:27.776375+00:00", "symbol": "BTC-USD"}, {"trade_id": 848229193, "side": "buy", "size": "0.00002974", "price": "118638.36000000", "time": "2025-07-13T14:13:19.449888Z", "fetched_at": "2025-07-13T14:13:27.776375+00:00", "symbol": "BTC-USD"}, {"trade_id": 848229192, "side": "sell", "size": "0.00035513", "price": "118645.28000000", "time": "2025-07-13T14:13:19.431636Z", "fetched_at": "2025-07-13T14:13:27.776375+00:00", "symbol": "BTC-USD"}, {"trade_id": 848229191, "side": "sell", "size": "0.00005445", "price": "118645.27000000", "time": "2025-07-13T14:13:19.431636Z", "fetched_at": "2025-07-13T14:13:27.776375+00:00", "symbol": "BTC-USD"}, {"trade_id": 848229190, "side": "sell", "size": "0.00007157", "price": "118645.28000000", "time": "2025-07-13T14:13:19.138302Z", "fetched_at": "2025-07-13T14:13:27.776375+00:00", "symbol": "BTC-USD"}, {"trade_id": 848229189, "side": "sell", "size": "0.00008190", "price": "118645.27000000", "time": "2025-07-13T14:13:19.138302Z", "fetched_at": "2025-07-13T14:13:27.776375+00:00", "symbol": "BTC-USD"}, {"trade_id": 848229188, "side": "sell", "size": "0.00001034", "price": "118638.37000000", "time": "2025-07-13T14:13:19.138302Z", "fetched_at": "2025-07-13T14:13:27.776375+00:00", "symbol": "BTC-USD"}, {"trade_id": 848229187, "side": "sell", "size": "0.00000008", "price": "118648.05000000", "time": "2025-07-13T14:13:18.694384Z", "fetched_at": "2025-07-13T14:13:27.776375+00:00", "symbol": "BTC-USD"}, {"trade_id": 848229186, "side": "sell", "size": "0.00000168", "price": "118648.66000000", "time": "2025-07-13T14:13:18.671872Z", "fetched_at": "2025-07-13T14:13:27.776375+00:00", "symbol": "BTC-USD"}, {"trade_id": 848229185, "side": "sell", "size": "0.00417079", "price": "118644.43000000", "time": "2025-07-13T14:13:18.643778Z", "fetched_at": "2025-07-13T14:13:27.776375+00:00", "symbol": "BTC-USD"}, {"trade_id": 848229184, "side": "buy", "size": "0.00255382", "price": "118639.13000000", "time": "2025-07-13T14:13:17.946491Z", "fetched_at": "2025-07-13T14:13:27.776375+00:00", "symbol": "BTC-USD"}, {"trade_id": 848229183, "side": "buy", "size": "0.00010382", "price": "118638.46000000", "time": "2025-07-13T14:13:17.828168Z", "fetched_at": "2025-07-13T14:13:27.776375+00:00", "symbol": "BTC-USD"}, {"trade_id": 848229182, "side": "buy", "size": "0.00006475", "price": "118638.47000000", "time": "2025-07-13T14:13:17.828168Z", "fetched_at": "2025-07-13T14:13:27.776375+00:00", "symbol": "BTC-USD"}, {"trade_id": 848229181, "side": "sell", "size": "0.00410386", "price": "118647.64000000", "time": "2025-07-13T14:13:17.608392Z", "fetched_at": "2025-07-13T14:13:27.776375+00:00", "symbol": "BTC-USD"}, {"trade_id": 848229180, "side": "sell", "size": "0.00006840", "price": "118647.63000000", "time": "2025-07-13T14:13:17.608392Z", "fetched_at": "2025-07-13T14:13:27.776375+00:00", "symbol": "BTC-USD"}, {"trade_id": 848229179, "side": "sell", "size": "0.00003964", "price": "118649.29000000", "time": "2025-07-13T14:13:17.094903Z", "fetched_at": "2025-07-13T14:13:27.776375+00:00", "symbol": "BTC-USD"}, {"trade_id": 848229178, "side": "sell", "size": "0.00000008", "price": "118645.34000000", "time": "2025-07-13T14:13:16.076642Z", "fetched_at": "2025-07-13T14:13:27.776375+00:00", "symbol": "BTC-USD"}, {"trade_id": 848229177, "side": "sell", "size": "0.00000716", "price": "118645.34000000", "time": "2025-07-13T14:13:16.063846Z", "fetched_at": "2025-07-13T14:13:27.776375+00:00", "symbol": "BTC-USD"}, {"trade_id": 848229176, "side": "sell", "size": "0.01764653", "price": "118646.10000000", "time": "2025-07-13T14:13:16.044567Z", "fetched_at": "2025-07-13T14:13:27.776375+00:00", "symbol": "BTC-USD"}, {"trade_id": 848229175, "side": "sell", "size": "0.00001052", "price": "118645.32000000", "time": "2025-07-13T14:13:16.044567Z", "fetched_at": "2025-07-13T14:13:27.776375+00:00", "symbol": "BTC-USD"}, {"trade_id": 848229174, "side": "sell", "size": "0.00008190", "price": "118645.32000000", "time": "2025-07-13T14:13:16.044567Z", "fetched_at": "2025-07-13T14:13:27.776375+00:00", "symbol": "BTC-USD"}, {"trade_id": 848229173, "side": "sell", "size": "0.00000155", "price": "118646.10000000", "time": "2025-07-13T14:13:15.812308Z", "fetched_at": "2025-07-13T14:13:27.776375+00:00", "symbol": "BTC-USD"}, {"trade_id": 848229172, "side": "sell", "size": "0.00008190", "price": "118644.75000000", "time": "2025-07-13T14:13:15.812308Z", "fetched_at": "2025-07-13T14:13:27.776375+00:00", "symbol": "BTC-USD"}, {"trade_id": 848229171, "side": "sell", "size": "0.00073690", "price": "118646.10000000", "time": "2025-07-13T14:13:15.698207Z", "fetched_at": "2025-07-13T14:13:27.776375+00:00", "symbol": "BTC-USD"}, {"trade_id": 848229170, "side": "sell", "size": "0.00008190", "price": "118644.75000000", "time": "2025-07-13T14:13:15.698207Z", "fetched_at": "2025-07-13T14:13:27.776375+00:00", "symbol": "BTC-USD"}, {"trade_id": 848229169, "side": "sell", "size": "0.00033537", "price": "118651.67000000", "time": "2025-07-13T14:13:15.312681Z", "fetched_at": "2025-07-13T14:13:27.776375+00:00", "symbol": "BTC-USD"}, {"trade_id": 848229168, "side": "sell", "size": "0.00008190", "price": "118642.90000000", "time": "2025-07-13T14:13:15.312681Z", "fetched_at": "2025-07-13T14:13:27.776375+00:00", "symbol": "BTC-USD"}, {"trade_id": 848229167, "side": "sell", "size": "0.01665178", "price": "118650.24000000", "time": "2025-07-13T14:13:15.045210Z", "fetched_at": "2025-07-13T14:13:27.776375+00:00", "symbol": "BTC-USD"}, {"trade_id": 848229166, "side": "sell", "size": "0.00003740", "price": "118642.66000000", "time": "2025-07-13T14:13:15.045210Z", "fetched_at": "2025-07-13T14:13:27.776375+00:00", "symbol": "BTC-USD"}, {"trade_id": 848229165, "side": "sell", "size": "0.00181904", "price": "118646.55000000", "time": "2025-07-13T14:13:14.900900Z", "fetched_at": "2025-07-13T14:13:27.776375+00:00", "symbol": "BTC-USD"}, {"trade_id": 848229164, "side": "sell", "size": "0.00005003", "price": "118646.55000000", "time": "2025-07-13T14:13:14.885273Z", "fetched_at": "2025-07-13T14:13:27.776375+00:00", "symbol": "BTC-USD"}, {"trade_id": 848229163, "side": "sell", "size": "0.00003134", "price": "118640.41000000", "time": "2025-07-13T14:13:14.885273Z", "fetched_at": "2025-07-13T14:13:27.776375+00:00", "symbol": "BTC-USD"}, {"trade_id": 848229162, "side": "buy", "size": "0.00056137", "price": "118636.47000000", "time": "2025-07-13T14:13:14.398796Z", "fetched_at": "2025-07-13T14:13:27.776375+00:00", "symbol": "BTC-USD"}, {"trade_id": 848229161, "side": "buy", "size": "0.00006033", "price": "118636.47000000", "time": "2025-07-13T14:13:14.398796Z", "fetched_at": "2025-07-13T14:13:27.776375+00:00", "symbol": "BTC-USD"}, {"trade_id": 848229160, "side": "sell", "size": "0.00008137", "price": "118646.54000000", "time": "2025-07-13T14:13:14.344698Z", "fetched_at": "2025-07-13T14:13:27.776375+00:00", "symbol": "BTC-USD"}, {"trade_id": 848229159, "side": "sell", "size": "0.00003338", "price": "118646.54000000", "time": "2025-07-13T14:13:14.206996Z", "fetched_at": "2025-07-13T14:13:27.776375+00:00", "symbol": "BTC-USD"}, {"trade_id": 848229158, "side": "sell", "size": "0.00011641", "price": "118646.55000000", "time": "2025-07-13T14:13:14.044744Z", "fetched_at": "2025-07-13T14:13:27.776375+00:00", "symbol": "BTC-USD"}, {"trade_id": 848229157, "side": "sell", "size": "0.00001033", "price": "118646.54000000", "time": "2025-07-13T14:13:14.044744Z", "fetched_at": "2025-07-13T14:13:27.776375+00:00", "symbol": "BTC-USD"}, {"trade_id": 848229156, "side": "sell", "size": "0.00008190", "price": "118646.53000000", "time": "2025-07-13T14:13:14.044744Z", "fetched_at": "2025-07-13T14:13:27.776375+00:00", "symbol": "BTC-USD"}, {"trade_id": 848229155, "side": "sell", "size": "0.00008137", "price": "118641.52000000", "time": "2025-07-13T14:13:13.473847Z", "fetched_at": "2025-07-13T14:13:27.776375+00:00", "symbol": "BTC-USD"}, {"trade_id": 848229154, "side": "sell", "size": "0.00199446", "price": "118646.54000000", "time": "2025-07-13T14:13:13.209656Z", "fetched_at": "2025-07-13T14:13:27.776375+00:00", "symbol": "BTC-USD"}, {"trade_id": 848229153, "side": "sell", "size": "0.00001000", "price": "118645.90000000", "time": "2025-07-13T14:13:13.209656Z", "fetched_at": "2025-07-13T14:13:27.776375+00:00", "symbol": "BTC-USD"}, {"trade_id": 848229152, "side": "sell", "size": "0.00008190", "price": "118636.14000000", "time": "2025-07-13T14:13:13.209656Z", "fetched_at": "2025-07-13T14:13:27.776375+00:00", "symbol": "BTC-USD"}, {"trade_id": 848229151, "side": "sell", "size": "0.00000835", "price": "118636.14000000", "time": "2025-07-13T14:13:13.194672Z", "fetched_at": "2025-07-13T14:13:27.776375+00:00", "symbol": "BTC-USD"}, {"trade_id": 848229150, "side": "sell", "size": "0.00579328", "price": "118645.19000000", "time": "2025-07-13T14:13:12.970015Z", "fetched_at": "2025-07-13T14:13:27.776375+00:00", "symbol": "BTC-USD"}, {"trade_id": 848229149, "side": "sell", "size": "0.00006704", "price": "118645.18000000", "time": "2025-07-13T14:13:12.970015Z", "fetched_at": "2025-07-13T14:13:27.776375+00:00", "symbol": "BTC-USD"}, {"trade_id": 848229148, "side": "sell", "size": "0.00008612", "price": "118642.80000000", "time": "2025-07-13T14:13:12.696334Z", "fetched_at": "2025-07-13T14:13:27.776375+00:00", "symbol": "BTC-USD"}, {"trade_id": 848229147, "side": "sell", "size": "0.00007377", "price": "118642.79000000", "time": "2025-07-13T14:13:12.696334Z", "fetched_at": "2025-07-13T14:13:27.776375+00:00", "symbol": "BTC-USD"}, {"trade_id": 848229146, "side": "sell", "size": "0.00247442", "price": "118642.79000000", "time": "2025-07-13T14:13:12.617967Z", "fetched_at": "2025-07-13T14:13:27.776375+00:00", "symbol": "BTC-USD"}, {"trade_id": 848229145, "side": "sell", "size": "0.00006581", "price": "118642.78000000", "time": "2025-07-13T14:13:12.617967Z", "fetched_at": "2025-07-13T14:13:27.776375+00:00", "symbol": "BTC-USD"}, {"trade_id": 848229144, "side": "sell", "size": "0.00007785", "price": "118644.15000000", "time": "2025-07-13T14:13:12.504495Z", "fetched_at": "2025-07-13T14:13:27.776375+00:00", "symbol": "BTC-USD"}, {"trade_id": 848229143, "side": "sell", "size": "0.00000210", "price": "118633.55000000", "time": "2025-07-13T14:13:12.504495Z", "fetched_at": "2025-07-13T14:13:27.776375+00:00", "symbol": "BTC-USD"}, {"trade_id": 848229142, "side": "sell", "size": "0.00034633", "price": "118641.70000000", "time": "2025-07-13T14:13:11.763303Z", "fetched_at": "2025-07-13T14:13:27.776375+00:00", "symbol": "BTC-USD"}, {"trade_id": 848229141, "side": "sell", "size": "0.00007094", "price": "118641.69000000", "time": "2025-07-13T14:13:11.763303Z", "fetched_at": "2025-07-13T14:13:27.776375+00:00", "symbol": "BTC-USD"}, {"trade_id": 848229140, "side": "sell", "size": "0.00000091", "price": "118641.69000000", "time": "2025-07-13T14:13:11.078657Z", "fetched_at": "2025-07-13T14:13:27.776375+00:00", "symbol": "BTC-USD"}, {"trade_id": 848229139, "side": "buy", "size": "0.00838649", "price": "118633.72000000", "time": "2025-07-13T14:13:10.588020Z", "fetched_at": "2025-07-13T14:13:27.776375+00:00", "symbol": "BTC-USD"}, {"trade_id": 848229138, "side": "buy", "size": "0.00004323", "price": "118633.73000000", "time": "2025-07-13T14:13:10.588020Z", "fetched_at": "2025-07-13T14:13:27.776375+00:00", "symbol": "BTC-USD"}, {"trade_id": 848229137, "side": "sell", "size": "0.00146050", "price": "118645.65000000", "time": "2025-07-13T14:13:10.375787Z", "fetched_at": "2025-07-13T14:13:27.776375+00:00", "symbol": "BTC-USD"}, {"trade_id": 848229136, "side": "sell", "size": "0.00004465", "price": "118645.65000000", "time": "2025-07-13T14:13:10.375787Z", "fetched_at": "2025-07-13T14:13:27.776375+00:00", "symbol": "BTC-USD"}, {"trade_id": 848229135, "side": "sell", "size": "0.00014627", "price": "118645.89000000", "time": "2025-07-13T14:13:10.214724Z", "fetched_at": "2025-07-13T14:13:27.776375+00:00", "symbol": "BTC-USD"}, {"trade_id": 848229134, "side": "sell", "size": "0.00002064", "price": "118645.08000000", "time": "2025-07-13T14:13:10.214724Z", "fetched_at": "2025-07-13T14:13:27.776375+00:00", "symbol": "BTC-USD"}, {"trade_id": 848229133, "side": "sell", "size": "0.00570965", "price": "118645.89000000", "time": "2025-07-13T14:13:09.995472Z", "fetched_at": "2025-07-13T14:13:27.776375+00:00", "symbol": "BTC-USD"}, {"trade_id": 848229132, "side": "sell", "size": "0.00002458", "price": "118645.88000000", "time": "2025-07-13T14:13:09.995472Z", "fetched_at": "2025-07-13T14:13:27.776375+00:00", "symbol": "BTC-USD"}, {"trade_id": 848229131, "side": "buy", "size": "0.00352866", "price": "118633.72000000", "time": "2025-07-13T14:13:09.355566Z", "fetched_at": "2025-07-13T14:13:27.776375+00:00", "symbol": "BTC-USD"}, {"trade_id": 848229130, "side": "buy", "size": "0.04367398", "price": "118635.11000000", "time": "2025-07-13T14:13:09.355566Z", "fetched_at": "2025-07-13T14:13:27.776375+00:00", "symbol": "BTC-USD"}, {"trade_id": 848229129, "side": "buy", "size": "0.00004716", "price": "118635.12000000", "time": "2025-07-13T14:13:09.355566Z", "fetched_at": "2025-07-13T14:13:27.776375+00:00", "symbol": "BTC-USD"}, {"trade_id": 848229128, "side": "sell", "size": "0.00033398", "price": "118641.76000000", "time": "2025-07-13T14:13:09.292676Z", "fetched_at": "2025-07-13T14:13:27.776375+00:00", "symbol": "BTC-USD"}, {"trade_id": 848229127, "side": "sell", "size": "0.00007086", "price": "118641.75000000", "time": "2025-07-13T14:13:09.292676Z", "fetched_at": "2025-07-13T14:13:27.776375+00:00", "symbol": "BTC-USD"}, {"trade_id": 848229126, "side": "sell", "size": "0.00001033", "price": "118639.69000000", "time": "2025-07-13T14:13:09.292676Z", "fetched_at": "2025-07-13T14:13:27.776375+00:00", "symbol": "BTC-USD"}, {"trade_id": 848229125, "side": "sell", "size": "0.00000210", "price": "118639.69000000", "time": "2025-07-13T14:13:09.292676Z", "fetched_at": "2025-07-13T14:13:27.776375+00:00", "symbol": "BTC-USD"}, {"trade_id": 848229124, "side": "buy", "size": "0.00214337", "price": "118633.70000000", "time": "2025-07-13T14:13:08.195917Z", "fetched_at": "2025-07-13T14:13:27.776375+00:00", "symbol": "BTC-USD"}, {"trade_id": 848229123, "side": "buy", "size": "0.00002771", "price": "118639.37000000", "time": "2025-07-13T14:13:08.195917Z", "fetched_at": "2025-07-13T14:13:27.776375+00:00", "symbol": "BTC-USD"}, {"trade_id": 848229122, "side": "sell", "size": "0.00000871", "price": "118639.38000000", "time": "2025-07-13T14:13:08.100174Z", "fetched_at": "2025-07-13T14:13:27.776375+00:00", "symbol": "BTC-USD"}, {"trade_id": 848229121, "side": "sell", "size": "0.00009915", "price": "118639.39000000", "time": "2025-07-13T14:13:08.088431Z", "fetched_at": "2025-07-13T14:13:27.776375+00:00", "symbol": "BTC-USD"}, {"trade_id": 848229120, "side": "sell", "size": "0.00000296", "price": "118639.38000000", "time": "2025-07-13T14:13:08.088431Z", "fetched_at": "2025-07-13T14:13:27.776375+00:00", "symbol": "BTC-USD"}, {"trade_id": 848229119, "side": "sell", "size": "0.00006479", "price": "118639.38000000", "time": "2025-07-13T14:13:08.088431Z", "fetched_at": "2025-07-13T14:13:27.776375+00:00", "symbol": "BTC-USD"}, {"trade_id": 848229118, "side": "sell", "size": "0.00034236", "price": "118639.39000000", "time": "2025-07-13T14:13:07.999047Z", "fetched_at": "2025-07-13T14:13:27.776375+00:00", "symbol": "BTC-USD"}, {"trade_id": 848229117, "side": "sell", "size": "0.00006479", "price": "118628.16000000", "time": "2025-07-13T14:13:07.999047Z", "fetched_at": "2025-07-13T14:13:27.776375+00:00", "symbol": "BTC-USD"}, {"trade_id": 848229116, "side": "sell", "size": "0.00001012", "price": "118628.16000000", "time": "2025-07-13T14:13:07.999047Z", "fetched_at": "2025-07-13T14:13:27.776375+00:00", "symbol": "BTC-USD"}, {"trade_id": 848229115, "side": "sell", "size": "0.02492878", "price": "118639.82000000", "time": "2025-07-13T14:13:06.940791Z", "fetched_at": "2025-07-13T14:13:27.776375+00:00", "symbol": "BTC-USD"}, {"trade_id": 848229114, "side": "sell", "size": "0.00007122", "price": "118630.50000000", "time": "2025-07-13T14:13:06.940791Z", "fetched_at": "2025-07-13T14:13:27.776375+00:00", "symbol": "BTC-USD"}, {"trade_id": 848229113, "side": "sell", "size": "0.00074793", "price": "118639.82000000", "time": "2025-07-13T14:13:06.917284Z", "fetched_at": "2025-07-13T14:13:27.776375+00:00", "symbol": "BTC-USD"}, {"trade_id": 848229112, "side": "sell", "size": "0.00007122", "price": "118630.50000000", "time": "2025-07-13T14:13:06.917284Z", "fetched_at": "2025-07-13T14:13:27.776375+00:00", "symbol": "BTC-USD"}, {"trade_id": 848229111, "side": "sell", "size": "0.00032293", "price": "118639.79000000", "time": "2025-07-13T14:13:06.575354Z", "fetched_at": "2025-07-13T14:13:27.776375+00:00", "symbol": "BTC-USD"}, {"trade_id": 848229110, "side": "sell", "size": "0.00001000", "price": "118637.00000000", "time": "2025-07-13T14:13:06.575354Z", "fetched_at": "2025-07-13T14:13:27.776375+00:00", "symbol": "BTC-USD"}, {"trade_id": 848229109, "side": "sell", "size": "0.00000293", "price": "118633.53000000", "time": "2025-07-13T14:13:06.575354Z", "fetched_at": "2025-07-13T14:13:27.776375+00:00", "symbol": "BTC-USD"}, {"trade_id": 848229108, "side": "sell", "size": "0.00007122", "price": "118627.85000000", "time": "2025-07-13T14:13:06.575354Z", "fetched_at": "2025-07-13T14:13:27.776375+00:00", "symbol": "BTC-USD"}, {"trade_id": 848229107, "side": "sell", "size": "0.00001017", "price": "118627.85000000", "time": "2025-07-13T14:13:06.575354Z", "fetched_at": "2025-07-13T14:13:27.776375+00:00", "symbol": "BTC-USD"}, {"trade_id": 848229106, "side": "buy", "size": "0.00013709", "price": "118627.84000000", "time": "2025-07-13T14:13:06.389075Z", "fetched_at": "2025-07-13T14:13:27.776375+00:00", "symbol": "BTC-USD"}, {"trade_id": 848229105, "side": "sell", "size": "0.00000017", "price": "118627.85000000", "time": "2025-07-13T14:13:05.099569Z", "fetched_at": "2025-07-13T14:13:27.776375+00:00", "symbol": "BTC-USD"}, {"trade_id": 848229104, "side": "buy", "size": "0.00250000", "price": "118627.84000000", "time": "2025-07-13T14:13:04.287663Z", "fetched_at": "2025-07-13T14:13:27.776375+00:00", "symbol": "BTC-USD"}, {"trade_id": 848229103, "side": "buy", "size": "0.00019000", "price": "118627.84000000", "time": "2025-07-13T14:13:03.614637Z", "fetched_at": "2025-07-13T14:13:27.776375+00:00", "symbol": "BTC-USD"}, {"trade_id": 848229102, "side": "sell", "size": "0.00000835", "price": "118627.85000000", "time": "2025-07-13T14:13:03.434572Z", "fetched_at": "2025-07-13T14:13:27.776375+00:00", "symbol": "BTC-USD"}, {"trade_id": 848229101, "side": "sell", "size": "0.00003243", "price": "118627.85000000", "time": "2025-07-13T14:13:03.330622Z", "fetched_at": "2025-07-13T14:13:27.776375+00:00", "symbol": "BTC-USD"}, {"trade_id": 848229100, "side": "sell", "size": "0.00000210", "price": "118627.85000000", "time": "2025-07-13T14:13:03.330622Z", "fetched_at": "2025-07-13T14:13:27.776375+00:00", "symbol": "BTC-USD"}, {"trade_id": 848229099, "side": "buy", "size": "0.00000370", "price": "118627.84000000", "time": "2025-07-13T14:13:02.183109Z", "fetched_at": "2025-07-13T14:13:27.776375+00:00", "symbol": "BTC-USD"}, {"trade_id": 848229098, "side": "sell", "size": "0.00215346", "price": "118627.85000000", "time": "2025-07-13T14:13:01.745940Z", "fetched_at": "2025-07-13T14:13:27.776375+00:00", "symbol": "BTC-USD"}, {"trade_id": 848229097, "side": "sell", "size": "0.00034000", "price": "118627.85000000", "time": "2025-07-13T14:13:01.463989Z", "fetched_at": "2025-07-13T14:13:27.776375+00:00", "symbol": "BTC-USD"}, {"trade_id": 848229096, "side": "sell", "size": "0.00001363", "price": "118627.85000000", "time": "2025-07-13T14:13:01.463989Z", "fetched_at": "2025-07-13T14:13:27.776375+00:00", "symbol": "BTC-USD"}, {"trade_id": 848229095, "side": "buy", "size": "0.04850828", "price": "118621.44000000", "time": "2025-07-13T14:13:00.567979Z", "fetched_at": "2025-07-13T14:13:27.776375+00:00", "symbol": "BTC-USD"}, {"trade_id": 848229094, "side": "buy", "size": "0.06249979", "price": "118623.22000000", "time": "2025-07-13T14:13:00.567979Z", "fetched_at": "2025-07-13T14:13:27.776375+00:00", "symbol": "BTC-USD"}, {"trade_id": 848229093, "side": "buy", "size": "0.00001825", "price": "118627.83000000", "time": "2025-07-13T14:13:00.567979Z", "fetched_at": "2025-07-13T14:13:27.776375+00:00", "symbol": "BTC-USD"}, {"trade_id": 848229092, "side": "buy", "size": "0.00000438", "price": "118627.84000000", "time": "2025-07-13T14:13:00.567979Z", "fetched_at": "2025-07-13T14:13:27.776375+00:00", "symbol": "BTC-USD"}, {"trade_id": 848229091, "side": "buy", "size": "0.00000160", "price": "118627.84000000", "time": "2025-07-13T14:13:00.567979Z", "fetched_at": "2025-07-13T14:13:27.776375+00:00", "symbol": "BTC-USD"}, {"trade_id": 848229090, "side": "buy", "size": "0.04069563", "price": "118627.84000000", "time": "2025-07-13T14:13:00.567979Z", "fetched_at": "2025-07-13T14:13:27.776375+00:00", "symbol": "BTC-USD"}, {"trade_id": 848229089, "side": "buy", "size": "0.00085140", "price": "118627.84000000", "time": "2025-07-13T14:13:00.529248Z", "fetched_at": "2025-07-13T14:13:27.776375+00:00", "symbol": "BTC-USD"}, {"trade_id": 848229088, "side": "buy", "size": "0.00008491", "price": "118627.84000000", "time": "2025-07-13T14:12:59.480345Z", "fetched_at": "2025-07-13T14:13:27.776375+00:00", "symbol": "BTC-USD"}, {"trade_id": 848229087, "side": "sell", "size": "0.00040304", "price": "118633.53000000", "time": "2025-07-13T14:12:58.157658Z", "fetched_at": "2025-07-13T14:13:27.776375+00:00", "symbol": "BTC-USD"}, {"trade_id": 848229086, "side": "sell", "size": "0.00000664", "price": "118629.52000000", "time": "2025-07-13T14:12:58.157658Z", "fetched_at": "2025-07-13T14:13:27.776375+00:00", "symbol": "BTC-USD"}, {"trade_id": 848229085, "side": "sell", "size": "0.03920336", "price": "118633.53000000", "time": "2025-07-13T14:12:58.123490Z", "fetched_at": "2025-07-13T14:13:27.776375+00:00", "symbol": "BTC-USD"}, {"trade_id": 848229084, "side": "sell", "size": "0.00000664", "price": "118629.77000000", "time": "2025-07-13T14:12:58.123490Z", "fetched_at": "2025-07-13T14:13:27.776375+00:00", "symbol": "BTC-USD"}, {"trade_id": 848229083, "side": "sell", "size": "0.00000210", "price": "118629.52000000", "time": "2025-07-13T14:12:58.123490Z", "fetched_at": "2025-07-13T14:13:27.776375+00:00", "symbol": "BTC-USD"}, {"trade_id": 848229082, "side": "sell", "size": "0.00174322", "price": "118629.52000000", "time": "2025-07-13T14:12:58.123490Z", "fetched_at": "2025-07-13T14:13:27.776375+00:00", "symbol": "BTC-USD"}, {"trade_id": 848229081, "side": "buy", "size": "0.00415383", "price": "118627.84000000", "time": "2025-07-13T14:12:55.583318Z", "fetched_at": "2025-07-13T14:13:27.776375+00:00", "symbol": "BTC-USD"}, {"trade_id": 848229080, "side": "buy", "size": "0.00006188", "price": "118627.86000000", "time": "2025-07-13T14:12:55.583318Z", "fetched_at": "2025-07-13T14:13:27.776375+00:00", "symbol": "BTC-USD"}, {"trade_id": 848229079, "side": "sell", "size": "0.00003635", "price": "118627.84000000", "time": "2025-07-13T14:12:53.416929Z", "fetched_at": "2025-07-13T14:13:27.776375+00:00", "symbol": "BTC-USD"}, {"trade_id": 848229078, "side": "sell", "size": "0.00000210", "price": "118627.84000000", "time": "2025-07-13T14:12:53.416929Z", "fetched_at": "2025-07-13T14:13:27.776375+00:00", "symbol": "BTC-USD"}, {"trade_id": 848229077, "side": "sell", "size": "0.01977260", "price": "118629.78000000", "time": "2025-07-13T14:12:53.210467Z", "fetched_at": "2025-07-13T14:13:27.776375+00:00", "symbol": "BTC-USD"}, {"trade_id": 848229076, "side": "sell", "size": "0.00001000", "price": "118628.10000000", "time": "2025-07-13T14:12:53.210467Z", "fetched_at": "2025-07-13T14:13:27.776375+00:00", "symbol": "BTC-USD"}, {"trade_id": 848229075, "side": "sell", "size": "0.00005454", "price": "118627.84000000", "time": "2025-07-13T14:12:53.210467Z", "fetched_at": "2025-07-13T14:13:27.776375+00:00", "symbol": "BTC-USD"}, {"trade_id": 848229074, "side": "sell", "size": "0.00316286", "price": "118627.84000000", "time": "2025-07-13T14:12:53.210467Z", "fetched_at": "2025-07-13T14:13:27.776375+00:00", "symbol": "BTC-USD"}, {"trade_id": 848229073, "side": "sell", "size": "0.02000000", "price": "118627.76000000", "time": "2025-07-13T14:12:52.267483Z", "fetched_at": "2025-07-13T14:13:27.776375+00:00", "symbol": "BTC-USD"}, {"trade_id": 848229072, "side": "sell", "size": "0.04000000", "price": "118627.76000000", "time": "2025-07-13T14:12:52.267483Z", "fetched_at": "2025-07-13T14:13:27.776375+00:00", "symbol": "BTC-USD"}, {"trade_id": 848229071, "side": "sell", "size": "0.00842975", "price": "118627.46000000", "time": "2025-07-13T14:12:52.267483Z", "fetched_at": "2025-07-13T14:13:27.776375+00:00", "symbol": "BTC-USD"}, {"trade_id": 848229070, "side": "sell", "size": "0.03788578", "price": "118627.05000000", "time": "2025-07-13T14:12:52.267483Z", "fetched_at": "2025-07-13T14:13:27.776375+00:00", "symbol": "BTC-USD"}, {"trade_id": 848229069, "side": "sell", "size": "0.03692276", "price": "118627.04000000", "time": "2025-07-13T14:12:52.267483Z", "fetched_at": "2025-07-13T14:13:27.776375+00:00", "symbol": "BTC-USD"}, {"trade_id": 848229068, "side": "sell", "size": "0.00000704", "price": "118620.15000000", "time": "2025-07-13T14:12:52.267483Z", "fetched_at": "2025-07-13T14:13:27.776375+00:00", "symbol": "BTC-USD"}, {"trade_id": 848229067, "side": "sell", "size": "0.00133841", "price": "118620.15000000", "time": "2025-07-13T14:12:52.266928Z", "fetched_at": "2025-07-13T14:13:27.776375+00:00", "symbol": "BTC-USD"}, {"trade_id": 848229066, "side": "sell", "size": "0.00000664", "price": "118620.04000000", "time": "2025-07-13T14:12:52.266928Z", "fetched_at": "2025-07-13T14:13:27.776375+00:00", "symbol": "BTC-USD"}, {"trade_id": 848229065, "side": "sell", "size": "0.04152603", "price": "118619.20000000", "time": "2025-07-13T14:12:52.266928Z", "fetched_at": "2025-07-13T14:13:27.776375+00:00", "symbol": "BTC-USD"}, {"trade_id": 848229064, "side": "sell", "size": "0.00001000", "price": "118619.20000000", "time": "2025-07-13T14:12:52.266928Z", "fetched_at": "2025-07-13T14:13:27.776375+00:00", "symbol": "BTC-USD"}, {"trade_id": 848229063, "side": "sell", "size": "0.00000704", "price": "118619.19000000", "time": "2025-07-13T14:12:52.266928Z", "fetched_at": "2025-07-13T14:13:27.776375+00:00", "symbol": "BTC-USD"}, {"trade_id": 848229062, "side": "sell", "size": "0.00005484", "price": "118613.01000000", "time": "2025-07-13T14:12:52.266928Z", "fetched_at": "2025-07-13T14:13:27.776375+00:00", "symbol": "BTC-USD"}, {"trade_id": 848229061, "side": "sell", "size": "0.00001034", "price": "118607.65000000", "time": "2025-07-13T14:12:52.214007Z", "fetched_at": "2025-07-13T14:13:27.776375+00:00", "symbol": "BTC-USD"}, {"trade_id": 848229060, "side": "sell", "size": "0.06232738", "price": "118607.65000000", "time": "2025-07-13T14:12:52.214007Z", "fetched_at": "2025-07-13T14:13:27.776375+00:00", "symbol": "BTC-USD"}, {"trade_id": 848229059, "side": "sell", "size": "0.00039000", "price": "118607.65000000", "time": "2025-07-13T14:12:51.799130Z", "fetched_at": "2025-07-13T14:13:27.776375+00:00", "symbol": "BTC-USD"}, {"trade_id": 848229058, "side": "sell", "size": "0.00039968", "price": "118607.65000000", "time": "2025-07-13T14:12:51.288262Z", "fetched_at": "2025-07-13T14:13:27.776375+00:00", "symbol": "BTC-USD"}, {"trade_id": 848229057, "side": "sell", "size": "0.00058000", "price": "118607.65000000", "time": "2025-07-13T14:12:51.169995Z", "fetched_at": "2025-07-13T14:13:27.776375+00:00", "symbol": "BTC-USD"}, {"trade_id": 848229056, "side": "sell", "size": "0.00001033", "price": "118604.10000000", "time": "2025-07-13T14:12:51.169995Z", "fetched_at": "2025-07-13T14:13:27.776375+00:00", "symbol": "BTC-USD"}, {"trade_id": 848229055, "side": "buy", "size": "0.00019948", "price": "118604.09000000", "time": "2025-07-13T14:12:50.960543Z", "fetched_at": "2025-07-13T14:13:27.776375+00:00", "symbol": "BTC-USD"}, {"trade_id": 848229054, "side": "buy", "size": "0.00037964", "price": "118601.15000000", "time": "2025-07-13T14:12:50.627217Z", "fetched_at": "2025-07-13T14:13:27.776375+00:00", "symbol": "BTC-USD"}, {"trade_id": 848229053, "side": "buy", "size": "0.00004600", "price": "118604.09000000", "time": "2025-07-13T14:12:50.627217Z", "fetched_at": "2025-07-13T14:13:27.776375+00:00", "symbol": "BTC-USD"}, {"trade_id": 848229052, "side": "buy", "size": "0.00000700", "price": "118604.09000000", "time": "2025-07-13T14:12:50.413704Z", "fetched_at": "2025-07-13T14:13:27.776375+00:00", "symbol": "BTC-USD"}, {"trade_id": 848229051, "side": "sell", "size": "0.00016380", "price": "118604.10000000", "time": "2025-07-13T14:12:49.533300Z", "fetched_at": "2025-07-13T14:13:27.776375+00:00", "symbol": "BTC-USD"}, {"trade_id": 848229050, "side": "buy", "size": "0.00400000", "price": "118602.76000000", "time": "2025-07-13T14:12:49.477628Z", "fetched_at": "2025-07-13T14:13:27.776375+00:00", "symbol": "BTC-USD"}, {"trade_id": 848229049, "side": "buy", "size": "0.04251765", "price": "118602.76000000", "time": "2025-07-13T14:12:49.475580Z", "fetched_at": "2025-07-13T14:13:27.776375+00:00", "symbol": "BTC-USD"}, {"trade_id": 848229048, "side": "buy", "size": "0.00004621", "price": "118604.09000000", "time": "2025-07-13T14:12:49.475580Z", "fetched_at": "2025-07-13T14:13:27.776375+00:00", "symbol": "BTC-USD"}, {"trade_id": 848229047, "side": "buy", "size": "0.00595419", "price": "118599.33000000", "time": "2025-07-13T14:12:49.447597Z", "fetched_at": "2025-07-13T14:13:27.776375+00:00", "symbol": "BTC-USD"}, {"trade_id": 848229046, "side": "buy", "size": "0.00000202", "price": "118599.35000000", "time": "2025-07-13T14:12:49.447597Z", "fetched_at": "2025-07-13T14:13:27.776375+00:00", "symbol": "BTC-USD"}, {"trade_id": 848229045, "side": "buy", "size": "0.00004379", "price": "118604.09000000", "time": "2025-07-13T14:12:49.447597Z", "fetched_at": "2025-07-13T14:13:27.776375+00:00", "symbol": "BTC-USD"}, {"trade_id": 848229044, "side": "buy", "size": "0.02394238", "price": "118599.33000000", "time": "2025-07-13T14:12:49.419037Z", "fetched_at": "2025-07-13T14:13:27.776375+00:00", "symbol": "BTC-USD"}, {"trade_id": 848229043, "side": "buy", "size": "0.00000067", "price": "118604.09000000", "time": "2025-07-13T14:12:49.419037Z", "fetched_at": "2025-07-13T14:13:27.776375+00:00", "symbol": "BTC-USD"}, {"trade_id": 848229042, "side": "buy", "size": "0.00004379", "price": "118604.09000000", "time": "2025-07-13T14:12:49.419037Z", "fetched_at": "2025-07-13T14:13:27.776375+00:00", "symbol": "BTC-USD"}, {"trade_id": 848229041, "side": "buy", "size": "0.00001316", "price": "118604.09000000", "time": "2025-07-13T14:12:49.419037Z", "fetched_at": "2025-07-13T14:13:27.776375+00:00", "symbol": "BTC-USD"}, {"trade_id": 848229040, "side": "buy", "size": "0.00494392", "price": "118599.33000000", "time": "2025-07-13T14:12:49.388842Z", "fetched_at": "2025-07-13T14:13:27.776375+00:00", "symbol": "BTC-USD"}, {"trade_id": 848229039, "side": "buy", "size": "0.00001391", "price": "118600.38000000", "time": "2025-07-13T14:12:49.388842Z", "fetched_at": "2025-07-13T14:13:27.776375+00:00", "symbol": "BTC-USD"}, {"trade_id": 848229038, "side": "buy", "size": "0.00004217", "price": "118604.09000000", "time": "2025-07-13T14:12:49.388842Z", "fetched_at": "2025-07-13T14:13:27.776375+00:00", "symbol": "BTC-USD"}, {"trade_id": 848229037, "side": "buy", "size": "0.00298970", "price": "118604.09000000", "time": "2025-07-13T14:12:49.360617Z", "fetched_at": "2025-07-13T14:13:27.776375+00:00", "symbol": "BTC-USD"}, {"trade_id": 848229036, "side": "buy", "size": "0.00000472", "price": "118604.09000000", "time": "2025-07-13T14:12:49.360617Z", "fetched_at": "2025-07-13T14:13:27.776375+00:00", "symbol": "BTC-USD"}, {"trade_id": 848229035, "side": "buy", "size": "0.00000558", "price": "118604.09000000", "time": "2025-07-13T14:12:49.360617Z", "fetched_at": "2025-07-13T14:13:27.776375+00:00", "symbol": "BTC-USD"}, {"trade_id": 848229034, "side": "buy", "size": "0.00005723", "price": "118604.09000000", "time": "2025-07-13T14:12:48.346520Z", "fetched_at": "2025-07-13T14:13:27.776375+00:00", "symbol": "BTC-USD"}, {"trade_id": 848229033, "side": "sell", "size": "0.00040000", "price": "118604.10000000", "time": "2025-07-13T14:12:48.119306Z", "fetched_at": "2025-07-13T14:13:27.776375+00:00", "symbol": "BTC-USD"}, {"trade_id": 848229032, "side": "sell", "size": "0.00077026", "price": "118604.10000000", "time": "2025-07-13T14:12:48.005804Z", "fetched_at": "2025-07-13T14:13:27.776375+00:00", "symbol": "BTC-USD"}, {"trade_id": 848229031, "side": "sell", "size": "0.00004881", "price": "118604.10000000", "time": "2025-07-13T14:12:48.005804Z", "fetched_at": "2025-07-13T14:13:27.776375+00:00", "symbol": "BTC-USD"}, {"trade_id": 848229030, "side": "sell", "size": "0.00015067", "price": "118606.80000000", "time": "2025-07-13T14:12:47.550246Z", "fetched_at": "2025-07-13T14:13:27.776375+00:00", "symbol": "BTC-USD"}, {"trade_id": 848229029, "side": "sell", "size": "0.00004881", "price": "118606.79000000", "time": "2025-07-13T14:12:47.550246Z", "fetched_at": "2025-07-13T14:13:27.776375+00:00", "symbol": "BTC-USD"}, {"trade_id": 848229028, "side": "sell", "size": "0.00107618", "price": "118606.80000000", "time": "2025-07-13T14:12:47.458863Z", "fetched_at": "2025-07-13T14:13:27.776375+00:00", "symbol": "BTC-USD"}, {"trade_id": 848229027, "side": "sell", "size": "0.00000219", "price": "118604.34000000", "time": "2025-07-13T14:12:47.458863Z", "fetched_at": "2025-07-13T14:13:27.776375+00:00", "symbol": "BTC-USD"}, {"trade_id": 848229026, "side": "sell", "size": "0.00005163", "price": "118604.10000000", "time": "2025-07-13T14:12:47.458863Z", "fetched_at": "2025-07-13T14:13:27.776375+00:00", "symbol": "BTC-USD"}, {"trade_id": 848229025, "side": "sell", "size": "0.00000957", "price": "118604.33000000", "time": "2025-07-13T14:12:47.158162Z", "fetched_at": "2025-07-13T14:13:27.776375+00:00", "symbol": "BTC-USD"}, {"trade_id": 848229024, "side": "buy", "size": "0.00906448", "price": "118600.36000000", "time": "2025-07-13T14:12:46.641584Z", "fetched_at": "2025-07-13T14:13:27.776375+00:00", "symbol": "BTC-USD"}, {"trade_id": 848229023, "side": "buy", "size": "0.00003749", "price": "118600.37000000", "time": "2025-07-13T14:12:46.641584Z", "fetched_at": "2025-07-13T14:13:27.776375+00:00", "symbol": "BTC-USD"}, {"trade_id": 848229022, "side": "buy", "size": "0.00001000", "price": "118601.40000000", "time": "2025-07-13T14:12:46.641584Z", "fetched_at": "2025-07-13T14:13:27.776375+00:00", "symbol": "BTC-USD"}, {"trade_id": 848229021, "side": "buy", "size": "0.00001000", "price": "118610.30000000", "time": "2025-07-13T14:12:46.641584Z", "fetched_at": "2025-07-13T14:13:27.776375+00:00", "symbol": "BTC-USD"}, {"trade_id": 848229020, "side": "sell", "size": "0.00008344", "price": "118610.31000000", "time": "2025-07-13T14:12:46.591093Z", "fetched_at": "2025-07-13T14:13:27.776375+00:00", "symbol": "BTC-USD"}, {"trade_id": 848229019, "side": "sell", "size": "0.00020477", "price": "118610.31000000", "time": "2025-07-13T14:12:46.128077Z", "fetched_at": "2025-07-13T14:13:27.776375+00:00", "symbol": "BTC-USD"}, {"trade_id": 848229018, "side": "buy", "size": "0.08399195", "price": "118615.95000000", "time": "2025-07-13T14:12:46.069317Z", "fetched_at": "2025-07-13T14:13:27.776375+00:00", "symbol": "BTC-USD"}, {"trade_id": 848229017, "side": "buy", "size": "0.00001000", "price": "118619.20000000", "time": "2025-07-13T14:12:46.031582Z", "fetched_at": "2025-07-13T14:13:27.776375+00:00", "symbol": "BTC-USD"}, {"trade_id": 848229016, "side": "buy", "size": "0.00000590", "price": "118620.03000000", "time": "2025-07-13T14:12:46.031582Z", "fetched_at": "2025-07-13T14:13:27.776375+00:00", "symbol": "BTC-USD"}, {"trade_id": 848229015, "side": "buy", "size": "0.00007852", "price": "118620.03000000", "time": "2025-07-13T14:12:46.031582Z", "fetched_at": "2025-07-13T14:13:27.776375+00:00", "symbol": "BTC-USD"}, {"trade_id": 848229014, "side": "buy", "size": "0.00001787", "price": "118620.03000000", "time": "2025-07-13T14:12:46.031582Z", "fetched_at": "2025-07-13T14:13:27.776375+00:00", "symbol": "BTC-USD"}, {"trade_id": 848229013, "side": "buy", "size": "0.00133083", "price": "118620.03000000", "time": "2025-07-13T14:12:46.031582Z", "fetched_at": "2025-07-13T14:13:27.776375+00:00", "symbol": "BTC-USD"}, {"trade_id": 848229012, "side": "buy", "size": "0.00044978", "price": "118620.03000000", "time": "2025-07-13T14:12:45.844625Z", "fetched_at": "2025-07-13T14:13:27.776375+00:00", "symbol": "BTC-USD"}, {"trade_id": 848229011, "side": "buy", "size": "0.00013215", "price": "118620.06000000", "time": "2025-07-13T14:12:45.844625Z", "fetched_at": "2025-07-13T14:13:27.776375+00:00", "symbol": "BTC-USD"}, {"trade_id": 848229010, "side": "sell", "size": "0.00206166", "price": "118620.07000000", "time": "2025-07-13T14:12:45.820673Z", "fetched_at": "2025-07-13T14:13:27.776375+00:00", "symbol": "BTC-USD"}, {"trade_id": 848229009, "side": "buy", "size": "0.00003603", "price": "118620.06000000", "time": "2025-07-13T14:12:45.815680Z", "fetched_at": "2025-07-13T14:13:27.776375+00:00", "symbol": "BTC-USD"}, {"trade_id": 848229008, "side": "sell", "size": "0.00922513", "price": "118620.07000000", "time": "2025-07-13T14:12:45.773329Z", "fetched_at": "2025-07-13T14:13:27.776375+00:00", "symbol": "BTC-USD"}, {"trade_id": 848229007, "side": "sell", "size": "0.03289925", "price": "118620.07000000", "time": "2025-07-13T14:12:45.773329Z", "fetched_at": "2025-07-13T14:13:27.776375+00:00", "symbol": "BTC-USD"}, {"trade_id": 848229006, "side": "sell", "size": "0.03178608", "price": "118620.07000000", "time": "2025-07-13T14:12:45.773329Z", "fetched_at": "2025-07-13T14:13:27.776375+00:00", "symbol": "BTC-USD"}, {"trade_id": 848229005, "side": "sell", "size": "0.00007689", "price": "118620.07000000", "time": "2025-07-13T14:12:45.773329Z", "fetched_at": "2025-07-13T14:13:27.776375+00:00", "symbol": "BTC-USD"}, {"trade_id": 848229004, "side": "sell", "size": "0.03500000", "price": "118620.07000000", "time": "2025-07-13T14:12:45.773329Z", "fetched_at": "2025-07-13T14:13:27.776375+00:00", "symbol": "BTC-USD"}, {"trade_id": 848229003, "side": "sell", "size": "0.01465000", "price": "118620.07000000", "time": "2025-07-13T14:12:45.773329Z", "fetched_at": "2025-07-13T14:13:27.776375+00:00", "symbol": "BTC-USD"}, {"trade_id": 848229002, "side": "sell", "size": "0.00013000", "price": "118620.07000000", "time": "2025-07-13T14:12:44.424642Z", "fetched_at": "2025-07-13T14:13:27.776375+00:00", "symbol": "BTC-USD"}, {"trade_id": 848229001, "side": "buy", "size": "0.02229247", "price": "118629.66000000", "time": "2025-07-13T14:12:44.359787Z", "fetched_at": "2025-07-13T14:13:27.776375+00:00", "symbol": "BTC-USD"}, {"trade_id": 848229000, "side": "buy", "size": "0.01140520", "price": "118629.66000000", "time": "2025-07-13T14:12:44.359376Z", "fetched_at": "2025-07-13T14:13:27.776375+00:00", "symbol": "BTC-USD"}, {"trade_id": 848228999, "side": "buy", "size": "0.03540267", "price": "118634.13000000", "time": "2025-07-13T14:12:44.359017Z", "fetched_at": "2025-07-13T14:13:27.776375+00:00", "symbol": "BTC-USD"}, {"trade_id": 848228998, "side": "buy", "size": "0.01359733", "price": "118634.13000000", "time": "2025-07-13T14:12:44.358512Z", "fetched_at": "2025-07-13T14:13:27.776375+00:00", "symbol": "BTC-USD"}, {"trade_id": 848228997, "side": "buy", "size": "0.02329515", "price": "118638.82000000", "time": "2025-07-13T14:12:44.351703Z", "fetched_at": "2025-07-13T14:13:27.776375+00:00", "symbol": "BTC-USD"}, {"trade_id": 848228996, "side": "buy", "size": "0.03013485", "price": "118639.44000000", "time": "2025-07-13T14:12:44.351703Z", "fetched_at": "2025-07-13T14:13:27.776375+00:00", "symbol": "BTC-USD"}, {"trade_id": 848228995, "side": "buy", "size": "0.01555283", "price": "118639.44000000", "time": "2025-07-13T14:12:44.351129Z", "fetched_at": "2025-07-13T14:13:27.776375+00:00", "symbol": "BTC-USD"}, {"trade_id": 848228994, "side": "buy", "size": "0.01488747", "price": "118639.44000000", "time": "2025-07-13T14:12:44.350179Z", "fetched_at": "2025-07-13T14:13:27.776375+00:00", "symbol": "BTC-USD"}, {"trade_id": 848228993, "side": "buy", "size": "0.00792485", "price": "118639.44000000", "time": "2025-07-13T14:12:44.349965Z", "fetched_at": "2025-07-13T14:13:27.776375+00:00", "symbol": "BTC-USD"}, {"trade_id": 848228992, "side": "buy", "size": "0.02081948", "price": "118639.93000000", "time": "2025-07-13T14:12:44.349965Z", "fetched_at": "2025-07-13T14:13:27.776375+00:00", "symbol": "BTC-USD"}, {"trade_id": 848228991, "side": "buy", "size": "0.04068400", "price": "118639.93000000", "time": "2025-07-13T14:12:44.349363Z", "fetched_at": "2025-07-13T14:13:27.776375+00:00", "symbol": "BTC-USD"}, {"trade_id": 848228990, "side": "buy", "size": "0.00433990", "price": "118640.14000000", "time": "2025-07-13T14:12:44.349363Z", "fetched_at": "2025-07-13T14:13:27.776375+00:00", "symbol": "BTC-USD"}, {"trade_id": 848228989, "side": "buy", "size": "0.05157379", "price": "118643.56000000", "time": "2025-07-13T14:12:44.349363Z", "fetched_at": "2025-07-13T14:13:27.776375+00:00", "symbol": "BTC-USD"}, {"trade_id": 848228988, "side": "buy", "size": "0.00002535", "price": "118643.56000000", "time": "2025-07-13T14:12:44.349363Z", "fetched_at": "2025-07-13T14:13:27.776375+00:00", "symbol": "BTC-USD"}, {"trade_id": 848228987, "side": "buy", "size": "0.00213321", "price": "118643.56000000", "time": "2025-07-13T14:12:44.349363Z", "fetched_at": "2025-07-13T14:13:27.776375+00:00", "symbol": "BTC-USD"}, {"trade_id": 848228986, "side": "buy", "size": "0.00005493", "price": "118643.57000000", "time": "2025-07-13T14:12:44.349363Z", "fetched_at": "2025-07-13T14:13:27.776375+00:00", "symbol": "BTC-USD"}, {"trade_id": 848228985, "side": "buy", "size": "0.00842860", "price": "118643.57000000", "time": "2025-07-13T14:12:44.349363Z", "fetched_at": "2025-07-13T14:13:27.776375+00:00", "symbol": "BTC-USD"}, {"trade_id": 848228984, "side": "buy", "size": "0.00158878", "price": "118643.57000000", "time": "2025-07-13T14:12:44.172701Z", "fetched_at": "2025-07-13T14:13:27.776375+00:00", "symbol": "BTC-USD"}, {"trade_id": 848228983, "side": "buy", "size": "0.00011395", "price": "118643.57000000", "time": "2025-07-13T14:12:44.172701Z", "fetched_at": "2025-07-13T14:13:27.776375+00:00", "symbol": "BTC-USD"}, {"trade_id": 848228982, "side": "buy", "size": "0.00168572", "price": "118643.57000000", "time": "2025-07-13T14:12:43.711051Z", "fetched_at": "2025-07-13T14:13:27.776375+00:00", "symbol": "BTC-USD"}, {"trade_id": 848228981, "side": "sell", "size": "0.00159906", "price": "118645.25000000", "time": "2025-07-13T14:12:43.092263Z", "fetched_at": "2025-07-13T14:13:27.776375+00:00", "symbol": "BTC-USD"}, {"trade_id": 848228980, "side": "sell", "size": "0.00013896", "price": "118645.25000000", "time": "2025-07-13T14:12:43.047726Z", "fetched_at": "2025-07-13T14:13:27.776375+00:00", "symbol": "BTC-USD"}, {"trade_id": 848228979, "side": "sell", "size": "0.00007742", "price": "118645.24000000", "time": "2025-07-13T14:12:43.047726Z", "fetched_at": "2025-07-13T14:13:27.776375+00:00", "symbol": "BTC-USD"}, {"trade_id": 848228978, "side": "sell", "size": "0.00000362", "price": "118643.57000000", "time": "2025-07-13T14:12:43.047726Z", "fetched_at": "2025-07-13T14:13:27.776375+00:00", "symbol": "BTC-USD"}, {"trade_id": 848228977, "side": "sell", "size": "0.00006675", "price": "118645.25000000", "time": "2025-07-13T14:12:41.805808Z", "fetched_at": "2025-07-13T14:13:27.776375+00:00", "symbol": "BTC-USD"}, {"trade_id": 848228976, "side": "sell", "size": "0.00001125", "price": "118645.24000000", "time": "2025-07-13T14:12:41.805808Z", "fetched_at": "2025-07-13T14:13:27.776375+00:00", "symbol": "BTC-USD"}, {"trade_id": 848228975, "side": "sell", "size": "0.00008190", "price": "118643.57000000", "time": "2025-07-13T14:12:41.805808Z", "fetched_at": "2025-07-13T14:13:27.776375+00:00", "symbol": "BTC-USD"}, {"trade_id": 848228974, "side": "buy", "size": "0.00000035", "price": "118643.56000000", "time": "2025-07-13T14:12:41.061687Z", "fetched_at": "2025-07-13T14:13:27.776375+00:00", "symbol": "BTC-USD"}, {"trade_id": 848228973, "side": "sell", "size": "0.00000033", "price": "118645.25000000", "time": "2025-07-13T14:12:40.908517Z", "fetched_at": "2025-07-13T14:13:27.776375+00:00", "symbol": "BTC-USD"}, {"trade_id": 848228972, "side": "sell", "size": "0.00035423", "price": "118645.25000000", "time": "2025-07-13T14:12:40.823175Z", "fetched_at": "2025-07-13T14:13:27.776375+00:00", "symbol": "BTC-USD"}, {"trade_id": 848228971, "side": "sell", "size": "0.00155404", "price": "118645.25000000", "time": "2025-07-13T14:12:39.995817Z", "fetched_at": "2025-07-13T14:13:27.776375+00:00", "symbol": "BTC-USD"}, {"trade_id": 848228970, "side": "sell", "size": "0.00007371", "price": "118645.24000000", "time": "2025-07-13T14:12:39.995817Z", "fetched_at": "2025-07-13T14:13:27.776375+00:00", "symbol": "BTC-USD"}, {"trade_id": 848228969, "side": "sell", "size": "0.00000881", "price": "118643.58000000", "time": "2025-07-13T14:12:39.995817Z", "fetched_at": "2025-07-13T14:13:27.776375+00:00", "symbol": "BTC-USD"}, {"trade_id": 848228968, "side": "buy", "size": "0.03227282", "price": "118643.57000000", "time": "2025-07-13T14:12:39.432832Z", "fetched_at": "2025-07-13T14:13:27.776375+00:00", "symbol": "BTC-USD"}, {"trade_id": 848228967, "side": "buy", "size": "0.00342073", "price": "118643.57000000", "time": "2025-07-13T14:12:39.432832Z", "fetched_at": "2025-07-13T14:13:27.776375+00:00", "symbol": "BTC-USD"}, {"trade_id": 848228966, "side": "sell", "size": "0.00000427", "price": "118643.58000000", "time": "2025-07-13T14:12:39.254279Z", "fetched_at": "2025-07-13T14:13:27.776375+00:00", "symbol": "BTC-USD"}, {"trade_id": 848228965, "side": "sell", "size": "0.00327492", "price": "118645.25000000", "time": "2025-07-13T14:12:37.779004Z", "fetched_at": "2025-07-13T14:13:27.776375+00:00", "symbol": "BTC-USD"}, {"trade_id": 848228964, "side": "sell", "size": "0.00006309", "price": "118645.24000000", "time": "2025-07-13T14:12:37.779004Z", "fetched_at": "2025-07-13T14:13:27.776375+00:00", "symbol": "BTC-USD"}, {"trade_id": 848228963, "side": "sell", "size": "0.00043220", "price": "118648.41000000", "time": "2025-07-13T14:12:36.890617Z", "fetched_at": "2025-07-13T14:13:27.776375+00:00", "symbol": "BTC-USD"}, {"trade_id": 848228962, "side": "sell", "size": "0.00006294", "price": "118648.40000000", "time": "2025-07-13T14:12:36.890617Z", "fetched_at": "2025-07-13T14:13:27.776375+00:00", "symbol": "BTC-USD"}, {"trade_id": 848228961, "side": "sell", "size": "0.00001000", "price": "118645.90000000", "time": "2025-07-13T14:12:36.890617Z", "fetched_at": "2025-07-13T14:13:27.776375+00:00", "symbol": "BTC-USD"}, {"trade_id": 848228960, "side": "sell", "size": "0.00000059", "price": "118629.49000000", "time": "2025-07-13T14:12:36.890617Z", "fetched_at": "2025-07-13T14:13:27.776375+00:00", "symbol": "BTC-USD"}, {"trade_id": 848228959, "side": "buy", "size": "0.00008302", "price": "118629.48000000", "time": "2025-07-13T14:12:36.013009Z", "fetched_at": "2025-07-13T14:13:27.776375+00:00", "symbol": "BTC-USD"}, {"trade_id": 848228958, "side": "sell", "size": "0.00816653", "price": "118639.05000000", "time": "2025-07-13T14:12:33.584203Z", "fetched_at": "2025-07-13T14:13:27.776375+00:00", "symbol": "BTC-USD"}, {"trade_id": 848228957, "side": "sell", "size": "0.00002478", "price": "118629.49000000", "time": "2025-07-13T14:12:33.584203Z", "fetched_at": "2025-07-13T14:13:27.776375+00:00", "symbol": "BTC-USD"}, {"trade_id": 848228956, "side": "sell", "size": "0.00406854", "price": "118639.05000000", "time": "2025-07-13T14:12:33.556100Z", "fetched_at": "2025-07-13T14:13:27.776375+00:00", "symbol": "BTC-USD"}, {"trade_id": 848228955, "side": "sell", "size": "0.00000210", "price": "118626.19000000", "time": "2025-07-13T14:12:33.556100Z", "fetched_at": "2025-07-13T14:13:27.776375+00:00", "symbol": "BTC-USD"}, {"trade_id": 848228954, "side": "sell", "size": "0.00002494", "price": "118626.19000000", "time": "2025-07-13T14:12:33.556100Z", "fetched_at": "2025-07-13T14:13:27.776375+00:00", "symbol": "BTC-USD"}, {"trade_id": 848228953, "side": "sell", "size": "0.00407072", "price": "118635.08000000", "time": "2025-07-13T14:12:33.363964Z", "fetched_at": "2025-07-13T14:13:27.776375+00:00", "symbol": "BTC-USD"}, {"trade_id": 848228952, "side": "sell", "size": "0.00002494", "price": "118626.19000000", "time": "2025-07-13T14:12:33.363964Z", "fetched_at": "2025-07-13T14:13:27.776375+00:00", "symbol": "BTC-USD"}, {"trade_id": 848228951, "side": "sell", "size": "0.00108454", "price": "118634.51000000", "time": "2025-07-13T14:12:33.273116Z", "fetched_at": "2025-07-13T14:13:27.776375+00:00", "symbol": "BTC-USD"}, {"trade_id": 848228950, "side": "sell", "size": "0.00000759", "price": "118633.89000000", "time": "2025-07-13T14:12:33.273116Z", "fetched_at": "2025-07-13T14:13:27.776375+00:00", "symbol": "BTC-USD"}, {"trade_id": 848228949, "side": "sell", "size": "0.00000203", "price": "118633.89000000", "time": "2025-07-13T14:12:33.273116Z", "fetched_at": "2025-07-13T14:13:27.776375+00:00", "symbol": "BTC-USD"}, {"trade_id": 848228948, "side": "sell", "size": "0.00002494", "price": "118623.35000000", "time": "2025-07-13T14:12:33.273116Z", "fetched_at": "2025-07-13T14:13:27.776375+00:00", "symbol": "BTC-USD"}, {"trade_id": 848228947, "side": "sell", "size": "0.00032458", "price": "118633.88000000", "time": "2025-07-13T14:12:32.559309Z", "fetched_at": "2025-07-13T14:13:27.776375+00:00", "symbol": "BTC-USD"}, {"trade_id": 848228946, "side": "sell", "size": "0.00006814", "price": "118623.35000000", "time": "2025-07-13T14:12:32.559309Z", "fetched_at": "2025-07-13T14:13:27.776375+00:00", "symbol": "BTC-USD"}, {"trade_id": 848228945, "side": "sell", "size": "0.00074142", "price": "118633.89000000", "time": "2025-07-13T14:12:32.478536Z", "fetched_at": "2025-07-13T14:13:27.776375+00:00", "symbol": "BTC-USD"}, {"trade_id": 848228944, "side": "sell", "size": "0.00006568", "price": "118620.64000000", "time": "2025-07-13T14:12:32.478536Z", "fetched_at": "2025-07-13T14:13:27.776375+00:00", "symbol": "BTC-USD"}, {"trade_id": 848228943, "side": "sell", "size": "0.00000664", "price": "118620.64000000", "time": "2025-07-13T14:12:32.478536Z", "fetched_at": "2025-07-13T14:13:27.776375+00:00", "symbol": "BTC-USD"}, {"trade_id": 848228942, "side": "sell", "size": "0.00000429", "price": "118620.64000000", "time": "2025-07-13T14:12:32.478536Z", "fetched_at": "2025-07-13T14:13:27.776375+00:00", "symbol": "BTC-USD"}, {"trade_id": 848228941, "side": "sell", "size": "0.00000115", "price": "118620.64000000", "time": "2025-07-13T14:12:32.478536Z", "fetched_at": "2025-07-13T14:13:27.776375+00:00", "symbol": "BTC-USD"}, {"trade_id": 848228940, "side": "buy", "size": "0.00008590", "price": "118620.63000000", "time": "2025-07-13T14:12:32.096722Z", "fetched_at": "2025-07-13T14:13:27.776375+00:00", "symbol": "BTC-USD"}, {"trade_id": 848228939, "side": "sell", "size": "0.00001952", "price": "118620.64000000", "time": "2025-07-13T14:12:32.078251Z", "fetched_at": "2025-07-13T14:13:27.776375+00:00", "symbol": "BTC-USD"}, {"trade_id": 848228938, "side": "sell", "size": "0.00001328", "price": "118620.64000000", "time": "2025-07-13T14:12:32.078251Z", "fetched_at": "2025-07-13T14:13:27.776375+00:00", "symbol": "BTC-USD"}, {"trade_id": 848228937, "side": "sell", "size": "0.00004959", "price": "118625.08000000", "time": "2025-07-13T14:12:30.869344Z", "fetched_at": "2025-07-13T14:13:27.776375+00:00", "symbol": "BTC-USD"}, {"trade_id": 848228936, "side": "sell", "size": "0.00003320", "price": "118620.64000000", "time": "2025-07-13T14:12:30.869344Z", "fetched_at": "2025-07-13T14:13:27.776375+00:00", "symbol": "BTC-USD"}, {"trade_id": 848228935, "side": "sell", "size": "0.00008268", "price": "118620.64000000", "time": "2025-07-13T14:12:30.869344Z", "fetched_at": "2025-07-13T14:13:27.776375+00:00", "symbol": "BTC-USD"}, {"trade_id": 848228934, "side": "sell", "size": "0.00001045", "price": "118620.64000000", "time": "2025-07-13T14:12:30.869344Z", "fetched_at": "2025-07-13T14:13:27.776375+00:00", "symbol": "BTC-USD"}, {"trade_id": 848228933, "side": "buy", "size": "0.00020357", "price": "118620.03000000", "time": "2025-07-13T14:12:30.590726Z", "fetched_at": "2025-07-13T14:13:27.776375+00:00", "symbol": "BTC-USD"}, {"trade_id": 848228932, "side": "buy", "size": "0.00210724", "price": "118620.03000000", "time": "2025-07-13T14:12:30.580332Z", "fetched_at": "2025-07-13T14:13:27.776375+00:00", "symbol": "BTC-USD"}, {"trade_id": 848228931, "side": "buy", "size": "0.00084293", "price": "118620.03000000", "time": "2025-07-13T14:12:30.091945Z", "fetched_at": "2025-07-13T14:13:27.776375+00:00", "symbol": "BTC-USD"}, {"trade_id": 848228930, "side": "buy", "size": "0.00006565", "price": "118620.03000000", "time": "2025-07-13T14:12:29.483270Z", "fetched_at": "2025-07-13T14:13:27.776375+00:00", "symbol": "BTC-USD"}, {"trade_id": 848228929, "side": "buy", "size": "0.00001703", "price": "118620.05000000", "time": "2025-07-13T14:12:28.314343Z", "fetched_at": "2025-07-13T14:13:27.776375+00:00", "symbol": "BTC-USD"}, {"trade_id": 848228928, "side": "sell", "size": "0.00409568", "price": "118620.06000000", "time": "2025-07-13T14:12:28.164620Z", "fetched_at": "2025-07-13T14:13:27.776375+00:00", "symbol": "BTC-USD"}, {"trade_id": 848228927, "side": "sell", "size": "0.00007340", "price": "118620.06000000", "time": "2025-07-13T14:12:27.971001Z", "fetched_at": "2025-07-13T14:13:27.776375+00:00", "symbol": "BTC-USD"}, {"trade_id": 848228926, "side": "sell", "size": "0.00061752", "price": "118620.05000000", "time": "2025-07-13T14:12:27.118386Z", "fetched_at": "2025-07-13T14:13:27.776375+00:00", "symbol": "BTC-USD"}, {"trade_id": 848228925, "side": "sell", "size": "0.00035000", "price": "118620.04000000", "time": "2025-07-13T14:12:26.589544Z", "fetched_at": "2025-07-13T14:13:27.776375+00:00", "symbol": "BTC-USD"}, {"trade_id": 848228924, "side": "buy", "size": "0.00001000", "price": "118628.10000000", "time": "2025-07-13T14:12:25.783912Z", "fetched_at": "2025-07-13T14:13:27.776375+00:00", "symbol": "BTC-USD"}, {"trade_id": 848228923, "side": "buy", "size": "0.03805984", "price": "118628.16000000", "time": "2025-07-13T14:12:25.783912Z", "fetched_at": "2025-07-13T14:13:27.776375+00:00", "symbol": "BTC-USD"}, {"trade_id": 848228922, "side": "buy", "size": "0.03044016", "price": "118628.16000000", "time": "2025-07-13T14:12:25.780201Z", "fetched_at": "2025-07-13T14:13:27.776375+00:00", "symbol": "BTC-USD"}, {"trade_id": 848228921, "side": "buy", "size": "0.00002829", "price": "118628.16000000", "time": "2025-07-13T14:12:25.780201Z", "fetched_at": "2025-07-13T14:13:27.776375+00:00", "symbol": "BTC-USD"}, {"trade_id": 848228920, "side": "buy", "size": "0.00001571", "price": "118628.16000000", "time": "2025-07-13T14:12:25.780201Z", "fetched_at": "2025-07-13T14:13:27.776375+00:00", "symbol": "BTC-USD"}, {"trade_id": 848228919, "side": "buy", "size": "0.00000303", "price": "118628.16000000", "time": "2025-07-13T14:12:25.780201Z", "fetched_at": "2025-07-13T14:13:27.776375+00:00", "symbol": "BTC-USD"}, {"trade_id": 848228918, "side": "buy", "size": "0.00000109", "price": "118628.16000000", "time": "2025-07-13T14:12:25.780201Z", "fetched_at": "2025-07-13T14:13:27.776375+00:00", "symbol": "BTC-USD"}, {"trade_id": 848228917, "side": "buy", "size": "0.00465000", "price": "118628.16000000", "time": "2025-07-13T14:12:25.780201Z", "fetched_at": "2025-07-13T14:13:27.776375+00:00", "symbol": "BTC-USD"}, {"trade_id": 848228916, "side": "sell", "size": "0.00055300", "price": "118628.17000000", "time": "2025-07-13T14:12:25.586279Z", "fetched_at": "2025-07-13T14:13:27.776375+00:00", "symbol": "BTC-USD"}, {"trade_id": 848228915, "side": "buy", "size": "0.00027846", "price": "118628.16000000", "time": "2025-07-13T14:12:23.511537Z", "fetched_at": "2025-07-13T14:13:27.776375+00:00", "symbol": "BTC-USD"}, {"trade_id": 848228914, "side": "buy", "size": "0.00000346", "price": "118628.17000000", "time": "2025-07-13T14:12:23.198374Z", "fetched_at": "2025-07-13T14:13:27.776375+00:00", "symbol": "BTC-USD"}, {"trade_id": 848228913, "side": "sell", "size": "0.00410600", "price": "118641.70000000", "time": "2025-07-13T14:12:21.727259Z", "fetched_at": "2025-07-13T14:13:27.776375+00:00", "symbol": "BTC-USD"}, {"trade_id": 848228912, "side": "sell", "size": "0.00006650", "price": "118634.46000000", "time": "2025-07-13T14:12:21.727259Z", "fetched_at": "2025-07-13T14:13:27.776375+00:00", "symbol": "BTC-USD"}, {"trade_id": 848228911, "side": "buy", "size": "0.00096816", "price": "118631.65000000", "time": "2025-07-13T14:12:20.743090Z", "fetched_at": "2025-07-13T14:13:27.776375+00:00", "symbol": "BTC-USD"}, {"trade_id": 848228910, "side": "sell", "size": "0.00040958", "price": "118631.69000000", "time": "2025-07-13T14:12:20.109902Z", "fetched_at": "2025-07-13T14:13:27.776375+00:00", "symbol": "BTC-USD"}, {"trade_id": 848228909, "side": "sell", "size": "0.00007578", "price": "118631.69000000", "time": "2025-07-13T14:12:19.964578Z", "fetched_at": "2025-07-13T14:13:27.776375+00:00", "symbol": "BTC-USD"}, {"trade_id": 848228908, "side": "sell", "size": "0.04820362", "price": "118639.98000000", "time": "2025-07-13T14:12:19.289371Z", "fetched_at": "2025-07-13T14:13:27.776375+00:00", "symbol": "BTC-USD"}, {"trade_id": 848228907, "side": "sell", "size": "0.00008034", "price": "118639.97000000", "time": "2025-07-13T14:12:19.289371Z", "fetched_at": "2025-07-13T14:13:27.776375+00:00", "symbol": "BTC-USD"}, {"trade_id": 848228906, "side": "sell", "size": "0.00000179", "price": "118639.99000000", "time": "2025-07-13T14:12:18.945524Z", "fetched_at": "2025-07-13T14:13:27.776375+00:00", "symbol": "BTC-USD"}, {"trade_id": 848228905, "side": "buy", "size": "0.00000058", "price": "118631.67000000", "time": "2025-07-13T14:12:18.794096Z", "fetched_at": "2025-07-13T14:13:27.776375+00:00", "symbol": "BTC-USD"}, {"trade_id": 848228904, "side": "sell", "size": "0.00004799", "price": "118638.15000000", "time": "2025-07-13T14:12:18.757854Z", "fetched_at": "2025-07-13T14:13:27.776375+00:00", "symbol": "BTC-USD"}, {"trade_id": 848228903, "side": "sell", "size": "0.00834528", "price": "118631.66000000", "time": "2025-07-13T14:12:18.377557Z", "fetched_at": "2025-07-13T14:13:27.776375+00:00", "symbol": "BTC-USD"}, {"trade_id": 848228902, "side": "sell", "size": "0.00008171", "price": "118631.66000000", "time": "2025-07-13T14:12:18.318762Z", "fetched_at": "2025-07-13T14:13:27.776375+00:00", "symbol": "BTC-USD"}, {"trade_id": 848228901, "side": "sell", "size": "0.00012233", "price": "118640.99000000", "time": "2025-07-13T14:12:17.877522Z", "fetched_at": "2025-07-13T14:13:27.776375+00:00", "symbol": "BTC-USD"}, {"trade_id": 848228900, "side": "sell", "size": "0.00007541", "price": "118640.98000000", "time": "2025-07-13T14:12:17.877522Z", "fetched_at": "2025-07-13T14:13:27.776375+00:00", "symbol": "BTC-USD"}, {"trade_id": 848228899, "side": "sell", "size": "0.00144051", "price": "118635.94000000", "time": "2025-07-13T14:12:17.877522Z", "fetched_at": "2025-07-13T14:13:27.776375+00:00", "symbol": "BTC-USD"}, {"trade_id": 848228898, "side": "sell", "size": "0.00008137", "price": "118635.94000000", "time": "2025-07-13T14:12:16.903920Z", "fetched_at": "2025-07-13T14:13:27.776375+00:00", "symbol": "BTC-USD"}, {"trade_id": 848228897, "side": "buy", "size": "0.00042615", "price": "118629.05000000", "time": "2025-07-13T14:12:16.642056Z", "fetched_at": "2025-07-13T14:13:27.776375+00:00", "symbol": "BTC-USD"}, {"trade_id": 848228896, "side": "buy", "size": "0.00003922", "price": "118629.06000000", "time": "2025-07-13T14:12:16.642056Z", "fetched_at": "2025-07-13T14:13:27.776375+00:00", "symbol": "BTC-USD"}, {"trade_id": 848228895, "side": "buy", "size": "0.00025414", "price": "118629.04000000", "time": "2025-07-13T14:12:16.509132Z", "fetched_at": "2025-07-13T14:13:27.776375+00:00", "symbol": "BTC-USD"}, {"trade_id": 848228894, "side": "sell", "size": "0.01620366", "price": "118639.12000000", "time": "2025-07-13T14:12:15.647951Z", "fetched_at": "2025-07-13T14:13:27.776375+00:00", "symbol": "BTC-USD"}, {"trade_id": 848228893, "side": "sell", "size": "0.00002788", "price": "118629.47000000", "time": "2025-07-13T14:12:15.647951Z", "fetched_at": "2025-07-13T14:13:27.776375+00:00", "symbol": "BTC-USD"}, {"trade_id": 848228892, "side": "sell", "size": "0.00009721", "price": "118638.82000000", "time": "2025-07-13T14:12:15.509052Z", "fetched_at": "2025-07-13T14:13:27.776375+00:00", "symbol": "BTC-USD"}, {"trade_id": 848228891, "side": "sell", "size": "0.00002797", "price": "118629.47000000", "time": "2025-07-13T14:12:15.509052Z", "fetched_at": "2025-07-13T14:13:27.776375+00:00", "symbol": "BTC-USD"}, {"trade_id": 848228890, "side": "sell", "size": "0.00020479", "price": "118634.03000000", "time": "2025-07-13T14:12:15.136693Z", "fetched_at": "2025-07-13T14:13:27.776375+00:00", "symbol": "BTC-USD"}, {"trade_id": 848228889, "side": "buy", "size": "0.00016149", "price": "118629.36000000", "time": "2025-07-13T14:12:14.993904Z", "fetched_at": "2025-07-13T14:13:27.776375+00:00", "symbol": "BTC-USD"}, {"trade_id": 848228888, "side": "sell", "size": "0.00033761", "price": "118635.77000000", "time": "2025-07-13T14:12:13.750321Z", "fetched_at": "2025-07-13T14:13:27.776375+00:00", "symbol": "BTC-USD"}, {"trade_id": 848228887, "side": "sell", "size": "0.00007966", "price": "118635.75000000", "time": "2025-07-13T14:12:13.750321Z", "fetched_at": "2025-07-13T14:13:27.776375+00:00", "symbol": "BTC-USD"}, {"trade_id": 848228886, "side": "sell", "size": "0.00008137", "price": "118638.34000000", "time": "2025-07-13T14:12:13.292980Z", "fetched_at": "2025-07-13T14:13:27.776375+00:00", "symbol": "BTC-USD"}, {"trade_id": 848228885, "side": "sell", "size": "0.00025434", "price": "118638.34000000", "time": "2025-07-13T14:12:13.288401Z", "fetched_at": "2025-07-13T14:13:27.776375+00:00", "symbol": "BTC-USD"}, {"trade_id": 848228884, "side": "sell", "size": "0.00008029", "price": "118638.33000000", "time": "2025-07-13T14:12:13.288401Z", "fetched_at": "2025-07-13T14:13:27.776375+00:00", "symbol": "BTC-USD"}, {"trade_id": 848228883, "side": "buy", "size": "0.00055143", "price": "118629.24000000", "time": "2025-07-13T14:12:13.182440Z", "fetched_at": "2025-07-13T14:13:27.776375+00:00", "symbol": "BTC-USD"}, {"trade_id": 848228882, "side": "sell", "size": "0.00016321", "price": "118638.34000000", "time": "2025-07-13T14:12:13.110333Z", "fetched_at": "2025-07-13T14:13:27.776375+00:00", "symbol": "BTC-USD"}, {"trade_id": 848228881, "side": "sell", "size": "0.00057903", "price": "118635.29000000", "time": "2025-07-13T14:12:13.110333Z", "fetched_at": "2025-07-13T14:13:27.776375+00:00", "symbol": "BTC-USD"}, {"trade_id": 848228880, "side": "sell", "size": "0.00007691", "price": "118635.27000000", "time": "2025-07-13T14:12:13.110333Z", "fetched_at": "2025-07-13T14:13:27.776375+00:00", "symbol": "BTC-USD"}, {"trade_id": 848228879, "side": "sell", "size": "0.00008345", "price": "118635.51000000", "time": "2025-07-13T14:12:12.979310Z", "fetched_at": "2025-07-13T14:13:27.776375+00:00", "symbol": "BTC-USD"}, {"trade_id": 848228878, "side": "sell", "size": "0.00000835", "price": "118636.06000000", "time": "2025-07-13T14:12:12.514316Z", "fetched_at": "2025-07-13T14:13:27.776375+00:00", "symbol": "BTC-USD"}, {"trade_id": 848228877, "side": "sell", "size": "0.00003521", "price": "118632.76000000", "time": "2025-07-13T14:12:12.357257Z", "fetched_at": "2025-07-13T14:13:27.776375+00:00", "symbol": "BTC-USD"}, {"trade_id": 848228876, "side": "buy", "size": "0.00006942", "price": "118628.71000000", "time": "2025-07-13T14:12:11.978909Z", "fetched_at": "2025-07-13T14:13:27.776375+00:00", "symbol": "BTC-USD"}, {"trade_id": 848228875, "side": "sell", "size": "0.00003964", "price": "118636.33000000", "time": "2025-07-13T14:12:11.893523Z", "fetched_at": "2025-07-13T14:13:27.776375+00:00", "symbol": "BTC-USD"}, {"trade_id": 848228874, "side": "buy", "size": "0.00009971", "price": "118628.71000000", "time": "2025-07-13T14:12:11.485740Z", "fetched_at": "2025-07-13T14:13:27.776375+00:00", "symbol": "BTC-USD"}, {"trade_id": 848228873, "side": "sell", "size": "0.00008345", "price": "118636.46000000", "time": "2025-07-13T14:12:11.113601Z", "fetched_at": "2025-07-13T14:13:27.776375+00:00", "symbol": "BTC-USD"}, {"trade_id": 848228872, "side": "sell", "size": "0.00000438", "price": "118636.47000000", "time": "2025-07-13T14:12:10.939428Z", "fetched_at": "2025-07-13T14:13:27.776375+00:00", "symbol": "BTC-USD"}, {"trade_id": 848228871, "side": "sell", "size": "0.00007907", "price": "118636.46000000", "time": "2025-07-13T14:12:10.939428Z", "fetched_at": "2025-07-13T14:13:27.776375+00:00", "symbol": "BTC-USD"}, {"trade_id": 848228870, "side": "sell", "size": "0.00074011", "price": "118636.47000000", "time": "2025-07-13T14:12:10.925218Z", "fetched_at": "2025-07-13T14:13:27.776375+00:00", "symbol": "BTC-USD"}, {"trade_id": 848228869, "side": "sell", "size": "0.00007907", "price": "118636.46000000", "time": "2025-07-13T14:12:10.925218Z", "fetched_at": "2025-07-13T14:13:27.776375+00:00", "symbol": "BTC-USD"}, {"trade_id": 848228868, "side": "sell", "size": "0.00000834", "price": "118636.46000000", "time": "2025-07-13T14:12:10.837005Z", "fetched_at": "2025-07-13T14:13:27.776375+00:00", "symbol": "BTC-USD"}, {"trade_id": 848228867, "side": "sell", "size": "0.00001534", "price": "118636.46000000", "time": "2025-07-13T14:12:10.250275Z", "fetched_at": "2025-07-13T14:13:27.776375+00:00", "symbol": "BTC-USD"}, {"trade_id": 848228866, "side": "sell", "size": "0.00049296", "price": "118636.48000000", "time": "2025-07-13T14:12:09.952882Z", "fetched_at": "2025-07-13T14:13:27.776375+00:00", "symbol": "BTC-USD"}, {"trade_id": 848228865, "side": "sell", "size": "0.00008043", "price": "118636.47000000", "time": "2025-07-13T14:12:09.952882Z", "fetched_at": "2025-07-13T14:13:27.776375+00:00", "symbol": "BTC-USD"}, {"trade_id": 848228864, "side": "sell", "size": "0.00001460", "price": "118632.46000000", "time": "2025-07-13T14:12:09.521479Z", "fetched_at": "2025-07-13T14:13:27.776375+00:00", "symbol": "BTC-USD"}, {"trade_id": 848228863, "side": "sell", "size": "0.00000962", "price": "118636.77000000", "time": "2025-07-13T14:12:08.683289Z", "fetched_at": "2025-07-13T14:13:27.776375+00:00", "symbol": "BTC-USD"}, {"trade_id": 848228862, "side": "sell", "size": "0.00075438", "price": "118636.78000000", "time": "2025-07-13T14:12:08.637103Z", "fetched_at": "2025-07-13T14:13:27.776375+00:00", "symbol": "BTC-USD"}, {"trade_id": 848228861, "side": "sell", "size": "0.00008016", "price": "118636.77000000", "time": "2025-07-13T14:12:08.637103Z", "fetched_at": "2025-07-13T14:13:27.776375+00:00", "symbol": "BTC-USD"}, {"trade_id": 848228860, "side": "sell", "size": "0.00010541", "price": "118636.78000000", "time": "2025-07-13T14:12:08.326387Z", "fetched_at": "2025-07-13T14:13:27.776375+00:00", "symbol": "BTC-USD"}, {"trade_id": 848228859, "side": "sell", "size": "0.00008016", "price": "118636.77000000", "time": "2025-07-13T14:12:08.326387Z", "fetched_at": "2025-07-13T14:13:27.776375+00:00", "symbol": "BTC-USD"}, {"trade_id": 848228858, "side": "sell", "size": "0.00000294", "price": "118632.63000000", "time": "2025-07-13T14:12:08.025701Z", "fetched_at": "2025-07-13T14:13:27.776375+00:00", "symbol": "BTC-USD"}, {"trade_id": 848228857, "side": "buy", "size": "0.00009653", "price": "118633.13000000", "time": "2025-07-13T14:12:07.868690Z", "fetched_at": "2025-07-13T14:13:27.776375+00:00", "symbol": "BTC-USD"}, {"trade_id": 848228856, "side": "buy", "size": "0.00005996", "price": "118633.14000000", "time": "2025-07-13T14:12:07.868690Z", "fetched_at": "2025-07-13T14:13:27.776375+00:00", "symbol": "BTC-USD"}, {"trade_id": 848228855, "side": "buy", "size": "0.05107158", "price": "118633.13000000", "time": "2025-07-13T14:12:07.818787Z", "fetched_at": "2025-07-13T14:13:27.776375+00:00", "symbol": "BTC-USD"}, {"trade_id": 848228854, "side": "sell", "size": "0.00000154", "price": "118636.77000000", "time": "2025-07-13T14:12:07.440314Z", "fetched_at": "2025-07-13T14:13:27.776375+00:00", "symbol": "BTC-USD"}, {"trade_id": 848228853, "side": "sell", "size": "0.00008191", "price": "118636.76000000", "time": "2025-07-13T14:12:07.440314Z", "fetched_at": "2025-07-13T14:13:27.776375+00:00", "symbol": "BTC-USD"}, {"trade_id": 848228852, "side": "sell", "size": "0.00004381", "price": "118633.12000000", "time": "2025-07-13T14:12:05.950072Z", "fetched_at": "2025-07-13T14:13:27.776375+00:00", "symbol": "BTC-USD"}, {"trade_id": 848228851, "side": "sell", "size": "0.00015582", "price": "118633.10000000", "time": "2025-07-13T14:12:04.828854Z", "fetched_at": "2025-07-13T14:13:27.776375+00:00", "symbol": "BTC-USD"}, {"trade_id": 848228850, "side": "sell", "size": "0.00008398", "price": "118628.18000000", "time": "2025-07-13T14:12:04.828854Z", "fetched_at": "2025-07-13T14:13:27.776375+00:00", "symbol": "BTC-USD"}, {"trade_id": 848228849, "side": "buy", "size": "0.00007154", "price": "118628.16000000", "time": "2025-07-13T14:12:04.757991Z", "fetched_at": "2025-07-13T14:13:27.776375+00:00", "symbol": "BTC-USD"}, {"trade_id": 848228848, "side": "buy", "size": "0.00005615", "price": "118628.17000000", "time": "2025-07-13T14:12:04.757991Z", "fetched_at": "2025-07-13T14:13:27.776375+00:00", "symbol": "BTC-USD"}, {"trade_id": 848228847, "side": "buy", "size": "0.00008177", "price": "118628.17000000", "time": "2025-07-13T14:12:04.744217Z", "fetched_at": "2025-07-13T14:13:27.776375+00:00", "symbol": "BTC-USD"}, {"trade_id": 848228846, "side": "sell", "size": "0.00409486", "price": "118628.18000000", "time": "2025-07-13T14:12:04.013129Z", "fetched_at": "2025-07-13T14:13:27.776375+00:00", "symbol": "BTC-USD"}, {"trade_id": 848228845, "side": "sell", "size": "0.00019981", "price": "118628.18000000", "time": "2025-07-13T14:12:03.907392Z", "fetched_at": "2025-07-13T14:13:27.776375+00:00", "symbol": "BTC-USD"}, {"trade_id": 848228844, "side": "sell", "size": "0.00066750", "price": "118633.11000000", "time": "2025-07-13T14:12:03.273049Z", "fetched_at": "2025-07-13T14:13:27.776375+00:00", "symbol": "BTC-USD"}, {"trade_id": 848228843, "side": "sell", "size": "0.00075580", "price": "118633.11000000", "time": "2025-07-13T14:12:03.266190Z", "fetched_at": "2025-07-13T14:13:27.776375+00:00", "symbol": "BTC-USD"}, {"trade_id": 848228842, "side": "sell", "size": "0.00006323", "price": "118633.10000000", "time": "2025-07-13T14:12:03.266190Z", "fetched_at": "2025-07-13T14:13:27.776375+00:00", "symbol": "BTC-USD"}, {"trade_id": 848228841, "side": "sell", "size": "0.00001043", "price": "118633.10000000", "time": "2025-07-13T14:12:03.257124Z", "fetched_at": "2025-07-13T14:13:27.776375+00:00", "symbol": "BTC-USD"}, {"trade_id": 848228840, "side": "sell", "size": "0.00033582", "price": "118633.10000000", "time": "2025-07-13T14:12:03.188864Z", "fetched_at": "2025-07-13T14:13:27.776375+00:00", "symbol": "BTC-USD"}, {"trade_id": 848228839, "side": "sell", "size": "0.00007366", "price": "118633.09000000", "time": "2025-07-13T14:12:03.188864Z", "fetched_at": "2025-07-13T14:13:27.776375+00:00", "symbol": "BTC-USD"}, {"trade_id": 848228838, "side": "sell", "size": "0.00040949", "price": "118628.17000000", "time": "2025-07-13T14:12:01.408982Z", "fetched_at": "2025-07-13T14:13:27.776375+00:00", "symbol": "BTC-USD"}, {"trade_id": 848228837, "side": "sell", "size": "0.00079936", "price": "118628.17000000", "time": "2025-07-13T14:12:01.391321Z", "fetched_at": "2025-07-13T14:13:27.776375+00:00", "symbol": "BTC-USD"}, {"trade_id": 848228836, "side": "buy", "size": "0.00533000", "price": "118631.68000000", "time": "2025-07-13T14:12:00.871599Z", "fetched_at": "2025-07-13T14:13:27.776375+00:00", "symbol": "BTC-USD"}, {"trade_id": 848228835, "side": "buy", "size": "0.03326000", "price": "118631.68000000", "time": "2025-07-13T14:12:00.871350Z", "fetched_at": "2025-07-13T14:13:27.776375+00:00", "symbol": "BTC-USD"}, {"trade_id": 848228834, "side": "buy", "size": "0.03040250", "price": "118631.68000000", "time": "2025-07-13T14:12:00.867038Z", "fetched_at": "2025-07-13T14:13:27.776375+00:00", "symbol": "BTC-USD"}, {"trade_id": 848228833, "side": "buy", "size": "0.01689897", "price": "118631.68000000", "time": "2025-07-13T14:12:00.867038Z", "fetched_at": "2025-07-13T14:13:27.776375+00:00", "symbol": "BTC-USD"}, {"trade_id": 848228832, "side": "buy", "size": "0.06900000", "price": "118633.46000000", "time": "2025-07-13T14:12:00.858256Z", "fetched_at": "2025-07-13T14:13:27.776375+00:00", "symbol": "BTC-USD"}, {"trade_id": 848228831, "side": "buy", "size": "0.00006152", "price": "118633.46000000", "time": "2025-07-13T14:12:00.858256Z", "fetched_at": "2025-07-13T14:13:27.776375+00:00", "symbol": "BTC-USD"}, {"trade_id": 848228830, "side": "buy", "size": "0.00000817", "price": "118633.46000000", "time": "2025-07-13T14:12:00.858256Z", "fetched_at": "2025-07-13T14:13:27.776375+00:00", "symbol": "BTC-USD"}, {"trade_id": 848228829, "side": "buy", "size": "0.00001736", "price": "118633.46000000", "time": "2025-07-13T14:12:00.858256Z", "fetched_at": "2025-07-13T14:13:27.776375+00:00", "symbol": "BTC-USD"}, {"trade_id": 848228828, "side": "buy", "size": "0.00007853", "price": "118633.46000000", "time": "2025-07-13T14:12:00.858256Z", "fetched_at": "2025-07-13T14:13:27.776375+00:00", "symbol": "BTC-USD"}, {"trade_id": 848228827, "side": "buy", "size": "0.01689897", "price": "118633.46000000", "time": "2025-07-13T14:12:00.858256Z", "fetched_at": "2025-07-13T14:13:27.776375+00:00", "symbol": "BTC-USD"}, {"trade_id": 848228826, "side": "buy", "size": "0.02000000", "price": "118633.46000000", "time": "2025-07-13T14:12:00.726459Z", "fetched_at": "2025-07-13T14:13:27.776375+00:00", "symbol": "BTC-USD"}, {"trade_id": 848228825, "side": "buy", "size": "0.01373455", "price": "118633.46000000", "time": "2025-07-13T14:12:00.236006Z", "fetched_at": "2025-07-13T14:13:27.776375+00:00", "symbol": "BTC-USD"}, {"trade_id": 848228824, "side": "buy", "size": "0.00079545", "price": "118633.46000000", "time": "2025-07-13T14:12:00.046208Z", "fetched_at": "2025-07-13T14:13:27.776375+00:00", "symbol": "BTC-USD"}, {"trade_id": 848228823, "side": "buy", "size": "0.00004576", "price": "118635.04000000", "time": "2025-07-13T14:12:00.046208Z", "fetched_at": "2025-07-13T14:13:27.776375+00:00", "symbol": "BTC-USD"}, {"trade_id": 848228822, "side": "buy", "size": "0.00001000", "price": "118637.00000000", "time": "2025-07-13T14:12:00.046208Z", "fetched_at": "2025-07-13T14:13:27.776375+00:00", "symbol": "BTC-USD"}, {"trade_id": 848228821, "side": "sell", "size": "0.00013364", "price": "118637.01000000", "time": "2025-07-13T14:11:59.867370Z", "fetched_at": "2025-07-13T14:13:27.776375+00:00", "symbol": "BTC-USD"}, {"trade_id": 848228820, "side": "buy", "size": "0.00001281", "price": "118642.34000000", "time": "2025-07-13T14:11:59.059263Z", "fetched_at": "2025-07-13T14:13:27.776375+00:00", "symbol": "BTC-USD"}, {"trade_id": 848228819, "side": "buy", "size": "0.00006404", "price": "118642.84000000", "time": "2025-07-13T14:11:59.058424Z", "fetched_at": "2025-07-13T14:13:27.776375+00:00", "symbol": "BTC-USD"}, {"trade_id": 848228818, "side": "buy", "size": "0.00842836", "price": "118647.02000000", "time": "2025-07-13T14:11:59.053999Z", "fetched_at": "2025-07-13T14:13:27.776375+00:00", "symbol": "BTC-USD"}, {"trade_id": 848228817, "side": "buy", "size": "0.02268146", "price": "118647.14000000", "time": "2025-07-13T14:11:59.053999Z", "fetched_at": "2025-07-13T14:13:27.776375+00:00", "symbol": "BTC-USD"}, {"trade_id": 848228816, "side": "buy", "size": "0.00002208", "price": "118648.87000000", "time": "2025-07-13T14:11:59.049923Z", "fetched_at": "2025-07-13T14:13:27.776375+00:00", "symbol": "BTC-USD"}, {"trade_id": 848228815, "side": "buy", "size": "0.00007853", "price": "118648.87000000", "time": "2025-07-13T14:11:59.049923Z", "fetched_at": "2025-07-13T14:13:27.776375+00:00", "symbol": "BTC-USD"}, {"trade_id": 848228814, "side": "buy", "size": "0.00203610", "price": "118648.89000000", "time": "2025-07-13T14:11:59.049923Z", "fetched_at": "2025-07-13T14:13:27.776375+00:00", "symbol": "BTC-USD"}, {"trade_id": 848228813, "side": "buy", "size": "0.03375304", "price": "118648.90000000", "time": "2025-07-13T14:11:59.049923Z", "fetched_at": "2025-07-13T14:13:27.776375+00:00", "symbol": "BTC-USD"}, {"trade_id": 848228812, "side": "buy", "size": "0.00003360", "price": "118648.92000000", "time": "2025-07-13T14:11:59.049923Z", "fetched_at": "2025-07-13T14:13:27.776375+00:00", "symbol": "BTC-USD"}, {"trade_id": 848228811, "side": "buy", "size": "0.02258212", "price": "118648.92000000", "time": "2025-07-13T14:11:59.049923Z", "fetched_at": "2025-07-13T14:13:27.776375+00:00", "symbol": "BTC-USD"}, {"trade_id": 848228810, "side": "sell", "size": "0.00031947", "price": "118656.52000000", "time": "2025-07-13T14:11:57.803584Z", "fetched_at": "2025-07-13T14:13:27.776375+00:00", "symbol": "BTC-USD"}, {"trade_id": 848228809, "side": "sell", "size": "0.00008053", "price": "118656.51000000", "time": "2025-07-13T14:11:57.803584Z", "fetched_at": "2025-07-13T14:13:27.776375+00:00", "symbol": "BTC-USD"}, {"trade_id": 848228808, "side": "sell", "size": "0.00002845", "price": "118649.05000000", "time": "2025-07-13T14:11:57.463395Z", "fetched_at": "2025-07-13T14:13:27.776375+00:00", "symbol": "BTC-USD"}, {"trade_id": 848228807, "side": "buy", "size": "0.00028353", "price": "118648.96000000", "time": "2025-07-13T14:11:57.123020Z", "fetched_at": "2025-07-13T14:13:27.776375+00:00", "symbol": "BTC-USD"}, {"trade_id": 848228806, "side": "buy", "size": "0.00006051", "price": "118648.97000000", "time": "2025-07-13T14:11:57.123020Z", "fetched_at": "2025-07-13T14:13:27.776375+00:00", "symbol": "BTC-USD"}, {"trade_id": 848228805, "side": "sell", "size": "0.00402707", "price": "118656.99000000", "time": "2025-07-13T14:11:56.702700Z", "fetched_at": "2025-07-13T14:13:27.776375+00:00", "symbol": "BTC-USD"}, {"trade_id": 848228804, "side": "sell", "size": "0.00006663", "price": "118656.98000000", "time": "2025-07-13T14:11:56.702700Z", "fetched_at": "2025-07-13T14:13:27.776375+00:00", "symbol": "BTC-USD"}, {"trade_id": 848228803, "side": "buy", "size": "0.00760521", "price": "118648.92000000", "time": "2025-07-13T14:11:56.427116Z", "fetched_at": "2025-07-13T14:13:27.776375+00:00", "symbol": "BTC-USD"}, {"trade_id": 848228802, "side": "buy", "size": "0.00005515", "price": "118648.93000000", "time": "2025-07-13T14:11:56.427116Z", "fetched_at": "2025-07-13T14:13:27.776375+00:00", "symbol": "BTC-USD"}, {"trade_id": 848228801, "side": "sell", "size": "0.00008359", "price": "118659.94000000", "time": "2025-07-13T14:11:55.680241Z", "fetched_at": "2025-07-13T14:13:27.776375+00:00", "symbol": "BTC-USD"}, {"trade_id": 848228800, "side": "sell", "size": "0.00008019", "price": "118659.93000000", "time": "2025-07-13T14:11:55.680241Z", "fetched_at": "2025-07-13T14:13:27.776375+00:00", "symbol": "BTC-USD"}, {"trade_id": 848228799, "side": "sell", "size": "0.00024674", "price": "118659.94000000", "time": "2025-07-13T14:11:54.507080Z", "fetched_at": "2025-07-13T14:13:27.776375+00:00", "symbol": "BTC-USD"}, {"trade_id": 848228798, "side": "sell", "size": "0.00007971", "price": "118659.93000000", "time": "2025-07-13T14:11:54.507080Z", "fetched_at": "2025-07-13T14:13:27.776375+00:00", "symbol": "BTC-USD"}, {"trade_id": 848228797, "side": "sell", "size": "0.00000210", "price": "118657.78000000", "time": "2025-07-13T14:11:54.507080Z", "fetched_at": "2025-07-13T14:13:27.776375+00:00", "symbol": "BTC-USD"}, {"trade_id": 848228796, "side": "sell", "size": "0.00000035", "price": "118656.83000000", "time": "2025-07-13T14:11:53.051459Z", "fetched_at": "2025-07-13T14:13:27.776375+00:00", "symbol": "BTC-USD"}, {"trade_id": 848228795, "side": "sell", "size": "0.00238966", "price": "118657.78000000", "time": "2025-07-13T14:11:51.985963Z", "fetched_at": "2025-07-13T14:13:27.776375+00:00", "symbol": "BTC-USD"}, {"trade_id": 848228794, "side": "sell", "size": "0.00006720", "price": "118657.77000000", "time": "2025-07-13T14:11:51.985963Z", "fetched_at": "2025-07-13T14:13:27.776375+00:00", "symbol": "BTC-USD"}, {"trade_id": 848228793, "side": "sell", "size": "0.00156410", "price": "118659.95000000", "time": "2025-07-13T14:11:51.901153Z", "fetched_at": "2025-07-13T14:13:27.776375+00:00", "symbol": "BTC-USD"}, {"trade_id": 848228792, "side": "sell", "size": "0.00000664", "price": "118657.79000000", "time": "2025-07-13T14:11:51.901153Z", "fetched_at": "2025-07-13T14:13:27.776375+00:00", "symbol": "BTC-USD"}, {"trade_id": 848228791, "side": "sell", "size": "0.00006720", "price": "118651.30000000", "time": "2025-07-13T14:11:51.901153Z", "fetched_at": "2025-07-13T14:13:27.776375+00:00", "symbol": "BTC-USD"}, {"trade_id": 848228790, "side": "sell", "size": "0.00799335", "price": "118651.16000000", "time": "2025-07-13T14:11:51.332911Z", "fetched_at": "2025-07-13T14:13:27.776375+00:00", "symbol": "BTC-USD"}, {"trade_id": 848228789, "side": "buy", "size": "0.00001298", "price": "118651.16000000", "time": "2025-07-13T14:11:50.834721Z", "fetched_at": "2025-07-13T14:13:27.776375+00:00", "symbol": "BTC-USD"}, {"trade_id": 848228788, "side": "sell", "size": "0.00000104", "price": "118653.34000000", "time": "2025-07-13T14:11:49.812117Z", "fetched_at": "2025-07-13T14:13:27.776375+00:00", "symbol": "BTC-USD"}, {"trade_id": 848228787, "side": "sell", "size": "0.00096102", "price": "118662.54000000", "time": "2025-07-13T14:11:49.433889Z", "fetched_at": "2025-07-13T14:13:27.776375+00:00", "symbol": "BTC-USD"}, {"trade_id": 848228786, "side": "sell", "size": "0.00008189", "price": "118653.21000000", "time": "2025-07-13T14:11:49.433889Z", "fetched_at": "2025-07-13T14:13:27.776375+00:00", "symbol": "BTC-USD"}, {"trade_id": 848228785, "side": "sell", "size": "0.00001435", "price": "118653.21000000", "time": "2025-07-13T14:11:49.411540Z", "fetched_at": "2025-07-13T14:13:27.776375+00:00", "symbol": "BTC-USD"}, {"trade_id": 848228784, "side": "sell", "size": "0.00864606", "price": "118659.52000000", "time": "2025-07-13T14:11:48.883764Z", "fetched_at": "2025-07-13T14:13:27.776375+00:00", "symbol": "BTC-USD"}, {"trade_id": 848228783, "side": "sell", "size": "0.00008189", "price": "118659.51000000", "time": "2025-07-13T14:11:48.883764Z", "fetched_at": "2025-07-13T14:13:27.776375+00:00", "symbol": "BTC-USD"}, {"trade_id": 848228782, "side": "sell", "size": "0.00000210", "price": "118656.97000000", "time": "2025-07-13T14:11:48.883764Z", "fetched_at": "2025-07-13T14:13:27.776375+00:00", "symbol": "BTC-USD"}, {"trade_id": 848228781, "side": "buy", "size": "0.00012916", "price": "118648.94000000", "time": "2025-07-13T14:11:46.851035Z", "fetched_at": "2025-07-13T14:13:27.776375+00:00", "symbol": "BTC-USD"}, {"trade_id": 848228780, "side": "buy", "size": "0.00003787", "price": "118648.95000000", "time": "2025-07-13T14:11:46.851035Z", "fetched_at": "2025-07-13T14:13:27.776375+00:00", "symbol": "BTC-USD"}, {"trade_id": 848228779, "side": "sell", "size": "0.00005147", "price": "118656.84000000", "time": "2025-07-13T14:11:46.549791Z", "fetched_at": "2025-07-13T14:13:27.776375+00:00", "symbol": "BTC-USD"}, {"trade_id": 848228778, "side": "sell", "size": "0.00008189", "price": "118656.83000000", "time": "2025-07-13T14:11:46.549791Z", "fetched_at": "2025-07-13T14:13:27.776375+00:00", "symbol": "BTC-USD"}, {"trade_id": 848228777, "side": "sell", "size": "0.00000664", "price": "118656.73000000", "time": "2025-07-13T14:11:46.549791Z", "fetched_at": "2025-07-13T14:13:27.776375+00:00", "symbol": "BTC-USD"}, {"trade_id": 848228776, "side": "sell", "size": "0.00007561", "price": "118657.13000000", "time": "2025-07-13T14:11:45.844225Z", "fetched_at": "2025-07-13T14:13:27.776375+00:00", "symbol": "BTC-USD"}, {"trade_id": 848228775, "side": "sell", "size": "0.00008189", "price": "118657.12000000", "time": "2025-07-13T14:11:45.844225Z", "fetched_at": "2025-07-13T14:13:27.776375+00:00", "symbol": "BTC-USD"}, {"trade_id": 848228774, "side": "buy", "size": "0.00042140", "price": "118649.44000000", "time": "2025-07-13T14:11:45.751249Z", "fetched_at": "2025-07-13T14:13:27.776375+00:00", "symbol": "BTC-USD"}, {"trade_id": 848228773, "side": "buy", "size": "0.00085121", "price": "118649.44000000", "time": "2025-07-13T14:11:45.667302Z", "fetched_at": "2025-07-13T14:13:27.776375+00:00", "symbol": "BTC-USD"}, {"trade_id": 848228772, "side": "sell", "size": "0.00367660", "price": "118658.52000000", "time": "2025-07-13T14:11:45.614268Z", "fetched_at": "2025-07-13T14:13:27.776375+00:00", "symbol": "BTC-USD"}, {"trade_id": 848228771, "side": "sell", "size": "0.00007792", "price": "118658.51000000", "time": "2025-07-13T14:11:45.614268Z", "fetched_at": "2025-07-13T14:13:27.776375+00:00", "symbol": "BTC-USD"}, {"trade_id": 848228770, "side": "sell", "size": "0.00008189", "price": "118659.58000000", "time": "2025-07-13T14:11:45.040015Z", "fetched_at": "2025-07-13T14:13:27.776375+00:00", "symbol": "BTC-USD"}, {"trade_id": 848228769, "side": "buy", "size": "0.00081098", "price": "118649.44000000", "time": "2025-07-13T14:11:44.759871Z", "fetched_at": "2025-07-13T14:13:27.776375+00:00", "symbol": "BTC-USD"}, {"trade_id": 848228768, "side": "buy", "size": "0.00004024", "price": "118649.45000000", "time": "2025-07-13T14:11:44.759871Z", "fetched_at": "2025-07-13T14:13:27.776375+00:00", "symbol": "BTC-USD"}, {"trade_id": 848228767, "side": "sell", "size": "0.01634999", "price": "118661.43000000", "time": "2025-07-13T14:11:44.349753Z", "fetched_at": "2025-07-13T14:13:27.776375+00:00", "symbol": "BTC-USD"}, {"trade_id": 848228766, "side": "sell", "size": "0.00003364", "price": "118661.42000000", "time": "2025-07-13T14:11:44.349753Z", "fetched_at": "2025-07-13T14:13:27.776375+00:00", "symbol": "BTC-USD"}, {"trade_id": 848228765, "side": "buy", "size": "0.00012394", "price": "118653.42000000", "time": "2025-07-13T14:11:42.769869Z", "fetched_at": "2025-07-13T14:13:27.776375+00:00", "symbol": "BTC-USD"}, {"trade_id": 848228764, "side": "buy", "size": "0.00004630", "price": "118658.96000000", "time": "2025-07-13T14:11:42.769869Z", "fetched_at": "2025-07-13T14:13:27.776375+00:00", "symbol": "BTC-USD"}, {"trade_id": 848228763, "side": "sell", "size": "0.00072749", "price": "118658.99000000", "time": "2025-07-13T14:11:42.430564Z", "fetched_at": "2025-07-13T14:13:27.776375+00:00", "symbol": "BTC-USD"}, {"trade_id": 848228762, "side": "sell", "size": "0.00008190", "price": "118658.98000000", "time": "2025-07-13T14:11:42.430564Z", "fetched_at": "2025-07-13T14:13:27.776375+00:00", "symbol": "BTC-USD"}, {"trade_id": 848228761, "side": "sell", "size": "0.00000294", "price": "118650.14000000", "time": "2025-07-13T14:11:42.430564Z", "fetched_at": "2025-07-13T14:13:27.776375+00:00", "symbol": "BTC-USD"}, {"trade_id": 848228760, "side": "sell", "size": "0.00000664", "price": "118650.14000000", "time": "2025-07-13T14:11:42.430564Z", "fetched_at": "2025-07-13T14:13:27.776375+00:00", "symbol": "BTC-USD"}, {"trade_id": 848228759, "side": "buy", "size": "0.00036904", "price": "118650.13000000", "time": "2025-07-13T14:11:41.115566Z", "fetched_at": "2025-07-13T14:13:27.776375+00:00", "symbol": "BTC-USD"}, {"trade_id": 848228758, "side": "buy", "size": "0.00000472", "price": "118650.13000000", "time": "2025-07-13T14:11:41.042563Z", "fetched_at": "2025-07-13T14:13:27.776375+00:00", "symbol": "BTC-USD"}, {"trade_id": 848228757, "side": "sell", "size": "0.00002086", "price": "118660.03000000", "time": "2025-07-13T14:11:40.867184Z", "fetched_at": "2025-07-13T14:13:27.776375+00:00", "symbol": "BTC-USD"}, {"trade_id": 848228756, "side": "sell", "size": "0.00000420", "price": "118660.28000000", "time": "2025-07-13T14:11:40.709116Z", "fetched_at": "2025-07-13T14:13:27.776375+00:00", "symbol": "BTC-USD"}, {"trade_id": 848228755, "side": "sell", "size": "0.00002476", "price": "118654.38000000", "time": "2025-07-13T14:11:39.773306Z", "fetched_at": "2025-07-13T14:13:27.776375+00:00", "symbol": "BTC-USD"}, {"trade_id": 848228754, "side": "sell", "size": "0.00325821", "price": "118661.59000000", "time": "2025-07-13T14:11:39.743776Z", "fetched_at": "2025-07-13T14:13:27.776375+00:00", "symbol": "BTC-USD"}, {"trade_id": 848228753, "side": "sell", "size": "0.00008040", "price": "118654.38000000", "time": "2025-07-13T14:11:39.743776Z", "fetched_at": "2025-07-13T14:13:27.776375+00:00", "symbol": "BTC-USD"}, {"trade_id": 848228752, "side": "sell", "size": "0.00001033", "price": "118654.38000000", "time": "2025-07-13T14:11:39.743776Z", "fetched_at": "2025-07-13T14:13:27.776375+00:00", "symbol": "BTC-USD"}, {"trade_id": 848228751, "side": "buy", "size": "0.00000773", "price": "118650.43000000", "time": "2025-07-13T14:11:38.573688Z", "fetched_at": "2025-07-13T14:13:27.776375+00:00", "symbol": "BTC-USD"}, {"trade_id": 848228750, "side": "buy", "size": "0.00000124", "price": "118650.44000000", "time": "2025-07-13T14:11:38.313858Z", "fetched_at": "2025-07-13T14:13:27.776375+00:00", "symbol": "BTC-USD"}, {"trade_id": 848228749, "side": "buy", "size": "0.00001703", "price": "118651.20000000", "time": "2025-07-13T14:11:38.101226Z", "fetched_at": "2025-07-13T14:13:27.776375+00:00", "symbol": "BTC-USD"}, {"trade_id": 848228748, "side": "sell", "size": "0.00111696", "price": "118663.01000000", "time": "2025-07-13T14:11:37.999852Z", "fetched_at": "2025-07-13T14:13:27.776375+00:00", "symbol": "BTC-USD"}, {"trade_id": 848228747, "side": "sell", "size": "0.00008189", "price": "118663.00000000", "time": "2025-07-13T14:11:37.999852Z", "fetched_at": "2025-07-13T14:13:27.776375+00:00", "symbol": "BTC-USD"}, {"trade_id": 848228746, "side": "sell", "size": "0.00155610", "price": "118663.01000000", "time": "2025-07-13T14:11:37.911361Z", "fetched_at": "2025-07-13T14:13:27.776375+00:00", "symbol": "BTC-USD"}, {"trade_id": 848228745, "side": "sell", "size": "0.00008189", "price": "118663.00000000", "time": "2025-07-13T14:11:37.911361Z", "fetched_at": "2025-07-13T14:13:27.776375+00:00", "symbol": "BTC-USD"}, {"trade_id": 848228744, "side": "sell", "size": "0.00320225", "price": "118661.15000000", "time": "2025-07-13T14:11:37.745031Z", "fetched_at": "2025-07-13T14:13:27.776375+00:00", "symbol": "BTC-USD"}, {"trade_id": 848228743, "side": "sell", "size": "0.00000219", "price": "118659.41000000", "time": "2025-07-13T14:11:37.745031Z", "fetched_at": "2025-07-13T14:13:27.776375+00:00", "symbol": "BTC-USD"}, {"trade_id": 848228742, "side": "sell", "size": "0.00001306", "price": "118659.41000000", "time": "2025-07-13T14:11:37.745031Z", "fetched_at": "2025-07-13T14:13:27.776375+00:00", "symbol": "BTC-USD"}, {"trade_id": 848228741, "side": "sell", "size": "0.00000664", "price": "118657.19000000", "time": "2025-07-13T14:11:37.745031Z", "fetched_at": "2025-07-13T14:13:27.776375+00:00", "symbol": "BTC-USD"}, {"trade_id": 848228740, "side": "sell", "size": "0.00007603", "price": "118653.23000000", "time": "2025-07-13T14:11:37.745031Z", "fetched_at": "2025-07-13T14:13:27.776375+00:00", "symbol": "BTC-USD"}, {"trade_id": 848228739, "side": "buy", "size": "0.00001700", "price": "118648.92000000", "time": "2025-07-13T14:11:35.797272Z", "fetched_at": "2025-07-13T14:13:27.776375+00:00", "symbol": "BTC-USD"}, {"trade_id": 848228738, "side": "buy", "size": "0.00022519", "price": "118648.91000000", "time": "2025-07-13T14:11:35.720593Z", "fetched_at": "2025-07-13T14:13:27.776375+00:00", "symbol": "BTC-USD"}, {"trade_id": 848228737, "side": "buy", "size": "0.00007280", "price": "118657.19000000", "time": "2025-07-13T14:11:35.720593Z", "fetched_at": "2025-07-13T14:13:27.776375+00:00", "symbol": "BTC-USD"}, {"trade_id": 848228736, "side": "buy", "size": "0.00023309", "price": "118655.19000000", "time": "2025-07-13T14:11:34.877528Z", "fetched_at": "2025-07-13T14:13:27.776375+00:00", "symbol": "BTC-USD"}, {"trade_id": 848228735, "side": "sell", "size": "0.00008189", "price": "118655.20000000", "time": "2025-07-13T14:11:34.860614Z", "fetched_at": "2025-07-13T14:13:27.776375+00:00", "symbol": "BTC-USD"}, {"trade_id": 848228734, "side": "buy", "size": "0.00010000", "price": "118655.19000000", "time": "2025-07-13T14:11:34.774197Z", "fetched_at": "2025-07-13T14:13:27.776375+00:00", "symbol": "BTC-USD"}, {"trade_id": 848228733, "side": "buy", "size": "0.00922042", "price": "118648.88000000", "time": "2025-07-13T14:11:32.912734Z", "fetched_at": "2025-07-13T14:13:27.776375+00:00", "symbol": "BTC-USD"}, {"trade_id": 848228732, "side": "sell", "size": "0.00011797", "price": "118654.03000000", "time": "2025-07-13T14:11:31.793969Z", "fetched_at": "2025-07-13T14:13:27.776375+00:00", "symbol": "BTC-USD"}, {"trade_id": 848228731, "side": "sell", "size": "0.00008190", "price": "118646.35000000", "time": "2025-07-13T14:11:31.793969Z", "fetched_at": "2025-07-13T14:13:27.776375+00:00", "symbol": "BTC-USD"}, {"trade_id": 848228730, "side": "sell", "size": "0.00000989", "price": "118654.03000000", "time": "2025-07-13T14:11:31.612327Z", "fetched_at": "2025-07-13T14:13:27.776375+00:00", "symbol": "BTC-USD"}, {"trade_id": 848228729, "side": "sell", "size": "0.00008190", "price": "118646.01000000", "time": "2025-07-13T14:11:31.612327Z", "fetched_at": "2025-07-13T14:13:27.776375+00:00", "symbol": "BTC-USD"}, {"trade_id": 848228728, "side": "buy", "size": "0.00376089", "price": "118646.00000000", "time": "2025-07-13T14:11:31.519254Z", "fetched_at": "2025-07-13T14:13:27.776375+00:00", "symbol": "BTC-USD"}, {"trade_id": 848228727, "side": "buy", "size": "0.00001736", "price": "118646.00000000", "time": "2025-07-13T14:11:31.519254Z", "fetched_at": "2025-07-13T14:13:27.776375+00:00", "symbol": "BTC-USD"}, {"trade_id": 848228726, "side": "buy", "size": "0.00009422", "price": "118646.00000000", "time": "2025-07-13T14:11:31.519254Z", "fetched_at": "2025-07-13T14:13:27.776375+00:00", "symbol": "BTC-USD"}, {"trade_id": 848228725, "side": "buy", "size": "0.00842843", "price": "118646.00000000", "time": "2025-07-13T14:11:31.519254Z", "fetched_at": "2025-07-13T14:13:27.776375+00:00", "symbol": "BTC-USD"}, {"trade_id": 848228724, "side": "sell", "size": "0.00247293", "price": "118657.37000000", "time": "2025-07-13T14:11:31.305719Z", "fetched_at": "2025-07-13T14:13:27.776375+00:00", "symbol": "BTC-USD"}, {"trade_id": 848228723, "side": "sell", "size": "0.00050600", "price": "118655.03000000", "time": "2025-07-13T14:11:31.305719Z", "fetched_at": "2025-07-13T14:13:27.776375+00:00", "symbol": "BTC-USD"}, {"trade_id": 848228722, "side": "sell", "size": "0.00001000", "price": "118654.80000000", "time": "2025-07-13T14:11:31.305719Z", "fetched_at": "2025-07-13T14:13:27.776375+00:00", "symbol": "BTC-USD"}, {"trade_id": 848228721, "side": "sell", "size": "0.00000664", "price": "118645.90000000", "time": "2025-07-13T14:11:31.305719Z", "fetched_at": "2025-07-13T14:13:27.776375+00:00", "symbol": "BTC-USD"}, {"trade_id": 848228720, "side": "sell", "size": "0.00007979", "price": "118645.90000000", "time": "2025-07-13T14:11:31.305719Z", "fetched_at": "2025-07-13T14:13:27.776375+00:00", "symbol": "BTC-USD"}, {"trade_id": 848228719, "side": "sell", "size": "0.00001000", "price": "118645.90000000", "time": "2025-07-13T14:11:31.305719Z", "fetched_at": "2025-07-13T14:13:27.776375+00:00", "symbol": "BTC-USD"}, {"trade_id": 848228718, "side": "buy", "size": "0.00091520", "price": "118645.89000000", "time": "2025-07-13T14:11:30.659439Z", "fetched_at": "2025-07-13T14:13:27.776375+00:00", "symbol": "BTC-USD"}