[{"trade_id": 848285787, "side": "sell", "size": "0.01767592", "price": "118912.10000000", "time": "2025-07-13T16:39:29.398976Z", "fetched_at": "2025-07-13T16:39:32.659435+00:00", "symbol": "BTC-USD"}, {"trade_id": 848285786, "side": "sell", "size": "0.00176860", "price": "118908.39000000", "time": "2025-07-13T16:39:29.398976Z", "fetched_at": "2025-07-13T16:39:32.659435+00:00", "symbol": "BTC-USD"}, {"trade_id": 848285785, "side": "sell", "size": "0.00000218", "price": "118908.36000000", "time": "2025-07-13T16:39:29.398976Z", "fetched_at": "2025-07-13T16:39:32.659435+00:00", "symbol": "BTC-USD"}, {"trade_id": 848285784, "side": "sell", "size": "0.00013802", "price": "118902.19000000", "time": "2025-07-13T16:39:28.165424Z", "fetched_at": "2025-07-13T16:39:32.659435+00:00", "symbol": "BTC-USD"}, {"trade_id": 848285783, "side": "sell", "size": "0.00002865", "price": "118902.18000000", "time": "2025-07-13T16:39:28.165424Z", "fetched_at": "2025-07-13T16:39:32.659435+00:00", "symbol": "BTC-USD"}, {"trade_id": 848285782, "side": "sell", "size": "0.00000455", "price": "118908.39000000", "time": "2025-07-13T16:39:27.375331Z", "fetched_at": "2025-07-13T16:39:32.659435+00:00", "symbol": "BTC-USD"}, {"trade_id": 848285781, "side": "sell", "size": "0.00199378", "price": "118902.49000000", "time": "2025-07-13T16:39:27.327687Z", "fetched_at": "2025-07-13T16:39:32.659435+00:00", "symbol": "BTC-USD"}, {"trade_id": 848285780, "side": "buy", "size": "0.00598315", "price": "118912.42000000", "time": "2025-07-13T16:39:26.896313Z", "fetched_at": "2025-07-13T16:39:32.659435+00:00", "symbol": "BTC-USD"}, {"trade_id": 848285779, "side": "sell", "size": "0.00239441", "price": "118915.40000000", "time": "2025-07-13T16:39:26.448586Z", "fetched_at": "2025-07-13T16:39:32.659435+00:00", "symbol": "BTC-USD"}, {"trade_id": 848285778, "side": "sell", "size": "0.00000337", "price": "118915.36000000", "time": "2025-07-13T16:39:26.448586Z", "fetched_at": "2025-07-13T16:39:32.659435+00:00", "symbol": "BTC-USD"}, {"trade_id": 848285777, "side": "sell", "size": "0.00761188", "price": "118912.54000000", "time": "2025-07-13T16:39:26.448586Z", "fetched_at": "2025-07-13T16:39:32.659435+00:00", "symbol": "BTC-USD"}, {"trade_id": 848285776, "side": "buy", "size": "0.00109176", "price": "118912.40000000", "time": "2025-07-13T16:39:26.118167Z", "fetched_at": "2025-07-13T16:39:32.659435+00:00", "symbol": "BTC-USD"}, {"trade_id": 848285775, "side": "sell", "size": "0.00079766", "price": "118912.54000000", "time": "2025-07-13T16:39:26.087086Z", "fetched_at": "2025-07-13T16:39:32.659435+00:00", "symbol": "BTC-USD"}, {"trade_id": 848285774, "side": "sell", "size": "0.00039888", "price": "118915.24000000", "time": "2025-07-13T16:39:25.643340Z", "fetched_at": "2025-07-13T16:39:32.659435+00:00", "symbol": "BTC-USD"}, {"trade_id": 848285773, "side": "buy", "size": "0.00040888", "price": "118912.51000000", "time": "2025-07-13T16:39:25.158525Z", "fetched_at": "2025-07-13T16:39:32.659435+00:00", "symbol": "BTC-USD"}, {"trade_id": 848285772, "side": "buy", "size": "0.00000209", "price": "118912.51000000", "time": "2025-07-13T16:39:25.155673Z", "fetched_at": "2025-07-13T16:39:32.659435+00:00", "symbol": "BTC-USD"}, {"trade_id": 848285771, "side": "buy", "size": "0.00008202", "price": "118912.52000000", "time": "2025-07-13T16:39:25.155673Z", "fetched_at": "2025-07-13T16:39:32.659435+00:00", "symbol": "BTC-USD"}, {"trade_id": 848285770, "side": "sell", "size": "0.00397967", "price": "118915.91000000", "time": "2025-07-13T16:39:24.689273Z", "fetched_at": "2025-07-13T16:39:32.659435+00:00", "symbol": "BTC-USD"}, {"trade_id": 848285769, "side": "sell", "size": "0.00001033", "price": "118912.52000000", "time": "2025-07-13T16:39:24.689273Z", "fetched_at": "2025-07-13T16:39:32.659435+00:00", "symbol": "BTC-USD"}, {"trade_id": 848285768, "side": "sell", "size": "0.00001000", "price": "118912.52000000", "time": "2025-07-13T16:39:24.689273Z", "fetched_at": "2025-07-13T16:39:32.659435+00:00", "symbol": "BTC-USD"}, {"trade_id": 848285767, "side": "sell", "size": "0.00006875", "price": "118907.19000000", "time": "2025-07-13T16:39:24.247003Z", "fetched_at": "2025-07-13T16:39:32.659435+00:00", "symbol": "BTC-USD"}, {"trade_id": 848285766, "side": "sell", "size": "0.00002749", "price": "118907.18000000", "time": "2025-07-13T16:39:24.247003Z", "fetched_at": "2025-07-13T16:39:32.659435+00:00", "symbol": "BTC-USD"}, {"trade_id": 848285765, "side": "sell", "size": "0.00001000", "price": "118903.60000000", "time": "2025-07-13T16:39:24.247003Z", "fetched_at": "2025-07-13T16:39:32.659435+00:00", "symbol": "BTC-USD"}, {"trade_id": 848285764, "side": "sell", "size": "0.05000000", "price": "118888.55000000", "time": "2025-07-13T16:39:24.157586Z", "fetched_at": "2025-07-13T16:39:32.659435+00:00", "symbol": "BTC-USD"}, {"trade_id": 848285763, "side": "sell", "size": "0.00841124", "price": "118888.50000000", "time": "2025-07-13T16:39:24.157586Z", "fetched_at": "2025-07-13T16:39:32.659435+00:00", "symbol": "BTC-USD"}, {"trade_id": 848285762, "side": "sell", "size": "0.00222100", "price": "118888.50000000", "time": "2025-07-13T16:39:24.157586Z", "fetched_at": "2025-07-13T16:39:32.659435+00:00", "symbol": "BTC-USD"}, {"trade_id": 848285761, "side": "sell", "size": "0.00039700", "price": "118888.50000000", "time": "2025-07-13T16:39:24.157586Z", "fetched_at": "2025-07-13T16:39:32.659435+00:00", "symbol": "BTC-USD"}, {"trade_id": 848285760, "side": "sell", "size": "0.00000201", "price": "118888.50000000", "time": "2025-07-13T16:39:24.157586Z", "fetched_at": "2025-07-13T16:39:32.659435+00:00", "symbol": "BTC-USD"}, {"trade_id": 848285759, "side": "sell", "size": "0.00001328", "price": "118888.50000000", "time": "2025-07-13T16:39:24.157586Z", "fetched_at": "2025-07-13T16:39:32.659435+00:00", "symbol": "BTC-USD"}, {"trade_id": 848285758, "side": "sell", "size": "0.02295181", "price": "118888.50000000", "time": "2025-07-13T16:39:24.157586Z", "fetched_at": "2025-07-13T16:39:32.659435+00:00", "symbol": "BTC-USD"}, {"trade_id": 848285757, "side": "sell", "size": "0.02442925", "price": "118888.50000000", "time": "2025-07-13T16:39:24.153818Z", "fetched_at": "2025-07-13T16:39:32.659435+00:00", "symbol": "BTC-USD"}, {"trade_id": 848285756, "side": "sell", "size": "0.00012491", "price": "118888.50000000", "time": "2025-07-13T16:39:23.235460Z", "fetched_at": "2025-07-13T16:39:32.659435+00:00", "symbol": "BTC-USD"}, {"trade_id": 848285755, "side": "sell", "size": "0.00209673", "price": "118888.50000000", "time": "2025-07-13T16:39:23.144327Z", "fetched_at": "2025-07-13T16:39:32.659435+00:00", "symbol": "BTC-USD"}, {"trade_id": 848285754, "side": "sell", "size": "0.00039730", "price": "118888.50000000", "time": "2025-07-13T16:39:22.762649Z", "fetched_at": "2025-07-13T16:39:32.659435+00:00", "symbol": "BTC-USD"}, {"trade_id": 848285753, "side": "sell", "size": "0.00001034", "price": "118888.50000000", "time": "2025-07-13T16:39:22.762649Z", "fetched_at": "2025-07-13T16:39:32.659435+00:00", "symbol": "BTC-USD"}, {"trade_id": 848285752, "side": "sell", "size": "0.00000210", "price": "118888.50000000", "time": "2025-07-13T16:39:22.762649Z", "fetched_at": "2025-07-13T16:39:32.659435+00:00", "symbol": "BTC-USD"}, {"trade_id": 848285751, "side": "sell", "size": "0.00000664", "price": "118888.50000000", "time": "2025-07-13T16:39:22.762649Z", "fetched_at": "2025-07-13T16:39:32.659435+00:00", "symbol": "BTC-USD"}, {"trade_id": 848285750, "side": "sell", "size": "0.05000000", "price": "118881.80000000", "time": "2025-07-13T16:39:22.526740Z", "fetched_at": "2025-07-13T16:39:32.659435+00:00", "symbol": "BTC-USD"}, {"trade_id": 848285749, "side": "sell", "size": "0.00376900", "price": "118881.75000000", "time": "2025-07-13T16:39:22.526740Z", "fetched_at": "2025-07-13T16:39:32.659435+00:00", "symbol": "BTC-USD"}, {"trade_id": 848285748, "side": "sell", "size": "0.01538700", "price": "118881.75000000", "time": "2025-07-13T16:39:22.526740Z", "fetched_at": "2025-07-13T16:39:32.659435+00:00", "symbol": "BTC-USD"}, {"trade_id": 848285747, "side": "sell", "size": "0.02920953", "price": "118881.75000000", "time": "2025-07-13T16:39:22.526740Z", "fetched_at": "2025-07-13T16:39:32.659435+00:00", "symbol": "BTC-USD"}, {"trade_id": 848285746, "side": "sell", "size": "0.00163424", "price": "118881.75000000", "time": "2025-07-13T16:39:22.377618Z", "fetched_at": "2025-07-13T16:39:32.659435+00:00", "symbol": "BTC-USD"}, {"trade_id": 848285745, "side": "sell", "size": "0.00337000", "price": "118881.75000000", "time": "2025-07-13T16:39:22.122064Z", "fetched_at": "2025-07-13T16:39:32.659435+00:00", "symbol": "BTC-USD"}, {"trade_id": 848285744, "side": "sell", "size": "0.00039893", "price": "118881.75000000", "time": "2025-07-13T16:39:21.998850Z", "fetched_at": "2025-07-13T16:39:32.659435+00:00", "symbol": "BTC-USD"}, {"trade_id": 848285743, "side": "buy", "size": "0.00008411", "price": "118881.72000000", "time": "2025-07-13T16:39:20.854106Z", "fetched_at": "2025-07-13T16:39:32.659435+00:00", "symbol": "BTC-USD"}, {"trade_id": 848285742, "side": "sell", "size": "0.01538730", "price": "118881.75000000", "time": "2025-07-13T16:39:20.762397Z", "fetched_at": "2025-07-13T16:39:32.659435+00:00", "symbol": "BTC-USD"}, {"trade_id": 848285741, "side": "sell", "size": "0.00841172", "price": "118881.73000000", "time": "2025-07-13T16:39:20.762397Z", "fetched_at": "2025-07-13T16:39:32.659435+00:00", "symbol": "BTC-USD"}, {"trade_id": 848285740, "side": "sell", "size": "0.11464823", "price": "118881.73000000", "time": "2025-07-13T16:39:20.762397Z", "fetched_at": "2025-07-13T16:39:32.659435+00:00", "symbol": "BTC-USD"}, {"trade_id": 848285739, "side": "sell", "size": "0.00008177", "price": "118881.73000000", "time": "2025-07-13T16:39:20.644857Z", "fetched_at": "2025-07-13T16:39:32.659435+00:00", "symbol": "BTC-USD"}, {"trade_id": 848285738, "side": "buy", "size": "0.00007826", "price": "118884.70000000", "time": "2025-07-13T16:39:20.155710Z", "fetched_at": "2025-07-13T16:39:32.659435+00:00", "symbol": "BTC-USD"}, {"trade_id": 848285737, "side": "buy", "size": "0.00000378", "price": "118884.70000000", "time": "2025-07-13T16:39:19.910271Z", "fetched_at": "2025-07-13T16:39:32.659435+00:00", "symbol": "BTC-USD"}, {"trade_id": 848285736, "side": "buy", "size": "0.00004041", "price": "118888.38000000", "time": "2025-07-13T16:39:19.784450Z", "fetched_at": "2025-07-13T16:39:32.659435+00:00", "symbol": "BTC-USD"}, {"trade_id": 848285735, "side": "buy", "size": "0.00000403", "price": "118888.49000000", "time": "2025-07-13T16:39:19.784450Z", "fetched_at": "2025-07-13T16:39:32.659435+00:00", "symbol": "BTC-USD"}, {"trade_id": 848285734, "side": "buy", "size": "0.00000126", "price": "118888.49000000", "time": "2025-07-13T16:39:19.784450Z", "fetched_at": "2025-07-13T16:39:32.659435+00:00", "symbol": "BTC-USD"}, {"trade_id": 848285733, "side": "sell", "size": "0.00005900", "price": "118888.50000000", "time": "2025-07-13T16:39:19.752055Z", "fetched_at": "2025-07-13T16:39:32.659435+00:00", "symbol": "BTC-USD"}, {"trade_id": 848285732, "side": "sell", "size": "0.00020438", "price": "118888.50000000", "time": "2025-07-13T16:39:19.378608Z", "fetched_at": "2025-07-13T16:39:32.659435+00:00", "symbol": "BTC-USD"}, {"trade_id": 848285731, "side": "sell", "size": "0.00107810", "price": "118888.50000000", "time": "2025-07-13T16:39:19.243075Z", "fetched_at": "2025-07-13T16:39:32.659435+00:00", "symbol": "BTC-USD"}, {"trade_id": 848285730, "side": "sell", "size": "0.00008676", "price": "118888.50000000", "time": "2025-07-13T16:39:17.720615Z", "fetched_at": "2025-07-13T16:39:32.659435+00:00", "symbol": "BTC-USD"}, {"trade_id": 848285729, "side": "sell", "size": "0.00012250", "price": "118888.50000000", "time": "2025-07-13T16:39:17.714531Z", "fetched_at": "2025-07-13T16:39:32.659435+00:00", "symbol": "BTC-USD"}, {"trade_id": 848285728, "side": "sell", "size": "0.00045730", "price": "118888.50000000", "time": "2025-07-13T16:39:17.682436Z", "fetched_at": "2025-07-13T16:39:32.659435+00:00", "symbol": "BTC-USD"}, {"trade_id": 848285727, "side": "sell", "size": "0.00334998", "price": "118888.50000000", "time": "2025-07-13T16:39:17.517600Z", "fetched_at": "2025-07-13T16:39:32.659435+00:00", "symbol": "BTC-USD"}, {"trade_id": 848285726, "side": "sell", "size": "0.00208094", "price": "118888.50000000", "time": "2025-07-13T16:39:17.420145Z", "fetched_at": "2025-07-13T16:39:32.659435+00:00", "symbol": "BTC-USD"}, {"trade_id": 848285725, "side": "sell", "size": "0.00016748", "price": "118888.50000000", "time": "2025-07-13T16:39:17.066713Z", "fetched_at": "2025-07-13T16:39:32.659435+00:00", "symbol": "BTC-USD"}, {"trade_id": 848285724, "side": "buy", "size": "0.00008203", "price": "118892.93000000", "time": "2025-07-13T16:39:16.442116Z", "fetched_at": "2025-07-13T16:39:32.659435+00:00", "symbol": "BTC-USD"}, {"trade_id": 848285723, "side": "buy", "size": "0.00008203", "price": "118894.13000000", "time": "2025-07-13T16:39:16.414211Z", "fetched_at": "2025-07-13T16:39:32.659435+00:00", "symbol": "BTC-USD"}, {"trade_id": 848285722, "side": "buy", "size": "0.00008202", "price": "118900.29000000", "time": "2025-07-13T16:39:16.364473Z", "fetched_at": "2025-07-13T16:39:32.659435+00:00", "symbol": "BTC-USD"}, {"trade_id": 848285721, "side": "sell", "size": "0.00028603", "price": "118900.30000000", "time": "2025-07-13T16:39:16.255847Z", "fetched_at": "2025-07-13T16:39:32.659435+00:00", "symbol": "BTC-USD"}, {"trade_id": 848285720, "side": "sell", "size": "0.00832376", "price": "118900.26000000", "time": "2025-07-13T16:39:16.124216Z", "fetched_at": "2025-07-13T16:39:32.659435+00:00", "symbol": "BTC-USD"}, {"trade_id": 848285719, "side": "sell", "size": "0.00005480", "price": "118910.45000000", "time": "2025-07-13T16:39:15.438002Z", "fetched_at": "2025-07-13T16:39:32.659435+00:00", "symbol": "BTC-USD"}, {"trade_id": 848285718, "side": "buy", "size": "0.00780000", "price": "118909.22000000", "time": "2025-07-13T16:39:15.335877Z", "fetched_at": "2025-07-13T16:39:32.659435+00:00", "symbol": "BTC-USD"}, {"trade_id": 848285717, "side": "buy", "size": "0.00780000", "price": "118910.53000000", "time": "2025-07-13T16:39:15.314724Z", "fetched_at": "2025-07-13T16:39:32.659435+00:00", "symbol": "BTC-USD"}, {"trade_id": 848285716, "side": "sell", "size": "0.00110747", "price": "118897.81000000", "time": "2025-07-13T16:39:15.194389Z", "fetched_at": "2025-07-13T16:39:32.659435+00:00", "symbol": "BTC-USD"}, {"trade_id": 848285715, "side": "sell", "size": "0.01093944", "price": "118897.80000000", "time": "2025-07-13T16:39:15.194389Z", "fetched_at": "2025-07-13T16:39:32.659435+00:00", "symbol": "BTC-USD"}, {"trade_id": 848285714, "side": "sell", "size": "0.00841078", "price": "118894.98000000", "time": "2025-07-13T16:39:15.194389Z", "fetched_at": "2025-07-13T16:39:32.659435+00:00", "symbol": "BTC-USD"}, {"trade_id": 848285713, "side": "sell", "size": "0.05000000", "price": "118886.85000000", "time": "2025-07-13T16:39:15.190870Z", "fetched_at": "2025-07-13T16:39:32.659435+00:00", "symbol": "BTC-USD"}, {"trade_id": 848285712, "side": "sell", "size": "0.05000000", "price": "118886.80000000", "time": "2025-07-13T16:39:15.190870Z", "fetched_at": "2025-07-13T16:39:32.659435+00:00", "symbol": "BTC-USD"}, {"trade_id": 848285711, "side": "sell", "size": "0.00001033", "price": "118886.78000000", "time": "2025-07-13T16:39:15.190870Z", "fetched_at": "2025-07-13T16:39:32.659435+00:00", "symbol": "BTC-USD"}, {"trade_id": 848285710, "side": "sell", "size": "0.00000210", "price": "118886.78000000", "time": "2025-07-13T16:39:15.190870Z", "fetched_at": "2025-07-13T16:39:32.659435+00:00", "symbol": "BTC-USD"}, {"trade_id": 848285709, "side": "sell", "size": "0.00897684", "price": "118886.78000000", "time": "2025-07-13T16:39:15.190870Z", "fetched_at": "2025-07-13T16:39:32.659435+00:00", "symbol": "BTC-USD"}, {"trade_id": 848285708, "side": "buy", "size": "0.00253279", "price": "118886.77000000", "time": "2025-07-13T16:39:15.145471Z", "fetched_at": "2025-07-13T16:39:32.659435+00:00", "symbol": "BTC-USD"}, {"trade_id": 848285707, "side": "buy", "size": "0.00163137", "price": "118886.77000000", "time": "2025-07-13T16:39:15.145471Z", "fetched_at": "2025-07-13T16:39:32.659435+00:00", "symbol": "BTC-USD"}, {"trade_id": 848285706, "side": "buy", "size": "0.00008203", "price": "118886.77000000", "time": "2025-07-13T16:39:15.145471Z", "fetched_at": "2025-07-13T16:39:32.659435+00:00", "symbol": "BTC-USD"}, {"trade_id": 848285705, "side": "buy", "size": "0.00004359", "price": "118885.76000000", "time": "2025-07-13T16:39:14.084832Z", "fetched_at": "2025-07-13T16:39:32.659435+00:00", "symbol": "BTC-USD"}, {"trade_id": 848285704, "side": "buy", "size": "0.00001000", "price": "118885.76000000", "time": "2025-07-13T16:39:14.084832Z", "fetched_at": "2025-07-13T16:39:32.659435+00:00", "symbol": "BTC-USD"}, {"trade_id": 848285703, "side": "buy", "size": "0.00008203", "price": "118886.77000000", "time": "2025-07-13T16:39:14.084832Z", "fetched_at": "2025-07-13T16:39:32.659435+00:00", "symbol": "BTC-USD"}, {"trade_id": 848285702, "side": "buy", "size": "0.00001000", "price": "118894.68000000", "time": "2025-07-13T16:39:12.748680Z", "fetched_at": "2025-07-13T16:39:32.659435+00:00", "symbol": "BTC-USD"}, {"trade_id": 848285701, "side": "buy", "size": "0.01484063", "price": "118901.52000000", "time": "2025-07-13T16:39:12.655614Z", "fetched_at": "2025-07-13T16:39:32.659435+00:00", "symbol": "BTC-USD"}, {"trade_id": 848285700, "side": "buy", "size": "0.00001000", "price": "118903.60000000", "time": "2025-07-13T16:39:12.654657Z", "fetched_at": "2025-07-13T16:39:32.659435+00:00", "symbol": "BTC-USD"}, {"trade_id": 848285699, "side": "buy", "size": "0.00008202", "price": "118903.88000000", "time": "2025-07-13T16:39:12.654565Z", "fetched_at": "2025-07-13T16:39:32.659435+00:00", "symbol": "BTC-USD"}, {"trade_id": 848285698, "side": "buy", "size": "0.06017205", "price": "118903.88000000", "time": "2025-07-13T16:39:12.654565Z", "fetched_at": "2025-07-13T16:39:32.659435+00:00", "symbol": "BTC-USD"}, {"trade_id": 848285697, "side": "buy", "size": "0.02912168", "price": "118903.88000000", "time": "2025-07-13T16:39:12.653514Z", "fetched_at": "2025-07-13T16:39:32.659435+00:00", "symbol": "BTC-USD"}, {"trade_id": 848285696, "side": "buy", "size": "0.02988295", "price": "118903.88000000", "time": "2025-07-13T16:39:12.653461Z", "fetched_at": "2025-07-13T16:39:32.659435+00:00", "symbol": "BTC-USD"}, {"trade_id": 848285695, "side": "buy", "size": "0.00001000", "price": "118912.52000000", "time": "2025-07-13T16:39:12.648545Z", "fetched_at": "2025-07-13T16:39:32.659435+00:00", "symbol": "BTC-USD"}, {"trade_id": 848285694, "side": "buy", "size": "0.00000100", "price": "118916.27000000", "time": "2025-07-13T16:39:12.105210Z", "fetched_at": "2025-07-13T16:39:32.659435+00:00", "symbol": "BTC-USD"}, {"trade_id": 848285693, "side": "buy", "size": "0.00000294", "price": "118916.27000000", "time": "2025-07-13T16:39:12.105210Z", "fetched_at": "2025-07-13T16:39:32.659435+00:00", "symbol": "BTC-USD"}, {"trade_id": 848285692, "side": "buy", "size": "0.00843321", "price": "118916.31000000", "time": "2025-07-13T16:39:12.105210Z", "fetched_at": "2025-07-13T16:39:32.659435+00:00", "symbol": "BTC-USD"}, {"trade_id": 848285691, "side": "buy", "size": "0.00008201", "price": "118927.92000000", "time": "2025-07-13T16:39:12.080311Z", "fetched_at": "2025-07-13T16:39:32.659435+00:00", "symbol": "BTC-USD"}, {"trade_id": 848285690, "side": "buy", "size": "0.00008200", "price": "118931.63000000", "time": "2025-07-13T16:39:11.822649Z", "fetched_at": "2025-07-13T16:39:32.659435+00:00", "symbol": "BTC-USD"}, {"trade_id": 848285689, "side": "sell", "size": "0.00011410", "price": "118932.58000000", "time": "2025-07-13T16:39:11.519088Z", "fetched_at": "2025-07-13T16:39:32.659435+00:00", "symbol": "BTC-USD"}, {"trade_id": 848285688, "side": "buy", "size": "0.00000007", "price": "118929.57000000", "time": "2025-07-13T16:39:11.434550Z", "fetched_at": "2025-07-13T16:39:32.659435+00:00", "symbol": "BTC-USD"}, {"trade_id": 848285687, "side": "buy", "size": "0.04098495", "price": "118929.66000000", "time": "2025-07-13T16:39:11.434550Z", "fetched_at": "2025-07-13T16:39:32.659435+00:00", "symbol": "BTC-USD"}, {"trade_id": 848285686, "side": "buy", "size": "0.00001042", "price": "118930.17000000", "time": "2025-07-13T16:39:11.434550Z", "fetched_at": "2025-07-13T16:39:32.659435+00:00", "symbol": "BTC-USD"}, {"trade_id": 848285685, "side": "buy", "size": "0.00000353", "price": "118930.17000000", "time": "2025-07-13T16:39:11.434550Z", "fetched_at": "2025-07-13T16:39:32.659435+00:00", "symbol": "BTC-USD"}, {"trade_id": 848285684, "side": "buy", "size": "0.02929689", "price": "118931.06000000", "time": "2025-07-13T16:39:11.434550Z", "fetched_at": "2025-07-13T16:39:32.659435+00:00", "symbol": "BTC-USD"}, {"trade_id": 848285683, "side": "buy", "size": "0.04117262", "price": "118931.08000000", "time": "2025-07-13T16:39:11.434550Z", "fetched_at": "2025-07-13T16:39:32.659435+00:00", "symbol": "BTC-USD"}, {"trade_id": 848285682, "side": "buy", "size": "0.01496142", "price": "118937.54000000", "time": "2025-07-13T16:39:11.429798Z", "fetched_at": "2025-07-13T16:39:32.659435+00:00", "symbol": "BTC-USD"}, {"trade_id": 848285681, "side": "buy", "size": "0.00003998", "price": "118937.53000000", "time": "2025-07-13T16:39:11.421315Z", "fetched_at": "2025-07-13T16:39:32.659435+00:00", "symbol": "BTC-USD"}, {"trade_id": 848285680, "side": "buy", "size": "0.01496142", "price": "118937.53000000", "time": "2025-07-13T16:39:11.421315Z", "fetched_at": "2025-07-13T16:39:32.659435+00:00", "symbol": "BTC-USD"}, {"trade_id": 848285679, "side": "buy", "size": "0.00008200", "price": "118943.16000000", "time": "2025-07-13T16:39:11.388736Z", "fetched_at": "2025-07-13T16:39:32.659435+00:00", "symbol": "BTC-USD"}, {"trade_id": 848285678, "side": "sell", "size": "0.00014155", "price": "118943.14000000", "time": "2025-07-13T16:39:11.134349Z", "fetched_at": "2025-07-13T16:39:32.659435+00:00", "symbol": "BTC-USD"}, {"trade_id": 848285677, "side": "sell", "size": "0.00002186", "price": "118943.13000000", "time": "2025-07-13T16:39:11.134349Z", "fetched_at": "2025-07-13T16:39:32.659435+00:00", "symbol": "BTC-USD"}, {"trade_id": 848285676, "side": "buy", "size": "0.00008200", "price": "118943.18000000", "time": "2025-07-13T16:39:10.633517Z", "fetched_at": "2025-07-13T16:39:32.659435+00:00", "symbol": "BTC-USD"}, {"trade_id": 848285675, "side": "sell", "size": "0.00160193", "price": "118944.53000000", "time": "2025-07-13T16:39:10.531693Z", "fetched_at": "2025-07-13T16:39:32.659435+00:00", "symbol": "BTC-USD"}, {"trade_id": 848285674, "side": "sell", "size": "0.00002210", "price": "118944.52000000", "time": "2025-07-13T16:39:10.531693Z", "fetched_at": "2025-07-13T16:39:32.659435+00:00", "symbol": "BTC-USD"}, {"trade_id": 848285673, "side": "sell", "size": "0.00001034", "price": "118936.47000000", "time": "2025-07-13T16:39:10.531693Z", "fetched_at": "2025-07-13T16:39:32.659435+00:00", "symbol": "BTC-USD"}, {"trade_id": 848285672, "side": "sell", "size": "0.00319031", "price": "118936.47000000", "time": "2025-07-13T16:39:10.343243Z", "fetched_at": "2025-07-13T16:39:32.659435+00:00", "symbol": "BTC-USD"}, {"trade_id": 848285671, "side": "sell", "size": "0.00011493", "price": "118936.47000000", "time": "2025-07-13T16:39:09.593805Z", "fetched_at": "2025-07-13T16:39:32.659435+00:00", "symbol": "BTC-USD"}, {"trade_id": 848285670, "side": "buy", "size": "0.00008358", "price": "118936.46000000", "time": "2025-07-13T16:39:09.559740Z", "fetched_at": "2025-07-13T16:39:32.659435+00:00", "symbol": "BTC-USD"}, {"trade_id": 848285669, "side": "sell", "size": "0.00498383", "price": "118943.04000000", "time": "2025-07-13T16:39:08.529608Z", "fetched_at": "2025-07-13T16:39:32.659435+00:00", "symbol": "BTC-USD"}, {"trade_id": 848285668, "side": "sell", "size": "0.00001204", "price": "118943.03000000", "time": "2025-07-13T16:39:08.529608Z", "fetched_at": "2025-07-13T16:39:32.659435+00:00", "symbol": "BTC-USD"}, {"trade_id": 848285667, "side": "sell", "size": "0.00122361", "price": "118940.72000000", "time": "2025-07-13T16:39:08.243280Z", "fetched_at": "2025-07-13T16:39:32.659435+00:00", "symbol": "BTC-USD"}, {"trade_id": 848285666, "side": "sell", "size": "0.00000210", "price": "118940.72000000", "time": "2025-07-13T16:39:08.243280Z", "fetched_at": "2025-07-13T16:39:32.659435+00:00", "symbol": "BTC-USD"}, {"trade_id": 848285665, "side": "buy", "size": "0.00041150", "price": "118940.60000000", "time": "2025-07-13T16:39:08.039443Z", "fetched_at": "2025-07-13T16:39:32.659435+00:00", "symbol": "BTC-USD"}, {"trade_id": 848285664, "side": "buy", "size": "0.00001202", "price": "118940.62000000", "time": "2025-07-13T16:39:08.039443Z", "fetched_at": "2025-07-13T16:39:32.659435+00:00", "symbol": "BTC-USD"}, {"trade_id": 848285663, "side": "buy", "size": "0.00000395", "price": "118940.62000000", "time": "2025-07-13T16:39:08.039443Z", "fetched_at": "2025-07-13T16:39:32.659435+00:00", "symbol": "BTC-USD"}, {"trade_id": 848285662, "side": "buy", "size": "0.00008200", "price": "118940.62000000", "time": "2025-07-13T16:39:07.337399Z", "fetched_at": "2025-07-13T16:39:32.659435+00:00", "symbol": "BTC-USD"}, {"trade_id": 848285661, "side": "buy", "size": "0.00008200", "price": "118940.62000000", "time": "2025-07-13T16:39:07.323341Z", "fetched_at": "2025-07-13T16:39:32.659435+00:00", "symbol": "BTC-USD"}, {"trade_id": 848285660, "side": "sell", "size": "0.03818458", "price": "118943.19000000", "time": "2025-07-13T16:39:07.276882Z", "fetched_at": "2025-07-13T16:39:32.659435+00:00", "symbol": "BTC-USD"}, {"trade_id": 848285659, "side": "sell", "size": "0.00002055", "price": "118943.18000000", "time": "2025-07-13T16:39:07.276882Z", "fetched_at": "2025-07-13T16:39:32.659435+00:00", "symbol": "BTC-USD"}, {"trade_id": 848285658, "side": "sell", "size": "0.00420423", "price": "118940.73000000", "time": "2025-07-13T16:39:07.276882Z", "fetched_at": "2025-07-13T16:39:32.659435+00:00", "symbol": "BTC-USD"}, {"trade_id": 848285657, "side": "sell", "size": "0.03026399", "price": "118939.99000000", "time": "2025-07-13T16:39:07.276882Z", "fetched_at": "2025-07-13T16:39:32.659435+00:00", "symbol": "BTC-USD"}, {"trade_id": 848285656, "side": "sell", "size": "0.06557748", "price": "118938.76000000", "time": "2025-07-13T16:39:07.276882Z", "fetched_at": "2025-07-13T16:39:32.659435+00:00", "symbol": "BTC-USD"}, {"trade_id": 848285655, "side": "sell", "size": "0.04993295", "price": "118938.75000000", "time": "2025-07-13T16:39:07.276882Z", "fetched_at": "2025-07-13T16:39:32.659435+00:00", "symbol": "BTC-USD"}, {"trade_id": 848285654, "side": "sell", "size": "0.00500000", "price": "118938.74000000", "time": "2025-07-13T16:39:07.276882Z", "fetched_at": "2025-07-13T16:39:32.659435+00:00", "symbol": "BTC-USD"}, {"trade_id": 848285653, "side": "sell", "size": "0.00000665", "price": "118932.52000000", "time": "2025-07-13T16:39:07.276882Z", "fetched_at": "2025-07-13T16:39:32.659435+00:00", "symbol": "BTC-USD"}, {"trade_id": 848285652, "side": "sell", "size": "0.00497042", "price": "118932.52000000", "time": "2025-07-13T16:39:07.276882Z", "fetched_at": "2025-07-13T16:39:32.659435+00:00", "symbol": "BTC-USD"}, {"trade_id": 848285651, "side": "sell", "size": "0.00840813", "price": "118932.49000000", "time": "2025-07-13T16:39:07.276882Z", "fetched_at": "2025-07-13T16:39:32.659435+00:00", "symbol": "BTC-USD"}, {"trade_id": 848285650, "side": "sell", "size": "0.00088281", "price": "118929.85000000", "time": "2025-07-13T16:39:05.945422Z", "fetched_at": "2025-07-13T16:39:32.659435+00:00", "symbol": "BTC-USD"}, {"trade_id": 848285649, "side": "buy", "size": "0.00448490", "price": "118929.84000000", "time": "2025-07-13T16:39:05.296461Z", "fetched_at": "2025-07-13T16:39:32.659435+00:00", "symbol": "BTC-USD"}, {"trade_id": 848285648, "side": "buy", "size": "0.00008200", "price": "118929.84000000", "time": "2025-07-13T16:39:05.296461Z", "fetched_at": "2025-07-13T16:39:32.659435+00:00", "symbol": "BTC-USD"}, {"trade_id": 848285647, "side": "buy", "size": "0.00081388", "price": "118932.51000000", "time": "2025-07-13T16:39:04.833109Z", "fetched_at": "2025-07-13T16:39:32.659435+00:00", "symbol": "BTC-USD"}, {"trade_id": 848285646, "side": "buy", "size": "0.00772000", "price": "118932.51000000", "time": "2025-07-13T16:39:04.833109Z", "fetched_at": "2025-07-13T16:39:32.659435+00:00", "symbol": "BTC-USD"}, {"trade_id": 848285645, "side": "sell", "size": "0.00096000", "price": "118931.61000000", "time": "2025-07-13T16:39:04.548573Z", "fetched_at": "2025-07-13T16:39:32.659435+00:00", "symbol": "BTC-USD"}, {"trade_id": 848285644, "side": "sell", "size": "0.00466181", "price": "118931.61000000", "time": "2025-07-13T16:39:04.545347Z", "fetched_at": "2025-07-13T16:39:32.659435+00:00", "symbol": "BTC-USD"}, {"trade_id": 848285643, "side": "sell", "size": "0.00001033", "price": "118929.57000000", "time": "2025-07-13T16:39:04.545347Z", "fetched_at": "2025-07-13T16:39:32.659435+00:00", "symbol": "BTC-USD"}, {"trade_id": 848285642, "side": "sell", "size": "0.00000210", "price": "118929.57000000", "time": "2025-07-13T16:39:04.545347Z", "fetched_at": "2025-07-13T16:39:32.659435+00:00", "symbol": "BTC-USD"}, {"trade_id": 848285641, "side": "sell", "size": "0.00365328", "price": "118929.57000000", "time": "2025-07-13T16:39:04.545347Z", "fetched_at": "2025-07-13T16:39:32.659435+00:00", "symbol": "BTC-USD"}, {"trade_id": 848285640, "side": "sell", "size": "0.00010412", "price": "118929.57000000", "time": "2025-07-13T16:39:03.941633Z", "fetched_at": "2025-07-13T16:39:32.659435+00:00", "symbol": "BTC-USD"}, {"trade_id": 848285639, "side": "sell", "size": "0.00081743", "price": "118929.57000000", "time": "2025-07-13T16:39:03.833147Z", "fetched_at": "2025-07-13T16:39:32.659435+00:00", "symbol": "BTC-USD"}, {"trade_id": 848285638, "side": "sell", "size": "0.00083279", "price": "118929.57000000", "time": "2025-07-13T16:39:03.396400Z", "fetched_at": "2025-07-13T16:39:32.659435+00:00", "symbol": "BTC-USD"}, {"trade_id": 848285637, "side": "sell", "size": "0.00293129", "price": "118929.57000000", "time": "2025-07-13T16:39:02.917267Z", "fetched_at": "2025-07-13T16:39:32.659435+00:00", "symbol": "BTC-USD"}, {"trade_id": 848285636, "side": "sell", "size": "0.00007195", "price": "118929.57000000", "time": "2025-07-13T16:39:02.603629Z", "fetched_at": "2025-07-13T16:39:32.659435+00:00", "symbol": "BTC-USD"}, {"trade_id": 848285635, "side": "sell", "size": "0.00001133", "price": "118928.12000000", "time": "2025-07-13T16:39:02.603629Z", "fetched_at": "2025-07-13T16:39:32.659435+00:00", "symbol": "BTC-USD"}, {"trade_id": 848285634, "side": "sell", "size": "0.00004164", "price": "118918.80000000", "time": "2025-07-13T16:39:01.776796Z", "fetched_at": "2025-07-13T16:39:32.659435+00:00", "symbol": "BTC-USD"}, {"trade_id": 848285633, "side": "sell", "size": "0.00040871", "price": "118924.76000000", "time": "2025-07-13T16:39:01.557596Z", "fetched_at": "2025-07-13T16:39:32.659435+00:00", "symbol": "BTC-USD"}, {"trade_id": 848285632, "side": "buy", "size": "0.00169927", "price": "118924.75000000", "time": "2025-07-13T16:39:01.554910Z", "fetched_at": "2025-07-13T16:39:32.659435+00:00", "symbol": "BTC-USD"}, {"trade_id": 848285631, "side": "sell", "size": "0.00008328", "price": "118924.76000000", "time": "2025-07-13T16:39:01.426360Z", "fetched_at": "2025-07-13T16:39:32.659435+00:00", "symbol": "BTC-USD"}, {"trade_id": 848285630, "side": "sell", "size": "0.00008119", "price": "118924.76000000", "time": "2025-07-13T16:39:01.139159Z", "fetched_at": "2025-07-13T16:39:32.659435+00:00", "symbol": "BTC-USD"}, {"trade_id": 848285629, "side": "buy", "size": "0.00008201", "price": "118928.77000000", "time": "2025-07-13T16:39:00.447714Z", "fetched_at": "2025-07-13T16:39:32.659435+00:00", "symbol": "BTC-USD"}, {"trade_id": 848285628, "side": "sell", "size": "0.00012734", "price": "118924.75000000", "time": "2025-07-13T16:39:00.435834Z", "fetched_at": "2025-07-13T16:39:32.659435+00:00", "symbol": "BTC-USD"}, {"trade_id": 848285627, "side": "sell", "size": "0.00081744", "price": "118924.75000000", "time": "2025-07-13T16:39:00.353773Z", "fetched_at": "2025-07-13T16:39:32.659435+00:00", "symbol": "BTC-USD"}, {"trade_id": 848285626, "side": "buy", "size": "0.00008201", "price": "118926.13000000", "time": "2025-07-13T16:39:00.307606Z", "fetched_at": "2025-07-13T16:39:32.659435+00:00", "symbol": "BTC-USD"}, {"trade_id": 848285625, "side": "buy", "size": "0.00008201", "price": "118926.94000000", "time": "2025-07-13T16:39:00.294330Z", "fetched_at": "2025-07-13T16:39:32.659435+00:00", "symbol": "BTC-USD"}, {"trade_id": 848285624, "side": "buy", "size": "0.00008201", "price": "118928.78000000", "time": "2025-07-13T16:39:00.282993Z", "fetched_at": "2025-07-13T16:39:32.659435+00:00", "symbol": "BTC-USD"}, {"trade_id": 848285623, "side": "buy", "size": "0.00008200", "price": "118929.55000000", "time": "2025-07-13T16:39:00.269988Z", "fetched_at": "2025-07-13T16:39:32.659435+00:00", "symbol": "BTC-USD"}, {"trade_id": 848285622, "side": "sell", "size": "0.00456535", "price": "118929.56000000", "time": "2025-07-13T16:39:00.247997Z", "fetched_at": "2025-07-13T16:39:32.659435+00:00", "symbol": "BTC-USD"}, {"trade_id": 848285621, "side": "sell", "size": "0.00001263", "price": "118928.60000000", "time": "2025-07-13T16:39:00.247997Z", "fetched_at": "2025-07-13T16:39:32.659435+00:00", "symbol": "BTC-USD"}, {"trade_id": 848285620, "side": "sell", "size": "0.03052881", "price": "118927.75000000", "time": "2025-07-13T16:39:00.247997Z", "fetched_at": "2025-07-13T16:39:32.659435+00:00", "symbol": "BTC-USD"}, {"trade_id": 848285619, "side": "sell", "size": "0.00500000", "price": "118927.74000000", "time": "2025-07-13T16:39:00.247997Z", "fetched_at": "2025-07-13T16:39:32.659435+00:00", "symbol": "BTC-USD"}, {"trade_id": 848285618, "side": "sell", "size": "0.00840888", "price": "118921.83000000", "time": "2025-07-13T16:39:00.247997Z", "fetched_at": "2025-07-13T16:39:32.659435+00:00", "symbol": "BTC-USD"}, {"trade_id": 848285617, "side": "sell", "size": "0.00001440", "price": "118921.83000000", "time": "2025-07-13T16:39:00.247997Z", "fetched_at": "2025-07-13T16:39:32.659435+00:00", "symbol": "BTC-USD"}, {"trade_id": 848285616, "side": "sell", "size": "0.00132288", "price": "118921.83000000", "time": "2025-07-13T16:39:00.247997Z", "fetched_at": "2025-07-13T16:39:32.659435+00:00", "symbol": "BTC-USD"}, {"trade_id": 848285615, "side": "buy", "size": "0.00158589", "price": "118921.82000000", "time": "2025-07-13T16:39:00.217506Z", "fetched_at": "2025-07-13T16:39:32.659435+00:00", "symbol": "BTC-USD"}, {"trade_id": 848285614, "side": "buy", "size": "0.00008201", "price": "118921.82000000", "time": "2025-07-13T16:39:00.217506Z", "fetched_at": "2025-07-13T16:39:32.659435+00:00", "symbol": "BTC-USD"}, {"trade_id": 848285613, "side": "buy", "size": "0.00103173", "price": "118921.82000000", "time": "2025-07-13T16:39:00.217506Z", "fetched_at": "2025-07-13T16:39:32.659435+00:00", "symbol": "BTC-USD"}, {"trade_id": 848285612, "side": "sell", "size": "0.00040871", "price": "118921.83000000", "time": "2025-07-13T16:38:59.948949Z", "fetched_at": "2025-07-13T16:39:32.659435+00:00", "symbol": "BTC-USD"}, {"trade_id": 848285611, "side": "buy", "size": "0.00084116", "price": "118921.82000000", "time": "2025-07-13T16:38:59.719719Z", "fetched_at": "2025-07-13T16:39:32.659435+00:00", "symbol": "BTC-USD"}, {"trade_id": 848285610, "side": "buy", "size": "0.00002779", "price": "118921.82000000", "time": "2025-07-13T16:38:59.667527Z", "fetched_at": "2025-07-13T16:39:32.659435+00:00", "symbol": "BTC-USD"}, {"trade_id": 848285609, "side": "sell", "size": "0.00163486", "price": "118921.83000000", "time": "2025-07-13T16:38:59.466592Z", "fetched_at": "2025-07-13T16:39:32.659435+00:00", "symbol": "BTC-USD"}, {"trade_id": 848285608, "side": "sell", "size": "0.00166569", "price": "118921.83000000", "time": "2025-07-13T16:38:58.940472Z", "fetched_at": "2025-07-13T16:39:32.659435+00:00", "symbol": "BTC-USD"}, {"trade_id": 848285607, "side": "sell", "size": "0.00002499", "price": "118921.83000000", "time": "2025-07-13T16:38:58.863625Z", "fetched_at": "2025-07-13T16:39:32.659435+00:00", "symbol": "BTC-USD"}, {"trade_id": 848285606, "side": "sell", "size": "0.00007979", "price": "118921.83000000", "time": "2025-07-13T16:38:58.452721Z", "fetched_at": "2025-07-13T16:39:32.659435+00:00", "symbol": "BTC-USD"}, {"trade_id": 848285605, "side": "sell", "size": "0.00003954", "price": "118921.83000000", "time": "2025-07-13T16:38:58.123899Z", "fetched_at": "2025-07-13T16:39:32.659435+00:00", "symbol": "BTC-USD"}, {"trade_id": 848285604, "side": "sell", "size": "0.00000210", "price": "118921.83000000", "time": "2025-07-13T16:38:58.123899Z", "fetched_at": "2025-07-13T16:39:32.659435+00:00", "symbol": "BTC-USD"}, {"trade_id": 848285603, "side": "sell", "size": "0.00003787", "price": "118926.01000000", "time": "2025-07-13T16:38:57.822547Z", "fetched_at": "2025-07-13T16:39:32.659435+00:00", "symbol": "BTC-USD"}, {"trade_id": 848285602, "side": "sell", "size": "0.00003541", "price": "118926.00000000", "time": "2025-07-13T16:38:57.822547Z", "fetched_at": "2025-07-13T16:39:32.659435+00:00", "symbol": "BTC-USD"}, {"trade_id": 848285601, "side": "sell", "size": "0.00001000", "price": "118921.44000000", "time": "2025-07-13T16:38:57.822547Z", "fetched_at": "2025-07-13T16:39:32.659435+00:00", "symbol": "BTC-USD"}, {"trade_id": 848285600, "side": "sell", "size": "0.00055234", "price": "118920.35000000", "time": "2025-07-13T16:38:57.696635Z", "fetched_at": "2025-07-13T16:39:32.659435+00:00", "symbol": "BTC-USD"}, {"trade_id": 848285599, "side": "sell", "size": "0.00100000", "price": "118920.00000000", "time": "2025-07-13T16:38:57.696635Z", "fetched_at": "2025-07-13T16:39:32.659435+00:00", "symbol": "BTC-USD"}, {"trade_id": 848285598, "side": "sell", "size": "0.00003570", "price": "118919.99000000", "time": "2025-07-13T16:38:57.696635Z", "fetched_at": "2025-07-13T16:39:32.659435+00:00", "symbol": "BTC-USD"}, {"trade_id": 848285597, "side": "sell", "size": "0.00840924", "price": "118916.74000000", "time": "2025-07-13T16:38:57.696635Z", "fetched_at": "2025-07-13T16:39:32.659435+00:00", "symbol": "BTC-USD"}, {"trade_id": 848285596, "side": "sell", "size": "0.00000126", "price": "118912.52000000", "time": "2025-07-13T16:38:57.696635Z", "fetched_at": "2025-07-13T16:39:32.659435+00:00", "symbol": "BTC-USD"}, {"trade_id": 848285595, "side": "sell", "size": "0.00000008", "price": "118912.52000000", "time": "2025-07-13T16:38:57.663391Z", "fetched_at": "2025-07-13T16:39:32.659435+00:00", "symbol": "BTC-USD"}, {"trade_id": 848285594, "side": "sell", "size": "0.00000866", "price": "118912.52000000", "time": "2025-07-13T16:38:57.635995Z", "fetched_at": "2025-07-13T16:39:32.659435+00:00", "symbol": "BTC-USD"}, {"trade_id": 848285593, "side": "sell", "size": "0.00001000", "price": "118903.60000000", "time": "2025-07-13T16:38:57.635995Z", "fetched_at": "2025-07-13T16:39:32.659435+00:00", "symbol": "BTC-USD"}, {"trade_id": 848285592, "side": "sell", "size": "0.00507324", "price": "118900.79000000", "time": "2025-07-13T16:38:57.227077Z", "fetched_at": "2025-07-13T16:39:32.659435+00:00", "symbol": "BTC-USD"}, {"trade_id": 848285591, "side": "sell", "size": "0.00001000", "price": "118894.68000000", "time": "2025-07-13T16:38:57.207848Z", "fetched_at": "2025-07-13T16:39:32.659435+00:00", "symbol": "BTC-USD"}, {"trade_id": 848285590, "side": "sell", "size": "0.00162905", "price": "118893.91000000", "time": "2025-07-13T16:38:57.184307Z", "fetched_at": "2025-07-13T16:39:32.659435+00:00", "symbol": "BTC-USD"}, {"trade_id": 848285589, "side": "sell", "size": "0.00024525", "price": "118893.91000000", "time": "2025-07-13T16:38:57.084902Z", "fetched_at": "2025-07-13T16:39:32.659435+00:00", "symbol": "BTC-USD"}, {"trade_id": 848285588, "side": "sell", "size": "0.00004789", "price": "118893.91000000", "time": "2025-07-13T16:38:56.259234Z", "fetched_at": "2025-07-13T16:39:32.659435+00:00", "symbol": "BTC-USD"}, {"trade_id": 848285587, "side": "sell", "size": "0.00061293", "price": "118893.91000000", "time": "2025-07-13T16:38:55.724886Z", "fetched_at": "2025-07-13T16:39:32.659435+00:00", "symbol": "BTC-USD"}, {"trade_id": 848285586, "side": "sell", "size": "0.00000461", "price": "118893.91000000", "time": "2025-07-13T16:38:55.357514Z", "fetched_at": "2025-07-13T16:39:32.659435+00:00", "symbol": "BTC-USD"}, {"trade_id": 848285585, "side": "sell", "size": "0.00166569", "price": "118893.91000000", "time": "2025-07-13T16:38:55.223319Z", "fetched_at": "2025-07-13T16:39:32.659435+00:00", "symbol": "BTC-USD"}, {"trade_id": 848285584, "side": "sell", "size": "0.00078441", "price": "118893.89000000", "time": "2025-07-13T16:38:54.924995Z", "fetched_at": "2025-07-13T16:39:32.659435+00:00", "symbol": "BTC-USD"}, {"trade_id": 848285583, "side": "sell", "size": "0.00003302", "price": "118893.37000000", "time": "2025-07-13T16:38:54.924995Z", "fetched_at": "2025-07-13T16:39:32.659435+00:00", "symbol": "BTC-USD"}, {"trade_id": 848285582, "side": "buy", "size": "0.00550734", "price": "118890.38000000", "time": "2025-07-13T16:38:54.746504Z", "fetched_at": "2025-07-13T16:39:32.659435+00:00", "symbol": "BTC-USD"}, {"trade_id": 848285581, "side": "buy", "size": "0.00008203", "price": "118890.39000000", "time": "2025-07-13T16:38:54.746504Z", "fetched_at": "2025-07-13T16:39:32.659435+00:00", "symbol": "BTC-USD"}, {"trade_id": 848285580, "side": "buy", "size": "0.01630661", "price": "118883.26000000", "time": "2025-07-13T16:38:54.072179Z", "fetched_at": "2025-07-13T16:39:32.659435+00:00", "symbol": "BTC-USD"}, {"trade_id": 848285579, "side": "buy", "size": "0.03465796", "price": "118885.24000000", "time": "2025-07-13T16:38:54.072179Z", "fetched_at": "2025-07-13T16:39:32.659435+00:00", "symbol": "BTC-USD"}, {"trade_id": 848285578, "side": "buy", "size": "0.00008203", "price": "118888.07000000", "time": "2025-07-13T16:38:54.072179Z", "fetched_at": "2025-07-13T16:39:32.659435+00:00", "symbol": "BTC-USD"}, {"trade_id": 848285577, "side": "sell", "size": "0.00004089", "price": "118888.08000000", "time": "2025-07-13T16:38:54.041521Z", "fetched_at": "2025-07-13T16:39:32.659435+00:00", "symbol": "BTC-USD"}, {"trade_id": 848285576, "side": "buy", "size": "0.00016605", "price": "118885.24000000", "time": "2025-07-13T16:38:53.944207Z", "fetched_at": "2025-07-13T16:39:32.659435+00:00", "symbol": "BTC-USD"}, {"trade_id": 848285575, "side": "buy", "size": "0.00008203", "price": "118888.07000000", "time": "2025-07-13T16:38:53.944207Z", "fetched_at": "2025-07-13T16:39:32.659435+00:00", "symbol": "BTC-USD"}, {"trade_id": 848285574, "side": "sell", "size": "0.02662748", "price": "118892.92000000", "time": "2025-07-13T16:38:53.515146Z", "fetched_at": "2025-07-13T16:39:32.659435+00:00", "symbol": "BTC-USD"}, {"trade_id": 848285573, "side": "sell", "size": "0.01889195", "price": "118890.41000000", "time": "2025-07-13T16:38:53.515146Z", "fetched_at": "2025-07-13T16:39:32.659435+00:00", "symbol": "BTC-USD"}, {"trade_id": 848285572, "side": "sell", "size": "0.01574159", "price": "118890.40000000", "time": "2025-07-13T16:38:53.515146Z", "fetched_at": "2025-07-13T16:39:32.659435+00:00", "symbol": "BTC-USD"}, {"trade_id": 848285571, "side": "sell", "size": "0.00000195", "price": "118890.39000000", "time": "2025-07-13T16:38:53.515146Z", "fetched_at": "2025-07-13T16:39:32.659435+00:00", "symbol": "BTC-USD"}, {"trade_id": 848285570, "side": "sell", "size": "0.00841137", "price": "118886.59000000", "time": "2025-07-13T16:38:53.515146Z", "fetched_at": "2025-07-13T16:39:32.659435+00:00", "symbol": "BTC-USD"}, {"trade_id": 848285569, "side": "sell", "size": "0.00003791", "price": "118886.58000000", "time": "2025-07-13T16:38:53.515146Z", "fetched_at": "2025-07-13T16:39:32.659435+00:00", "symbol": "BTC-USD"}, {"trade_id": 848285568, "side": "sell", "size": "0.00076053", "price": "118890.40000000", "time": "2025-07-13T16:38:53.082041Z", "fetched_at": "2025-07-13T16:39:32.659435+00:00", "symbol": "BTC-USD"}, {"trade_id": 848285567, "side": "sell", "size": "0.00003600", "price": "118890.39000000", "time": "2025-07-13T16:38:53.082041Z", "fetched_at": "2025-07-13T16:39:32.659435+00:00", "symbol": "BTC-USD"}, {"trade_id": 848285566, "side": "sell", "size": "0.00000311", "price": "118886.28000000", "time": "2025-07-13T16:38:53.082041Z", "fetched_at": "2025-07-13T16:39:32.659435+00:00", "symbol": "BTC-USD"}, {"trade_id": 848285565, "side": "sell", "size": "0.00003320", "price": "118886.28000000", "time": "2025-07-13T16:38:53.082041Z", "fetched_at": "2025-07-13T16:39:32.659435+00:00", "symbol": "BTC-USD"}, {"trade_id": 848285564, "side": "sell", "size": "0.00909788", "price": "118890.40000000", "time": "2025-07-13T16:38:52.615042Z", "fetched_at": "2025-07-13T16:39:32.659435+00:00", "symbol": "BTC-USD"}, {"trade_id": 848285563, "side": "sell", "size": "0.00000664", "price": "118889.56000000", "time": "2025-07-13T16:38:52.615042Z", "fetched_at": "2025-07-13T16:39:32.659435+00:00", "symbol": "BTC-USD"}, {"trade_id": 848285562, "side": "sell", "size": "0.00760822", "price": "118886.29000000", "time": "2025-07-13T16:38:52.615042Z", "fetched_at": "2025-07-13T16:39:32.659435+00:00", "symbol": "BTC-USD"}, {"trade_id": 848285561, "side": "sell", "size": "0.00003341", "price": "118886.28000000", "time": "2025-07-13T16:38:52.615042Z", "fetched_at": "2025-07-13T16:39:32.659435+00:00", "symbol": "BTC-USD"}, {"trade_id": 848285560, "side": "sell", "size": "0.00000627", "price": "118882.92000000", "time": "2025-07-13T16:38:52.615042Z", "fetched_at": "2025-07-13T16:39:32.659435+00:00", "symbol": "BTC-USD"}, {"trade_id": 848285559, "side": "sell", "size": "0.00080317", "price": "118886.29000000", "time": "2025-07-13T16:38:52.516529Z", "fetched_at": "2025-07-13T16:39:32.659435+00:00", "symbol": "BTC-USD"}, {"trade_id": 848285558, "side": "sell", "size": "0.00001034", "price": "118882.86000000", "time": "2025-07-13T16:38:52.516529Z", "fetched_at": "2025-07-13T16:39:32.659435+00:00", "symbol": "BTC-USD"}, {"trade_id": 848285557, "side": "sell", "size": "0.00123031", "price": "118882.81000000", "time": "2025-07-13T16:38:52.516529Z", "fetched_at": "2025-07-13T16:39:32.659435+00:00", "symbol": "BTC-USD"}, {"trade_id": 848285556, "side": "sell", "size": "0.00000625", "price": "118882.80000000", "time": "2025-07-13T16:38:51.981539Z", "fetched_at": "2025-07-13T16:39:32.659435+00:00", "symbol": "BTC-USD"}, {"trade_id": 848285555, "side": "buy", "size": "0.00008204", "price": "118882.84000000", "time": "2025-07-13T16:38:51.472963Z", "fetched_at": "2025-07-13T16:39:32.659435+00:00", "symbol": "BTC-USD"}, {"trade_id": 848285554, "side": "buy", "size": "0.01054985", "price": "118870.90000000", "time": "2025-07-13T16:38:51.300160Z", "fetched_at": "2025-07-13T16:39:32.659435+00:00", "symbol": "BTC-USD"}, {"trade_id": 848285553, "side": "buy", "size": "0.00008205", "price": "118870.91000000", "time": "2025-07-13T16:38:51.300160Z", "fetched_at": "2025-07-13T16:39:32.659435+00:00", "symbol": "BTC-USD"}, {"trade_id": 848285552, "side": "buy", "size": "0.00005048", "price": "118870.01000000", "time": "2025-07-13T16:38:49.977422Z", "fetched_at": "2025-07-13T16:39:32.659435+00:00", "symbol": "BTC-USD"}, {"trade_id": 848285551, "side": "sell", "size": "0.00048855", "price": "118882.89000000", "time": "2025-07-13T16:38:49.756884Z", "fetched_at": "2025-07-13T16:39:32.659435+00:00", "symbol": "BTC-USD"}, {"trade_id": 848285550, "side": "sell", "size": "0.00841218", "price": "118875.23000000", "time": "2025-07-13T16:38:49.756884Z", "fetched_at": "2025-07-13T16:39:32.659435+00:00", "symbol": "BTC-USD"}, {"trade_id": 848285549, "side": "sell", "size": "0.00000117", "price": "118875.18000000", "time": "2025-07-13T16:38:49.756884Z", "fetched_at": "2025-07-13T16:39:32.659435+00:00", "symbol": "BTC-USD"}, {"trade_id": 848285548, "side": "sell", "size": "0.00001033", "price": "118875.18000000", "time": "2025-07-13T16:38:49.756884Z", "fetched_at": "2025-07-13T16:39:32.659435+00:00", "symbol": "BTC-USD"}, {"trade_id": 848285547, "side": "sell", "size": "0.00607934", "price": "118869.96000000", "time": "2025-07-13T16:38:49.756884Z", "fetched_at": "2025-07-13T16:39:32.659435+00:00", "symbol": "BTC-USD"}, {"trade_id": 848285546, "side": "buy", "size": "0.00018145", "price": "118869.95000000", "time": "2025-07-13T16:38:48.914734Z", "fetched_at": "2025-07-13T16:39:32.659435+00:00", "symbol": "BTC-USD"}, {"trade_id": 848285545, "side": "sell", "size": "0.00007222", "price": "118869.96000000", "time": "2025-07-13T16:38:47.885821Z", "fetched_at": "2025-07-13T16:39:32.659435+00:00", "symbol": "BTC-USD"}, {"trade_id": 848285544, "side": "buy", "size": "0.00652172", "price": "118862.42000000", "time": "2025-07-13T16:38:45.480894Z", "fetched_at": "2025-07-13T16:39:32.659435+00:00", "symbol": "BTC-USD"}, {"trade_id": 848285543, "side": "buy", "size": "0.00008204", "price": "118875.17000000", "time": "2025-07-13T16:38:45.480894Z", "fetched_at": "2025-07-13T16:39:32.659435+00:00", "symbol": "BTC-USD"}, {"trade_id": 848285542, "side": "sell", "size": "0.00032908", "price": "118875.18000000", "time": "2025-07-13T16:38:45.396180Z", "fetched_at": "2025-07-13T16:39:32.659435+00:00", "symbol": "BTC-USD"}, {"trade_id": 848285541, "side": "sell", "size": "0.00467092", "price": "118875.18000000", "time": "2025-07-13T16:38:45.396180Z", "fetched_at": "2025-07-13T16:39:32.659435+00:00", "symbol": "BTC-USD"}, {"trade_id": 848285540, "side": "buy", "size": "0.00017277", "price": "118861.39000000", "time": "2025-07-13T16:38:45.228547Z", "fetched_at": "2025-07-13T16:39:32.659435+00:00", "symbol": "BTC-USD"}, {"trade_id": 848285539, "side": "buy", "size": "0.00008205", "price": "118870.29000000", "time": "2025-07-13T16:38:45.228547Z", "fetched_at": "2025-07-13T16:39:32.659435+00:00", "symbol": "BTC-USD"}, {"trade_id": 848285538, "side": "sell", "size": "0.00026887", "price": "118859.12000000", "time": "2025-07-13T16:38:44.703126Z", "fetched_at": "2025-07-13T16:39:32.659435+00:00", "symbol": "BTC-USD"}, {"trade_id": 848285537, "side": "sell", "size": "0.00031902", "price": "118859.12000000", "time": "2025-07-13T16:38:44.620702Z", "fetched_at": "2025-07-13T16:39:32.659435+00:00", "symbol": "BTC-USD"}, {"trade_id": 848285536, "side": "sell", "size": "0.00003101", "price": "118859.12000000", "time": "2025-07-13T16:38:44.620702Z", "fetched_at": "2025-07-13T16:39:32.659435+00:00", "symbol": "BTC-USD"}, {"trade_id": 848285535, "side": "sell", "size": "0.00000630", "price": "118859.12000000", "time": "2025-07-13T16:38:44.620702Z", "fetched_at": "2025-07-13T16:39:32.659435+00:00", "symbol": "BTC-USD"}, {"trade_id": 848285534, "side": "sell", "size": "0.01628387", "price": "118875.93000000", "time": "2025-07-13T16:38:44.457650Z", "fetched_at": "2025-07-13T16:39:32.659435+00:00", "symbol": "BTC-USD"}, {"trade_id": 848285533, "side": "sell", "size": "0.17564554", "price": "118875.92000000", "time": "2025-07-13T16:38:44.457650Z", "fetched_at": "2025-07-13T16:39:32.659435+00:00", "symbol": "BTC-USD"}, {"trade_id": 848285532, "side": "sell", "size": "0.00672201", "price": "118875.78000000", "time": "2025-07-13T16:38:44.457650Z", "fetched_at": "2025-07-13T16:39:32.659435+00:00", "symbol": "BTC-USD"}, {"trade_id": 848285531, "side": "sell", "size": "0.01630655", "price": "118875.74000000", "time": "2025-07-13T16:38:44.457650Z", "fetched_at": "2025-07-13T16:39:32.659435+00:00", "symbol": "BTC-USD"}, {"trade_id": 848285530, "side": "sell", "size": "0.11917668", "price": "118875.72000000", "time": "2025-07-13T16:38:44.457650Z", "fetched_at": "2025-07-13T16:39:32.659435+00:00", "symbol": "BTC-USD"}, {"trade_id": 848285529, "side": "sell", "size": "0.00665716", "price": "118872.79000000", "time": "2025-07-13T16:38:44.457650Z", "fetched_at": "2025-07-13T16:39:32.659435+00:00", "symbol": "BTC-USD"}, {"trade_id": 848285528, "side": "sell", "size": "0.00196569", "price": "118872.61000000", "time": "2025-07-13T16:38:44.457650Z", "fetched_at": "2025-07-13T16:39:32.659435+00:00", "symbol": "BTC-USD"}, {"trade_id": 848285527, "side": "sell", "size": "0.04733122", "price": "118871.71000000", "time": "2025-07-13T16:38:44.457650Z", "fetched_at": "2025-07-13T16:39:32.659435+00:00", "symbol": "BTC-USD"}, {"trade_id": 848285526, "side": "sell", "size": "0.06480000", "price": "118871.01000000", "time": "2025-07-13T16:38:44.457650Z", "fetched_at": "2025-07-13T16:39:32.659435+00:00", "symbol": "BTC-USD"}, {"trade_id": 848285525, "side": "sell", "size": "0.00185898", "price": "118870.96000000", "time": "2025-07-13T16:38:44.457650Z", "fetched_at": "2025-07-13T16:39:32.659435+00:00", "symbol": "BTC-USD"}, {"trade_id": 848285524, "side": "sell", "size": "0.01094102", "price": "118870.85000000", "time": "2025-07-13T16:38:44.457650Z", "fetched_at": "2025-07-13T16:39:32.659435+00:00", "symbol": "BTC-USD"}, {"trade_id": 848285523, "side": "sell", "size": "0.00500000", "price": "118870.84000000", "time": "2025-07-13T16:38:44.457650Z", "fetched_at": "2025-07-13T16:39:32.659435+00:00", "symbol": "BTC-USD"}, {"trade_id": 848285522, "side": "sell", "size": "0.10312724", "price": "118870.82000000", "time": "2025-07-13T16:38:44.457650Z", "fetched_at": "2025-07-13T16:39:32.659435+00:00", "symbol": "BTC-USD"}, {"trade_id": 848285521, "side": "sell", "size": "0.04655538", "price": "118870.81000000", "time": "2025-07-13T16:38:44.457650Z", "fetched_at": "2025-07-13T16:39:32.659435+00:00", "symbol": "BTC-USD"}, {"trade_id": 848285520, "side": "sell", "size": "0.00002192", "price": "118870.80000000", "time": "2025-07-13T16:38:44.457650Z", "fetched_at": "2025-07-13T16:39:32.659435+00:00", "symbol": "BTC-USD"}, {"trade_id": 848285519, "side": "sell", "size": "0.02917317", "price": "118867.25000000", "time": "2025-07-13T16:38:44.457650Z", "fetched_at": "2025-07-13T16:39:32.659435+00:00", "symbol": "BTC-USD"}, {"trade_id": 848285518, "side": "sell", "size": "0.01750390", "price": "118867.24000000", "time": "2025-07-13T16:38:44.457650Z", "fetched_at": "2025-07-13T16:39:32.659435+00:00", "symbol": "BTC-USD"}, {"trade_id": 848285517, "side": "sell", "size": "0.00332858", "price": "118864.01000000", "time": "2025-07-13T16:38:44.457650Z", "fetched_at": "2025-07-13T16:39:32.659435+00:00", "symbol": "BTC-USD"}, {"trade_id": 848285516, "side": "sell", "size": "0.04292392", "price": "118862.84000000", "time": "2025-07-13T16:38:44.457650Z", "fetched_at": "2025-07-13T16:39:32.659435+00:00", "symbol": "BTC-USD"}, {"trade_id": 848285515, "side": "sell", "size": "0.00002067", "price": "118861.55000000", "time": "2025-07-13T16:38:44.457650Z", "fetched_at": "2025-07-13T16:39:32.659435+00:00", "symbol": "BTC-USD"}, {"trade_id": 848285514, "side": "sell", "size": "0.00000841", "price": "118861.55000000", "time": "2025-07-13T16:38:44.457650Z", "fetched_at": "2025-07-13T16:39:32.659435+00:00", "symbol": "BTC-USD"}, {"trade_id": 848285513, "side": "sell", "size": "0.02909831", "price": "118859.12000000", "time": "2025-07-13T16:38:44.457650Z", "fetched_at": "2025-07-13T16:39:32.659435+00:00", "symbol": "BTC-USD"}, {"trade_id": 848285512, "side": "sell", "size": "0.00841332", "price": "118859.12000000", "time": "2025-07-13T16:38:44.457650Z", "fetched_at": "2025-07-13T16:39:32.659435+00:00", "symbol": "BTC-USD"}, {"trade_id": 848285511, "side": "sell", "size": "0.11473000", "price": "118859.12000000", "time": "2025-07-13T16:38:44.457650Z", "fetched_at": "2025-07-13T16:39:32.659435+00:00", "symbol": "BTC-USD"}, {"trade_id": 848285510, "side": "sell", "size": "0.06557748", "price": "118859.12000000", "time": "2025-07-13T16:38:44.457650Z", "fetched_at": "2025-07-13T16:39:32.659435+00:00", "symbol": "BTC-USD"}, {"trade_id": 848285509, "side": "sell", "size": "0.06682902", "price": "118859.12000000", "time": "2025-07-13T16:38:44.457650Z", "fetched_at": "2025-07-13T16:39:32.659435+00:00", "symbol": "BTC-USD"}, {"trade_id": 848285508, "side": "sell", "size": "0.00005205", "price": "118859.12000000", "time": "2025-07-13T16:38:43.300538Z", "fetched_at": "2025-07-13T16:39:32.659435+00:00", "symbol": "BTC-USD"}, {"trade_id": 848285507, "side": "sell", "size": "0.00004165", "price": "118859.12000000", "time": "2025-07-13T16:38:43.017809Z", "fetched_at": "2025-07-13T16:39:32.659435+00:00", "symbol": "BTC-USD"}, {"trade_id": 848285506, "side": "sell", "size": "0.00016350", "price": "118859.12000000", "time": "2025-07-13T16:38:42.586768Z", "fetched_at": "2025-07-13T16:39:32.659435+00:00", "symbol": "BTC-USD"}, {"trade_id": 848285505, "side": "sell", "size": "0.00003244", "price": "118859.12000000", "time": "2025-07-13T16:38:41.852853Z", "fetched_at": "2025-07-13T16:39:32.659435+00:00", "symbol": "BTC-USD"}, {"trade_id": 848285504, "side": "sell", "size": "0.00078195", "price": "118856.50000000", "time": "2025-07-13T16:38:38.929764Z", "fetched_at": "2025-07-13T16:39:32.659435+00:00", "symbol": "BTC-USD"}, {"trade_id": 848285503, "side": "buy", "size": "0.00119089", "price": "118853.14000000", "time": "2025-07-13T16:38:37.676448Z", "fetched_at": "2025-07-13T16:39:32.659435+00:00", "symbol": "BTC-USD"}, {"trade_id": 848285502, "side": "buy", "size": "0.00672964", "price": "118853.47000000", "time": "2025-07-13T16:38:37.676448Z", "fetched_at": "2025-07-13T16:39:32.659435+00:00", "symbol": "BTC-USD"}, {"trade_id": 848285501, "side": "buy", "size": "0.00002177", "price": "118855.02000000", "time": "2025-07-13T16:38:37.676448Z", "fetched_at": "2025-07-13T16:39:32.659435+00:00", "symbol": "BTC-USD"}, {"trade_id": 848285500, "side": "buy", "size": "0.00427199", "price": "118855.02000000", "time": "2025-07-13T16:38:37.676448Z", "fetched_at": "2025-07-13T16:39:32.659435+00:00", "symbol": "BTC-USD"}, {"trade_id": 848285499, "side": "buy", "size": "0.00008205", "price": "118858.96000000", "time": "2025-07-13T16:38:37.676448Z", "fetched_at": "2025-07-13T16:39:32.659435+00:00", "symbol": "BTC-USD"}, {"trade_id": 848285498, "side": "buy", "size": "0.00020710", "price": "118855.02000000", "time": "2025-07-13T16:38:36.740168Z", "fetched_at": "2025-07-13T16:39:32.659435+00:00", "symbol": "BTC-USD"}, {"trade_id": 848285497, "side": "buy", "size": "0.00007216", "price": "118858.96000000", "time": "2025-07-13T16:38:36.740168Z", "fetched_at": "2025-07-13T16:39:32.659435+00:00", "symbol": "BTC-USD"}, {"trade_id": 848285496, "side": "buy", "size": "0.00008205", "price": "118858.96000000", "time": "2025-07-13T16:38:36.740168Z", "fetched_at": "2025-07-13T16:39:32.659435+00:00", "symbol": "BTC-USD"}, {"trade_id": 848285495, "side": "sell", "size": "0.00008120", "price": "118858.97000000", "time": "2025-07-13T16:38:35.891937Z", "fetched_at": "2025-07-13T16:39:32.659435+00:00", "symbol": "BTC-USD"}, {"trade_id": 848285494, "side": "sell", "size": "0.00061862", "price": "118858.97000000", "time": "2025-07-13T16:38:35.553572Z", "fetched_at": "2025-07-13T16:39:32.659435+00:00", "symbol": "BTC-USD"}, {"trade_id": 848285493, "side": "buy", "size": "0.00016681", "price": "118855.02000000", "time": "2025-07-13T16:38:34.959280Z", "fetched_at": "2025-07-13T16:39:32.659435+00:00", "symbol": "BTC-USD"}, {"trade_id": 848285492, "side": "buy", "size": "0.00000159", "price": "118859.00000000", "time": "2025-07-13T16:38:34.959280Z", "fetched_at": "2025-07-13T16:39:32.659435+00:00", "symbol": "BTC-USD"}, {"trade_id": 848285491, "side": "buy", "size": "0.00000445", "price": "118859.00000000", "time": "2025-07-13T16:38:34.959280Z", "fetched_at": "2025-07-13T16:39:32.659435+00:00", "symbol": "BTC-USD"}, {"trade_id": 848285490, "side": "buy", "size": "0.00008205", "price": "118859.00000000", "time": "2025-07-13T16:38:34.959280Z", "fetched_at": "2025-07-13T16:39:32.659435+00:00", "symbol": "BTC-USD"}, {"trade_id": 848285489, "side": "sell", "size": "0.00008328", "price": "118859.01000000", "time": "2025-07-13T16:38:34.884680Z", "fetched_at": "2025-07-13T16:39:32.659435+00:00", "symbol": "BTC-USD"}, {"trade_id": 848285488, "side": "sell", "size": "0.00008328", "price": "118859.01000000", "time": "2025-07-13T16:38:32.932234Z", "fetched_at": "2025-07-13T16:39:32.659435+00:00", "symbol": "BTC-USD"}, {"trade_id": 848285487, "side": "sell", "size": "0.00004163", "price": "118859.01000000", "time": "2025-07-13T16:38:32.930352Z", "fetched_at": "2025-07-13T16:39:32.659435+00:00", "symbol": "BTC-USD"}, {"trade_id": 848285486, "side": "buy", "size": "0.00250151", "price": "118861.56000000", "time": "2025-07-13T16:38:32.880980Z", "fetched_at": "2025-07-13T16:39:32.659435+00:00", "symbol": "BTC-USD"}, {"trade_id": 848285485, "side": "buy", "size": "0.00008205", "price": "118862.63000000", "time": "2025-07-13T16:38:32.880980Z", "fetched_at": "2025-07-13T16:39:32.659435+00:00", "symbol": "BTC-USD"}, {"trade_id": 848285484, "side": "buy", "size": "0.03478452", "price": "118862.64000000", "time": "2025-07-13T16:38:32.880980Z", "fetched_at": "2025-07-13T16:39:32.659435+00:00", "symbol": "BTC-USD"}, {"trade_id": 848285483, "side": "sell", "size": "0.00004816", "price": "118868.58000000", "time": "2025-07-13T16:38:32.849782Z", "fetched_at": "2025-07-13T16:39:32.659435+00:00", "symbol": "BTC-USD"}, {"trade_id": 848285482, "side": "buy", "size": "0.00001027", "price": "118868.57000000", "time": "2025-07-13T16:38:32.424925Z", "fetched_at": "2025-07-13T16:39:32.659435+00:00", "symbol": "BTC-USD"}, {"trade_id": 848285481, "side": "sell", "size": "0.00079776", "price": "118868.58000000", "time": "2025-07-13T16:38:32.389093Z", "fetched_at": "2025-07-13T16:39:32.659435+00:00", "symbol": "BTC-USD"}, {"trade_id": 848285480, "side": "sell", "size": "0.00114430", "price": "118868.58000000", "time": "2025-07-13T16:38:31.889904Z", "fetched_at": "2025-07-13T16:39:32.659435+00:00", "symbol": "BTC-USD"}, {"trade_id": 848285479, "side": "sell", "size": "0.00008315", "price": "118868.58000000", "time": "2025-07-13T16:38:31.764664Z", "fetched_at": "2025-07-13T16:39:32.659435+00:00", "symbol": "BTC-USD"}, {"trade_id": 848285478, "side": "sell", "size": "0.01228000", "price": "118868.58000000", "time": "2025-07-13T16:38:31.155731Z", "fetched_at": "2025-07-13T16:39:32.659435+00:00", "symbol": "BTC-USD"}, {"trade_id": 848285477, "side": "sell", "size": "0.00040887", "price": "118868.58000000", "time": "2025-07-13T16:38:31.138852Z", "fetched_at": "2025-07-13T16:39:32.659435+00:00", "symbol": "BTC-USD"}, {"trade_id": 848285476, "side": "buy", "size": "0.00022971", "price": "118868.57000000", "time": "2025-07-13T16:38:30.882970Z", "fetched_at": "2025-07-13T16:39:32.659435+00:00", "symbol": "BTC-USD"}, {"trade_id": 848285475, "side": "buy", "size": "0.00003728", "price": "118868.57000000", "time": "2025-07-13T16:38:30.825895Z", "fetched_at": "2025-07-13T16:39:32.659435+00:00", "symbol": "BTC-USD"}, {"trade_id": 848285474, "side": "sell", "size": "0.00000833", "price": "118868.58000000", "time": "2025-07-13T16:38:30.587319Z", "fetched_at": "2025-07-13T16:39:32.659435+00:00", "symbol": "BTC-USD"}, {"trade_id": 848285473, "side": "sell", "size": "0.00008311", "price": "118868.58000000", "time": "2025-07-13T16:38:30.516908Z", "fetched_at": "2025-07-13T16:39:32.659435+00:00", "symbol": "BTC-USD"}, {"trade_id": 848285472, "side": "sell", "size": "0.00001599", "price": "118868.58000000", "time": "2025-07-13T16:38:30.378048Z", "fetched_at": "2025-07-13T16:39:32.659435+00:00", "symbol": "BTC-USD"}, {"trade_id": 848285471, "side": "sell", "size": "0.00016354", "price": "118868.58000000", "time": "2025-07-13T16:38:30.148764Z", "fetched_at": "2025-07-13T16:39:32.659435+00:00", "symbol": "BTC-USD"}, {"trade_id": 848285470, "side": "buy", "size": "0.00006686", "price": "118871.55000000", "time": "2025-07-13T16:38:29.358907Z", "fetched_at": "2025-07-13T16:39:32.659435+00:00", "symbol": "BTC-USD"}, {"trade_id": 848285469, "side": "buy", "size": "0.00000092", "price": "118871.55000000", "time": "2025-07-13T16:38:29.358907Z", "fetched_at": "2025-07-13T16:39:32.659435+00:00", "symbol": "BTC-USD"}, {"trade_id": 848285468, "side": "buy", "size": "0.00000025", "price": "118871.55000000", "time": "2025-07-13T16:38:29.358907Z", "fetched_at": "2025-07-13T16:39:32.659435+00:00", "symbol": "BTC-USD"}, {"trade_id": 848285467, "side": "sell", "size": "0.00003256", "price": "118871.56000000", "time": "2025-07-13T16:38:28.725967Z", "fetched_at": "2025-07-13T16:39:32.659435+00:00", "symbol": "BTC-USD"}, {"trade_id": 848285466, "side": "buy", "size": "0.00149090", "price": "118867.36000000", "time": "2025-07-13T16:38:28.119814Z", "fetched_at": "2025-07-13T16:39:32.659435+00:00", "symbol": "BTC-USD"}, {"trade_id": 848285465, "side": "buy", "size": "0.00001000", "price": "118867.92000000", "time": "2025-07-13T16:38:28.119814Z", "fetched_at": "2025-07-13T16:39:32.659435+00:00", "symbol": "BTC-USD"}, {"trade_id": 848285464, "side": "buy", "size": "0.00001287", "price": "118870.01000000", "time": "2025-07-13T16:38:28.119814Z", "fetched_at": "2025-07-13T16:39:32.659435+00:00", "symbol": "BTC-USD"}, {"trade_id": 848285463, "side": "buy", "size": "0.00003819", "price": "118870.01000000", "time": "2025-07-13T16:38:28.119814Z", "fetched_at": "2025-07-13T16:39:32.659435+00:00", "symbol": "BTC-USD"}, {"trade_id": 848285462, "side": "buy", "size": "0.00257132", "price": "118870.02000000", "time": "2025-07-13T16:38:28.119814Z", "fetched_at": "2025-07-13T16:39:32.659435+00:00", "symbol": "BTC-USD"}, {"trade_id": 848285461, "side": "buy", "size": "0.00008204", "price": "118871.55000000", "time": "2025-07-13T16:38:28.119814Z", "fetched_at": "2025-07-13T16:39:32.659435+00:00", "symbol": "BTC-USD"}, {"trade_id": 848285460, "side": "sell", "size": "0.00042000", "price": "118871.57000000", "time": "2025-07-13T16:38:27.619750Z", "fetched_at": "2025-07-13T16:39:32.659435+00:00", "symbol": "BTC-USD"}, {"trade_id": 848285459, "side": "buy", "size": "0.00044004", "price": "118869.93000000", "time": "2025-07-13T16:38:27.464693Z", "fetched_at": "2025-07-13T16:39:32.659435+00:00", "symbol": "BTC-USD"}, {"trade_id": 848285458, "side": "buy", "size": "0.00000471", "price": "118870.01000000", "time": "2025-07-13T16:38:27.464693Z", "fetched_at": "2025-07-13T16:39:32.659435+00:00", "symbol": "BTC-USD"}, {"trade_id": 848285457, "side": "buy", "size": "0.00000151", "price": "118870.01000000", "time": "2025-07-13T16:38:27.464693Z", "fetched_at": "2025-07-13T16:39:32.659435+00:00", "symbol": "BTC-USD"}, {"trade_id": 848285456, "side": "buy", "size": "0.02499832", "price": "118882.43000000", "time": "2025-07-13T16:38:27.404783Z", "fetched_at": "2025-07-13T16:39:32.659435+00:00", "symbol": "BTC-USD"}, {"trade_id": 848285455, "side": "buy", "size": "0.08414596", "price": "118882.53000000", "time": "2025-07-13T16:38:27.404783Z", "fetched_at": "2025-07-13T16:39:32.659435+00:00", "symbol": "BTC-USD"}, {"trade_id": 848285454, "side": "buy", "size": "0.00672792", "price": "118882.58000000", "time": "2025-07-13T16:38:27.404783Z", "fetched_at": "2025-07-13T16:39:32.659435+00:00", "symbol": "BTC-USD"}, {"trade_id": 848285453, "side": "buy", "size": "0.01543453", "price": "118885.76000000", "time": "2025-07-13T16:38:27.401503Z", "fetched_at": "2025-07-13T16:39:32.659435+00:00", "symbol": "BTC-USD"}, {"trade_id": 848285452, "side": "buy", "size": "0.04777060", "price": "118885.76000000", "time": "2025-07-13T16:38:27.401263Z", "fetched_at": "2025-07-13T16:39:32.659435+00:00", "symbol": "BTC-USD"}, {"trade_id": 848285451, "side": "buy", "size": "0.00420566", "price": "118885.78000000", "time": "2025-07-13T16:38:27.401263Z", "fetched_at": "2025-07-13T16:39:32.659435+00:00", "symbol": "BTC-USD"}, {"trade_id": 848285450, "side": "buy", "size": "0.00008203", "price": "118885.79000000", "time": "2025-07-13T16:38:27.401263Z", "fetched_at": "2025-07-13T16:39:32.659435+00:00", "symbol": "BTC-USD"}, {"trade_id": 848285449, "side": "sell", "size": "0.00007977", "price": "118889.56000000", "time": "2025-07-13T16:38:27.134107Z", "fetched_at": "2025-07-13T16:39:32.659435+00:00", "symbol": "BTC-USD"}, {"trade_id": 848285448, "side": "buy", "size": "0.00002124", "price": "118885.79000000", "time": "2025-07-13T16:38:26.903062Z", "fetched_at": "2025-07-13T16:39:32.659435+00:00", "symbol": "BTC-USD"}, {"trade_id": 848285447, "side": "sell", "size": "0.00008123", "price": "118891.03000000", "time": "2025-07-13T16:38:26.210751Z", "fetched_at": "2025-07-13T16:39:32.659435+00:00", "symbol": "BTC-USD"}, {"trade_id": 848285446, "side": "buy", "size": "0.00107371", "price": "118885.77000000", "time": "2025-07-13T16:38:26.209237Z", "fetched_at": "2025-07-13T16:39:32.659435+00:00", "symbol": "BTC-USD"}, {"trade_id": 848285445, "side": "buy", "size": "0.00420564", "price": "118887.47000000", "time": "2025-07-13T16:38:26.209237Z", "fetched_at": "2025-07-13T16:39:32.659435+00:00", "symbol": "BTC-USD"}, {"trade_id": 848285444, "side": "buy", "size": "0.00008203", "price": "118887.48000000", "time": "2025-07-13T16:38:26.209237Z", "fetched_at": "2025-07-13T16:39:32.659435+00:00", "symbol": "BTC-USD"}, {"trade_id": 848285443, "side": "buy", "size": "0.00083816", "price": "118890.00000000", "time": "2025-07-13T16:38:26.209237Z", "fetched_at": "2025-07-13T16:39:32.659435+00:00", "symbol": "BTC-USD"}, {"trade_id": 848285442, "side": "buy", "size": "0.00080845", "price": "118891.67000000", "time": "2025-07-13T16:38:26.209237Z", "fetched_at": "2025-07-13T16:39:32.659435+00:00", "symbol": "BTC-USD"}, {"trade_id": 848285441, "side": "buy", "size": "0.00299201", "price": "118892.04000000", "time": "2025-07-13T16:38:26.209237Z", "fetched_at": "2025-07-13T16:39:32.659435+00:00", "symbol": "BTC-USD"}, {"trade_id": 848285440, "side": "buy", "size": "0.00118194", "price": "118892.04000000", "time": "2025-07-13T16:38:25.489620Z", "fetched_at": "2025-07-13T16:39:32.659435+00:00", "symbol": "BTC-USD"}, {"trade_id": 848285439, "side": "buy", "size": "0.00008203", "price": "118892.05000000", "time": "2025-07-13T16:38:25.489620Z", "fetched_at": "2025-07-13T16:39:32.659435+00:00", "symbol": "BTC-USD"}, {"trade_id": 848285438, "side": "buy", "size": "0.00003059", "price": "118893.90000000", "time": "2025-07-13T16:38:25.489620Z", "fetched_at": "2025-07-13T16:39:32.659435+00:00", "symbol": "BTC-USD"}, {"trade_id": 848285437, "side": "buy", "size": "0.00243380", "price": "118893.90000000", "time": "2025-07-13T16:38:25.489620Z", "fetched_at": "2025-07-13T16:39:32.659435+00:00", "symbol": "BTC-USD"}, {"trade_id": 848285436, "side": "buy", "size": "0.00249370", "price": "118897.11000000", "time": "2025-07-13T16:38:25.489620Z", "fetched_at": "2025-07-13T16:39:32.659435+00:00", "symbol": "BTC-USD"}, {"trade_id": 848285435, "side": "sell", "size": "0.00092774", "price": "118897.12000000", "time": "2025-07-13T16:38:25.369624Z", "fetched_at": "2025-07-13T16:39:32.659435+00:00", "symbol": "BTC-USD"}, {"trade_id": 848285434, "side": "sell", "size": "0.00817301", "price": "118897.12000000", "time": "2025-07-13T16:38:24.922235Z", "fetched_at": "2025-07-13T16:39:32.659435+00:00", "symbol": "BTC-USD"}, {"trade_id": 848285433, "side": "sell", "size": "0.00457830", "price": "118897.12000000", "time": "2025-07-13T16:38:24.573494Z", "fetched_at": "2025-07-13T16:39:32.659435+00:00", "symbol": "BTC-USD"}, {"trade_id": 848285432, "side": "sell", "size": "0.00140490", "price": "118897.12000000", "time": "2025-07-13T16:38:24.573494Z", "fetched_at": "2025-07-13T16:39:32.659435+00:00", "symbol": "BTC-USD"}, {"trade_id": 848285431, "side": "buy", "size": "0.00089812", "price": "118897.11000000", "time": "2025-07-13T16:38:24.475567Z", "fetched_at": "2025-07-13T16:39:32.659435+00:00", "symbol": "BTC-USD"}, {"trade_id": 848285430, "side": "sell", "size": "0.00008327", "price": "118897.12000000", "time": "2025-07-13T16:38:23.885090Z", "fetched_at": "2025-07-13T16:39:32.659435+00:00", "symbol": "BTC-USD"}, {"trade_id": 848285429, "side": "sell", "size": "0.00007977", "price": "118897.12000000", "time": "2025-07-13T16:38:23.478477Z", "fetched_at": "2025-07-13T16:39:32.659435+00:00", "symbol": "BTC-USD"}, {"trade_id": 848285428, "side": "sell", "size": "0.00122669", "price": "118897.12000000", "time": "2025-07-13T16:38:23.435985Z", "fetched_at": "2025-07-13T16:39:32.659435+00:00", "symbol": "BTC-USD"}, {"trade_id": 848285427, "side": "sell", "size": "0.00005168", "price": "118897.12000000", "time": "2025-07-13T16:38:23.172134Z", "fetched_at": "2025-07-13T16:39:32.659435+00:00", "symbol": "BTC-USD"}, {"trade_id": 848285426, "side": "sell", "size": "0.00000664", "price": "118897.12000000", "time": "2025-07-13T16:38:23.172134Z", "fetched_at": "2025-07-13T16:39:32.659435+00:00", "symbol": "BTC-USD"}, {"trade_id": 848285425, "side": "sell", "size": "0.00030074", "price": "118897.12000000", "time": "2025-07-13T16:38:23.017547Z", "fetched_at": "2025-07-13T16:39:32.659435+00:00", "symbol": "BTC-USD"}, {"trade_id": 848285424, "side": "buy", "size": "0.00002964", "price": "118897.11000000", "time": "2025-07-13T16:38:22.856839Z", "fetched_at": "2025-07-13T16:39:32.659435+00:00", "symbol": "BTC-USD"}, {"trade_id": 848285423, "side": "buy", "size": "0.00000757", "price": "118897.11000000", "time": "2025-07-13T16:38:22.294577Z", "fetched_at": "2025-07-13T16:39:32.659435+00:00", "symbol": "BTC-USD"}, {"trade_id": 848285422, "side": "buy", "size": "0.00000118", "price": "118897.11000000", "time": "2025-07-13T16:38:22.108010Z", "fetched_at": "2025-07-13T16:39:32.659435+00:00", "symbol": "BTC-USD"}, {"trade_id": 848285421, "side": "sell", "size": "0.00062933", "price": "118897.12000000", "time": "2025-07-13T16:38:22.085772Z", "fetched_at": "2025-07-13T16:39:32.659435+00:00", "symbol": "BTC-USD"}, {"trade_id": 848285420, "side": "sell", "size": "0.00019942", "price": "118897.12000000", "time": "2025-07-13T16:38:21.655007Z", "fetched_at": "2025-07-13T16:39:32.659435+00:00", "symbol": "BTC-USD"}, {"trade_id": 848285419, "side": "buy", "size": "0.00002960", "price": "118897.11000000", "time": "2025-07-13T16:38:21.358994Z", "fetched_at": "2025-07-13T16:39:32.659435+00:00", "symbol": "BTC-USD"}, {"trade_id": 848285418, "side": "sell", "size": "0.00204338", "price": "118893.92000000", "time": "2025-07-13T16:38:20.825008Z", "fetched_at": "2025-07-13T16:39:32.659435+00:00", "symbol": "BTC-USD"}, {"trade_id": 848285417, "side": "buy", "size": "0.02692525", "price": "118893.90000000", "time": "2025-07-13T16:38:19.642563Z", "fetched_at": "2025-07-13T16:39:32.659435+00:00", "symbol": "BTC-USD"}, {"trade_id": 848285416, "side": "buy", "size": "0.00958965", "price": "118893.90000000", "time": "2025-07-13T16:38:19.635837Z", "fetched_at": "2025-07-13T16:39:32.659435+00:00", "symbol": "BTC-USD"}, {"trade_id": 848285415, "side": "buy", "size": "0.00003398", "price": "118893.90000000", "time": "2025-07-13T16:38:19.634967Z", "fetched_at": "2025-07-13T16:39:32.659435+00:00", "symbol": "BTC-USD"}, {"trade_id": 848285414, "side": "sell", "size": "0.00000008", "price": "118900.76000000", "time": "2025-07-13T16:38:19.437874Z", "fetched_at": "2025-07-13T16:39:32.659435+00:00", "symbol": "BTC-USD"}, {"trade_id": 848285413, "side": "sell", "size": "0.00001723", "price": "118900.77000000", "time": "2025-07-13T16:38:19.421258Z", "fetched_at": "2025-07-13T16:39:32.659435+00:00", "symbol": "BTC-USD"}, {"trade_id": 848285412, "side": "sell", "size": "0.00621178", "price": "118893.92000000", "time": "2025-07-13T16:38:19.195351Z", "fetched_at": "2025-07-13T16:39:32.659435+00:00", "symbol": "BTC-USD"}, {"trade_id": 848285411, "side": "sell", "size": "0.00016807", "price": "118893.92000000", "time": "2025-07-13T16:38:18.606793Z", "fetched_at": "2025-07-13T16:39:32.659435+00:00", "symbol": "BTC-USD"}, {"trade_id": 848285410, "side": "buy", "size": "0.00641797", "price": "118893.90000000", "time": "2025-07-13T16:38:18.363906Z", "fetched_at": "2025-07-13T16:39:32.659435+00:00", "symbol": "BTC-USD"}, {"trade_id": 848285409, "side": "buy", "size": "0.00008203", "price": "118893.91000000", "time": "2025-07-13T16:38:18.363906Z", "fetched_at": "2025-07-13T16:39:32.659435+00:00", "symbol": "BTC-USD"}, {"trade_id": 848285408, "side": "sell", "size": "0.00028478", "price": "118893.92000000", "time": "2025-07-13T16:38:17.856905Z", "fetched_at": "2025-07-13T16:39:32.659435+00:00", "symbol": "BTC-USD"}, {"trade_id": 848285407, "side": "sell", "size": "0.00000664", "price": "118893.92000000", "time": "2025-07-13T16:38:17.856905Z", "fetched_at": "2025-07-13T16:39:32.659435+00:00", "symbol": "BTC-USD"}, {"trade_id": 848285406, "side": "sell", "size": "0.00134911", "price": "118893.92000000", "time": "2025-07-13T16:38:17.517248Z", "fetched_at": "2025-07-13T16:39:32.659435+00:00", "symbol": "BTC-USD"}, {"trade_id": 848285405, "side": "buy", "size": "0.00016496", "price": "118893.90000000", "time": "2025-07-13T16:38:16.693351Z", "fetched_at": "2025-07-13T16:39:32.659435+00:00", "symbol": "BTC-USD"}, {"trade_id": 848285404, "side": "sell", "size": "0.00039835", "price": "118893.92000000", "time": "2025-07-13T16:38:16.405481Z", "fetched_at": "2025-07-13T16:39:32.659435+00:00", "symbol": "BTC-USD"}, {"trade_id": 848285403, "side": "sell", "size": "0.00001033", "price": "118893.92000000", "time": "2025-07-13T16:38:16.405481Z", "fetched_at": "2025-07-13T16:39:32.659435+00:00", "symbol": "BTC-USD"}, {"trade_id": 848285402, "side": "buy", "size": "0.00042110", "price": "118893.90000000", "time": "2025-07-13T16:38:16.328811Z", "fetched_at": "2025-07-13T16:39:32.659435+00:00", "symbol": "BTC-USD"}, {"trade_id": 848285401, "side": "buy", "size": "0.05324447", "price": "118893.90000000", "time": "2025-07-13T16:38:15.591290Z", "fetched_at": "2025-07-13T16:39:32.659435+00:00", "symbol": "BTC-USD"}, {"trade_id": 848285400, "side": "sell", "size": "0.00084934", "price": "118893.91000000", "time": "2025-07-13T16:38:15.413099Z", "fetched_at": "2025-07-13T16:39:32.659435+00:00", "symbol": "BTC-USD"}, {"trade_id": 848285399, "side": "sell", "size": "0.00016345", "price": "118893.91000000", "time": "2025-07-13T16:38:15.345123Z", "fetched_at": "2025-07-13T16:39:32.659435+00:00", "symbol": "BTC-USD"}, {"trade_id": 848285398, "side": "sell", "size": "0.00166538", "price": "118894.41000000", "time": "2025-07-13T16:38:14.155879Z", "fetched_at": "2025-07-13T16:39:32.659435+00:00", "symbol": "BTC-USD"}, {"trade_id": 848285397, "side": "buy", "size": "0.00076882", "price": "118893.90000000", "time": "2025-07-13T16:38:13.785742Z", "fetched_at": "2025-07-13T16:39:32.659435+00:00", "symbol": "BTC-USD"}, {"trade_id": 848285396, "side": "buy", "size": "0.00008203", "price": "118894.40000000", "time": "2025-07-13T16:38:13.785742Z", "fetched_at": "2025-07-13T16:39:32.659435+00:00", "symbol": "BTC-USD"}, {"trade_id": 848285395, "side": "sell", "size": "0.00021402", "price": "118900.79000000", "time": "2025-07-13T16:38:12.677728Z", "fetched_at": "2025-07-13T16:39:32.659435+00:00", "symbol": "BTC-USD"}, {"trade_id": 848285394, "side": "sell", "size": "0.00000664", "price": "118900.78000000", "time": "2025-07-13T16:38:12.677728Z", "fetched_at": "2025-07-13T16:39:32.659435+00:00", "symbol": "BTC-USD"}, {"trade_id": 848285393, "side": "sell", "size": "0.00003745", "price": "118900.77000000", "time": "2025-07-13T16:38:12.677728Z", "fetched_at": "2025-07-13T16:39:32.659435+00:00", "symbol": "BTC-USD"}, {"trade_id": 848285392, "side": "sell", "size": "0.00028646", "price": "118900.30000000", "time": "2025-07-13T16:38:11.169668Z", "fetched_at": "2025-07-13T16:39:32.659435+00:00", "symbol": "BTC-USD"}, {"trade_id": 848285391, "side": "sell", "size": "0.00004044", "price": "118900.29000000", "time": "2025-07-13T16:38:11.169668Z", "fetched_at": "2025-07-13T16:39:32.659435+00:00", "symbol": "BTC-USD"}, {"trade_id": 848285390, "side": "sell", "size": "0.00009996", "price": "118895.11000000", "time": "2025-07-13T16:38:10.093443Z", "fetched_at": "2025-07-13T16:39:32.659435+00:00", "symbol": "BTC-USD"}, {"trade_id": 848285389, "side": "sell", "size": "0.00001060", "price": "118895.11000000", "time": "2025-07-13T16:38:10.093443Z", "fetched_at": "2025-07-13T16:39:32.659435+00:00", "symbol": "BTC-USD"}, {"trade_id": 848285388, "side": "sell", "size": "0.00004008", "price": "118895.11000000", "time": "2025-07-13T16:38:10.093443Z", "fetched_at": "2025-07-13T16:39:32.659435+00:00", "symbol": "BTC-USD"}, {"trade_id": 848285387, "side": "sell", "size": "0.00000210", "price": "118895.11000000", "time": "2025-07-13T16:38:10.093443Z", "fetched_at": "2025-07-13T16:39:32.659435+00:00", "symbol": "BTC-USD"}, {"trade_id": 848285386, "side": "sell", "size": "0.00000664", "price": "118895.11000000", "time": "2025-07-13T16:38:10.093443Z", "fetched_at": "2025-07-13T16:39:32.659435+00:00", "symbol": "BTC-USD"}, {"trade_id": 848285385, "side": "buy", "size": "0.00003364", "price": "118895.10000000", "time": "2025-07-13T16:38:09.739308Z", "fetched_at": "2025-07-13T16:39:32.659435+00:00", "symbol": "BTC-USD"}, {"trade_id": 848285384, "side": "buy", "size": "0.00016898", "price": "118895.10000000", "time": "2025-07-13T16:38:07.625306Z", "fetched_at": "2025-07-13T16:39:32.659435+00:00", "symbol": "BTC-USD"}, {"trade_id": 848285383, "side": "sell", "size": "0.00041631", "price": "118895.11000000", "time": "2025-07-13T16:38:06.976751Z", "fetched_at": "2025-07-13T16:39:32.659435+00:00", "symbol": "BTC-USD"}, {"trade_id": 848285382, "side": "sell", "size": "0.00081731", "price": "118895.11000000", "time": "2025-07-13T16:38:06.671024Z", "fetched_at": "2025-07-13T16:39:32.659435+00:00", "symbol": "BTC-USD"}, {"trade_id": 848285381, "side": "sell", "size": "0.00000658", "price": "118895.63000000", "time": "2025-07-13T16:38:05.688149Z", "fetched_at": "2025-07-13T16:39:32.659435+00:00", "symbol": "BTC-USD"}, {"trade_id": 848285380, "side": "sell", "size": "0.00001007", "price": "118895.63000000", "time": "2025-07-13T16:38:05.688149Z", "fetched_at": "2025-07-13T16:39:32.659435+00:00", "symbol": "BTC-USD"}, {"trade_id": 848285379, "side": "sell", "size": "0.00014132", "price": "118903.50000000", "time": "2025-07-13T16:38:04.349921Z", "fetched_at": "2025-07-13T16:39:32.659435+00:00", "symbol": "BTC-USD"}, {"trade_id": 848285378, "side": "sell", "size": "0.00001034", "price": "118901.87000000", "time": "2025-07-13T16:38:04.349921Z", "fetched_at": "2025-07-13T16:39:32.659435+00:00", "symbol": "BTC-USD"}, {"trade_id": 848285377, "side": "sell", "size": "0.00005267", "price": "118895.63000000", "time": "2025-07-13T16:38:04.349921Z", "fetched_at": "2025-07-13T16:39:32.659435+00:00", "symbol": "BTC-USD"}, {"trade_id": 848285376, "side": "sell", "size": "0.04010212", "price": "118902.27000000", "time": "2025-07-13T16:38:03.934724Z", "fetched_at": "2025-07-13T16:39:32.659435+00:00", "symbol": "BTC-USD"}, {"trade_id": 848285375, "side": "sell", "size": "0.00841028", "price": "118902.06000000", "time": "2025-07-13T16:38:03.934724Z", "fetched_at": "2025-07-13T16:39:32.659435+00:00", "symbol": "BTC-USD"}, {"trade_id": 848285374, "side": "sell", "size": "0.00004096", "price": "118902.05000000", "time": "2025-07-13T16:38:03.934724Z", "fetched_at": "2025-07-13T16:39:32.659435+00:00", "symbol": "BTC-USD"}, {"trade_id": 848285373, "side": "sell", "size": "0.00001033", "price": "118901.87000000", "time": "2025-07-13T16:38:03.934724Z", "fetched_at": "2025-07-13T16:39:32.659435+00:00", "symbol": "BTC-USD"}, {"trade_id": 848285372, "side": "sell", "size": "0.00398012", "price": "118894.64000000", "time": "2025-07-13T16:38:03.869206Z", "fetched_at": "2025-07-13T16:39:32.659435+00:00", "symbol": "BTC-USD"}, {"trade_id": 848285371, "side": "sell", "size": "0.00000210", "price": "118892.04000000", "time": "2025-07-13T16:38:03.869206Z", "fetched_at": "2025-07-13T16:39:32.659435+00:00", "symbol": "BTC-USD"}, {"trade_id": 848285370, "side": "sell", "size": "0.00000664", "price": "118892.04000000", "time": "2025-07-13T16:38:03.869206Z", "fetched_at": "2025-07-13T16:39:32.659435+00:00", "symbol": "BTC-USD"}, {"trade_id": 848285369, "side": "buy", "size": "0.00005177", "price": "118891.67000000", "time": "2025-07-13T16:38:03.193678Z", "fetched_at": "2025-07-13T16:39:32.659435+00:00", "symbol": "BTC-USD"}, {"trade_id": 848285368, "side": "sell", "size": "0.00010072", "price": "118892.04000000", "time": "2025-07-13T16:38:02.416100Z", "fetched_at": "2025-07-13T16:39:32.659435+00:00", "symbol": "BTC-USD"}, {"trade_id": 848285367, "side": "sell", "size": "0.00008119", "price": "118892.04000000", "time": "2025-07-13T16:38:01.730352Z", "fetched_at": "2025-07-13T16:39:32.659435+00:00", "symbol": "BTC-USD"}, {"trade_id": 848285366, "side": "sell", "size": "0.00003955", "price": "118891.68000000", "time": "2025-07-13T16:38:01.669728Z", "fetched_at": "2025-07-13T16:39:32.659435+00:00", "symbol": "BTC-USD"}, {"trade_id": 848285365, "side": "sell", "size": "0.00000008", "price": "118892.04000000", "time": "2025-07-13T16:38:01.607769Z", "fetched_at": "2025-07-13T16:39:32.659435+00:00", "symbol": "BTC-USD"}, {"trade_id": 848285364, "side": "sell", "size": "0.00040866", "price": "118892.04000000", "time": "2025-07-13T16:38:01.535747Z", "fetched_at": "2025-07-13T16:39:32.659435+00:00", "symbol": "BTC-USD"}, {"trade_id": 848285363, "side": "sell", "size": "0.02684960", "price": "118900.66000000", "time": "2025-07-13T16:38:01.446790Z", "fetched_at": "2025-07-13T16:39:32.659435+00:00", "symbol": "BTC-USD"}, {"trade_id": 848285362, "side": "sell", "size": "0.00500000", "price": "118900.66000000", "time": "2025-07-13T16:38:01.446790Z", "fetched_at": "2025-07-13T16:39:32.659435+00:00", "symbol": "BTC-USD"}, {"trade_id": 848285361, "side": "sell", "size": "0.00997824", "price": "118900.63000000", "time": "2025-07-13T16:38:01.446790Z", "fetched_at": "2025-07-13T16:39:32.659435+00:00", "symbol": "BTC-USD"}, {"trade_id": 848285360, "side": "sell", "size": "0.00005645", "price": "118900.62000000", "time": "2025-07-13T16:38:01.446790Z", "fetched_at": "2025-07-13T16:39:32.659435+00:00", "symbol": "BTC-USD"}, {"trade_id": 848285359, "side": "sell", "size": "0.00005188", "price": "118900.73000000", "time": "2025-07-13T16:38:01.062328Z", "fetched_at": "2025-07-13T16:39:32.659435+00:00", "symbol": "BTC-USD"}, {"trade_id": 848285358, "side": "sell", "size": "0.00019239", "price": "118900.72000000", "time": "2025-07-13T16:38:00.843284Z", "fetched_at": "2025-07-13T16:39:32.659435+00:00", "symbol": "BTC-USD"}, {"trade_id": 848285357, "side": "sell", "size": "0.00005740", "price": "118900.71000000", "time": "2025-07-13T16:38:00.843284Z", "fetched_at": "2025-07-13T16:39:32.659435+00:00", "symbol": "BTC-USD"}, {"trade_id": 848285356, "side": "sell", "size": "0.00041632", "price": "118891.79000000", "time": "2025-07-13T16:38:00.806779Z", "fetched_at": "2025-07-13T16:39:32.659435+00:00", "symbol": "BTC-USD"}, {"trade_id": 848285355, "side": "sell", "size": "0.00020816", "price": "118891.79000000", "time": "2025-07-13T16:38:00.739432Z", "fetched_at": "2025-07-13T16:39:32.659435+00:00", "symbol": "BTC-USD"}, {"trade_id": 848285354, "side": "sell", "size": "0.00040866", "price": "118891.79000000", "time": "2025-07-13T16:38:00.388830Z", "fetched_at": "2025-07-13T16:39:32.659435+00:00", "symbol": "BTC-USD"}, {"trade_id": 848285353, "side": "buy", "size": "0.00134978", "price": "118890.33000000", "time": "2025-07-13T16:38:00.264664Z", "fetched_at": "2025-07-13T16:39:32.659435+00:00", "symbol": "BTC-USD"}, {"trade_id": 848285352, "side": "buy", "size": "0.00289783", "price": "118890.34000000", "time": "2025-07-13T16:38:00.264664Z", "fetched_at": "2025-07-13T16:39:32.659435+00:00", "symbol": "BTC-USD"}, {"trade_id": 848285351, "side": "sell", "size": "0.00016339", "price": "118900.76000000", "time": "2025-07-13T16:37:59.916551Z", "fetched_at": "2025-07-13T16:39:32.659435+00:00", "symbol": "BTC-USD"}, {"trade_id": 848285350, "side": "sell", "size": "0.00004478", "price": "118900.75000000", "time": "2025-07-13T16:37:59.916551Z", "fetched_at": "2025-07-13T16:39:32.659435+00:00", "symbol": "BTC-USD"}, {"trade_id": 848285349, "side": "sell", "size": "0.00190028", "price": "118900.76000000", "time": "2025-07-13T16:37:59.693743Z", "fetched_at": "2025-07-13T16:39:32.659435+00:00", "symbol": "BTC-USD"}, {"trade_id": 848285348, "side": "sell", "size": "0.00008375", "price": "118900.51000000", "time": "2025-07-13T16:37:59.693743Z", "fetched_at": "2025-07-13T16:39:32.659435+00:00", "symbol": "BTC-USD"}, {"trade_id": 848285347, "side": "sell", "size": "0.00000664", "price": "118900.51000000", "time": "2025-07-13T16:37:59.693743Z", "fetched_at": "2025-07-13T16:39:32.659435+00:00", "symbol": "BTC-USD"}, {"trade_id": 848285346, "side": "sell", "size": "0.00005263", "price": "118900.50000000", "time": "2025-07-13T16:37:59.693743Z", "fetched_at": "2025-07-13T16:39:32.659435+00:00", "symbol": "BTC-USD"}, {"trade_id": 848285345, "side": "buy", "size": "0.00021129", "price": "118890.58000000", "time": "2025-07-13T16:37:59.509115Z", "fetched_at": "2025-07-13T16:39:32.659435+00:00", "symbol": "BTC-USD"}, {"trade_id": 848285344, "side": "buy", "size": "0.00008203", "price": "118890.58000000", "time": "2025-07-13T16:37:59.509115Z", "fetched_at": "2025-07-13T16:39:32.659435+00:00", "symbol": "BTC-USD"}, {"trade_id": 848285343, "side": "buy", "size": "0.00004205", "price": "118890.24000000", "time": "2025-07-13T16:37:59.445552Z", "fetched_at": "2025-07-13T16:39:32.659435+00:00", "symbol": "BTC-USD"}, {"trade_id": 848285342, "side": "sell", "size": "0.00076321", "price": "118900.47000000", "time": "2025-07-13T16:37:59.223644Z", "fetched_at": "2025-07-13T16:39:32.659435+00:00", "symbol": "BTC-USD"}, {"trade_id": 848285341, "side": "sell", "size": "0.00005210", "price": "118900.46000000", "time": "2025-07-13T16:37:59.223644Z", "fetched_at": "2025-07-13T16:39:32.659435+00:00", "symbol": "BTC-USD"}, {"trade_id": 848285340, "side": "sell", "size": "0.00000201", "price": "118892.84000000", "time": "2025-07-13T16:37:59.223644Z", "fetched_at": "2025-07-13T16:39:32.659435+00:00", "symbol": "BTC-USD"}, {"trade_id": 848285339, "side": "sell", "size": "0.00040866", "price": "118892.53000000", "time": "2025-07-13T16:37:59.166657Z", "fetched_at": "2025-07-13T16:39:32.659435+00:00", "symbol": "BTC-USD"}, {"trade_id": 848285338, "side": "sell", "size": "0.00008119", "price": "118892.53000000", "time": "2025-07-13T16:37:59.070184Z", "fetched_at": "2025-07-13T16:39:32.659435+00:00", "symbol": "BTC-USD"}, {"trade_id": 848285337, "side": "sell", "size": "0.00041634", "price": "118892.53000000", "time": "2025-07-13T16:37:59.016473Z", "fetched_at": "2025-07-13T16:39:32.659435+00:00", "symbol": "BTC-USD"}, {"trade_id": 848285336, "side": "buy", "size": "0.00001141", "price": "118888.77000000", "time": "2025-07-13T16:37:58.415129Z", "fetched_at": "2025-07-13T16:39:32.659435+00:00", "symbol": "BTC-USD"}, {"trade_id": 848285335, "side": "buy", "size": "0.00008203", "price": "118892.62000000", "time": "2025-07-13T16:37:58.415129Z", "fetched_at": "2025-07-13T16:39:32.659435+00:00", "symbol": "BTC-USD"}, {"trade_id": 848285334, "side": "sell", "size": "0.00029977", "price": "118892.84000000", "time": "2025-07-13T16:37:58.008805Z", "fetched_at": "2025-07-13T16:39:32.659435+00:00", "symbol": "BTC-USD"}, {"trade_id": 848285333, "side": "sell", "size": "0.00001998", "price": "118892.84000000", "time": "2025-07-13T16:37:57.898064Z", "fetched_at": "2025-07-13T16:39:32.659435+00:00", "symbol": "BTC-USD"}, {"trade_id": 848285332, "side": "sell", "size": "0.00076724", "price": "118892.87000000", "time": "2025-07-13T16:37:57.685585Z", "fetched_at": "2025-07-13T16:39:32.659435+00:00", "symbol": "BTC-USD"}, {"trade_id": 848285331, "side": "sell", "size": "0.00005657", "price": "118890.70000000", "time": "2025-07-13T16:37:57.685585Z", "fetched_at": "2025-07-13T16:39:32.659435+00:00", "symbol": "BTC-USD"}, {"trade_id": 848285330, "side": "sell", "size": "0.00165942", "price": "118900.38000000", "time": "2025-07-13T16:37:57.446673Z", "fetched_at": "2025-07-13T16:39:32.659435+00:00", "symbol": "BTC-USD"}, {"trade_id": 848285329, "side": "sell", "size": "0.00500000", "price": "118900.37000000", "time": "2025-07-13T16:37:57.446673Z", "fetched_at": "2025-07-13T16:39:32.659435+00:00", "symbol": "BTC-USD"}, {"trade_id": 848285328, "side": "sell", "size": "0.01371602", "price": "118900.35000000", "time": "2025-07-13T16:37:57.446673Z", "fetched_at": "2025-07-13T16:39:32.659435+00:00", "symbol": "BTC-USD"}, {"trade_id": 848285327, "side": "sell", "size": "0.00005734", "price": "118900.34000000", "time": "2025-07-13T16:37:57.446673Z", "fetched_at": "2025-07-13T16:39:32.659435+00:00", "symbol": "BTC-USD"}, {"trade_id": 848285326, "side": "sell", "size": "0.00002243", "price": "118900.39000000", "time": "2025-07-13T16:37:57.373604Z", "fetched_at": "2025-07-13T16:39:32.659435+00:00", "symbol": "BTC-USD"}, {"trade_id": 848285325, "side": "sell", "size": "0.00005734", "price": "118900.39000000", "time": "2025-07-13T16:37:57.373604Z", "fetched_at": "2025-07-13T16:39:32.659435+00:00", "symbol": "BTC-USD"}, {"trade_id": 848285324, "side": "buy", "size": "0.00000757", "price": "118890.24000000", "time": "2025-07-13T16:37:57.288665Z", "fetched_at": "2025-07-13T16:39:32.659435+00:00", "symbol": "BTC-USD"}, {"trade_id": 848285323, "side": "sell", "size": "0.00000799", "price": "118900.32000000", "time": "2025-07-13T16:37:57.210850Z", "fetched_at": "2025-07-13T16:39:32.659435+00:00", "symbol": "BTC-USD"}, {"trade_id": 848285322, "side": "sell", "size": "0.00832633", "price": "118891.24000000", "time": "2025-07-13T16:37:55.560438Z", "fetched_at": "2025-07-13T16:39:32.659435+00:00", "symbol": "BTC-USD"}, {"trade_id": 848285321, "side": "sell", "size": "0.00019679", "price": "118901.81000000", "time": "2025-07-13T16:37:54.952351Z", "fetched_at": "2025-07-13T16:39:32.659435+00:00", "symbol": "BTC-USD"}, {"trade_id": 848285320, "side": "sell", "size": "0.00005966", "price": "118901.80000000", "time": "2025-07-13T16:37:54.952351Z", "fetched_at": "2025-07-13T16:39:32.659435+00:00", "symbol": "BTC-USD"}, {"trade_id": 848285319, "side": "sell", "size": "0.00021003", "price": "118901.85000000", "time": "2025-07-13T16:37:54.745485Z", "fetched_at": "2025-07-13T16:39:32.659435+00:00", "symbol": "BTC-USD"}, {"trade_id": 848285318, "side": "sell", "size": "0.00005966", "price": "118901.84000000", "time": "2025-07-13T16:37:54.745485Z", "fetched_at": "2025-07-13T16:39:32.659435+00:00", "symbol": "BTC-USD"}, {"trade_id": 848285317, "side": "sell", "size": "0.00017955", "price": "118901.95000000", "time": "2025-07-13T16:37:54.013868Z", "fetched_at": "2025-07-13T16:39:32.659435+00:00", "symbol": "BTC-USD"}, {"trade_id": 848285316, "side": "sell", "size": "0.00005975", "price": "118901.94000000", "time": "2025-07-13T16:37:54.013868Z", "fetched_at": "2025-07-13T16:39:32.659435+00:00", "symbol": "BTC-USD"}, {"trade_id": 848285315, "side": "buy", "size": "0.00162285", "price": "118890.50000000", "time": "2025-07-13T16:37:53.985746Z", "fetched_at": "2025-07-13T16:39:32.659435+00:00", "symbol": "BTC-USD"}, {"trade_id": 848285314, "side": "buy", "size": "0.00329512", "price": "118891.54000000", "time": "2025-07-13T16:37:53.985746Z", "fetched_at": "2025-07-13T16:39:32.659435+00:00", "symbol": "BTC-USD"}, {"trade_id": 848285313, "side": "buy", "size": "0.00008203", "price": "118891.55000000", "time": "2025-07-13T16:37:53.985746Z", "fetched_at": "2025-07-13T16:39:32.659435+00:00", "symbol": "BTC-USD"}, {"trade_id": 848285312, "side": "sell", "size": "0.00616986", "price": "118902.05000000", "time": "2025-07-13T16:37:53.520492Z", "fetched_at": "2025-07-13T16:39:32.659435+00:00", "symbol": "BTC-USD"}, {"trade_id": 848285311, "side": "sell", "size": "0.00006065", "price": "118902.04000000", "time": "2025-07-13T16:37:53.520492Z", "fetched_at": "2025-07-13T16:39:32.659435+00:00", "symbol": "BTC-USD"}, {"trade_id": 848285310, "side": "sell", "size": "0.00000235", "price": "118899.83000000", "time": "2025-07-13T16:37:53.520492Z", "fetched_at": "2025-07-13T16:39:32.659435+00:00", "symbol": "BTC-USD"}, {"trade_id": 848285309, "side": "buy", "size": "0.00557975", "price": "118885.77000000", "time": "2025-07-13T16:37:52.494782Z", "fetched_at": "2025-07-13T16:39:32.659435+00:00", "symbol": "BTC-USD"}, {"trade_id": 848285308, "side": "buy", "size": "0.03344082", "price": "118886.81000000", "time": "2025-07-13T16:37:52.494782Z", "fetched_at": "2025-07-13T16:39:32.659435+00:00", "symbol": "BTC-USD"}, {"trade_id": 848285307, "side": "buy", "size": "0.00004353", "price": "118889.16000000", "time": "2025-07-13T16:37:52.494782Z", "fetched_at": "2025-07-13T16:39:32.659435+00:00", "symbol": "BTC-USD"}, {"trade_id": 848285306, "side": "buy", "size": "0.00188781", "price": "118889.58000000", "time": "2025-07-13T16:37:52.494782Z", "fetched_at": "2025-07-13T16:39:32.659435+00:00", "symbol": "BTC-USD"}, {"trade_id": 848285305, "side": "buy", "size": "0.00008203", "price": "118889.59000000", "time": "2025-07-13T16:37:52.494782Z", "fetched_at": "2025-07-13T16:39:32.659435+00:00", "symbol": "BTC-USD"}, {"trade_id": 848285304, "side": "buy", "size": "0.00144555", "price": "118892.77000000", "time": "2025-07-13T16:37:52.494782Z", "fetched_at": "2025-07-13T16:39:32.659435+00:00", "symbol": "BTC-USD"}, {"trade_id": 848285303, "side": "sell", "size": "0.00080905", "price": "118900.80000000", "time": "2025-07-13T16:37:51.987485Z", "fetched_at": "2025-07-13T16:39:32.659435+00:00", "symbol": "BTC-USD"}, {"trade_id": 848285302, "side": "sell", "size": "0.00420559", "price": "118900.29000000", "time": "2025-07-13T16:37:51.987485Z", "fetched_at": "2025-07-13T16:39:32.659435+00:00", "symbol": "BTC-USD"}, {"trade_id": 848285301, "side": "sell", "size": "0.00517712", "price": "118900.00000000", "time": "2025-07-13T16:37:51.987485Z", "fetched_at": "2025-07-13T16:39:32.659435+00:00", "symbol": "BTC-USD"}, {"trade_id": 848285300, "side": "sell", "size": "0.00500000", "price": "118899.99000000", "time": "2025-07-13T16:37:51.987485Z", "fetched_at": "2025-07-13T16:39:32.659435+00:00", "symbol": "BTC-USD"}, {"trade_id": 848285299, "side": "sell", "size": "0.00000193", "price": "118898.99000000", "time": "2025-07-13T16:37:51.987485Z", "fetched_at": "2025-07-13T16:39:32.659435+00:00", "symbol": "BTC-USD"}, {"trade_id": 848285298, "side": "sell", "size": "0.00164389", "price": "118898.77000000", "time": "2025-07-13T16:37:51.987485Z", "fetched_at": "2025-07-13T16:39:32.659435+00:00", "symbol": "BTC-USD"}, {"trade_id": 848285297, "side": "sell", "size": "0.00000664", "price": "118898.76000000", "time": "2025-07-13T16:37:51.987485Z", "fetched_at": "2025-07-13T16:39:32.659435+00:00", "symbol": "BTC-USD"}, {"trade_id": 848285296, "side": "sell", "size": "0.00841080", "price": "118894.68000000", "time": "2025-07-13T16:37:51.987485Z", "fetched_at": "2025-07-13T16:39:32.659435+00:00", "symbol": "BTC-USD"}, {"trade_id": 848285295, "side": "sell", "size": "0.00008203", "price": "118889.16000000", "time": "2025-07-13T16:37:51.987485Z", "fetched_at": "2025-07-13T16:39:32.659435+00:00", "symbol": "BTC-USD"}, {"trade_id": 848285294, "side": "sell", "size": "0.00110028", "price": "118894.74000000", "time": "2025-07-13T16:37:51.398475Z", "fetched_at": "2025-07-13T16:39:32.659435+00:00", "symbol": "BTC-USD"}, {"trade_id": 848285293, "side": "sell", "size": "0.00008203", "price": "118894.73000000", "time": "2025-07-13T16:37:51.398475Z", "fetched_at": "2025-07-13T16:39:32.659435+00:00", "symbol": "BTC-USD"}, {"trade_id": 848285292, "side": "sell", "size": "0.00001185", "price": "118892.68000000", "time": "2025-07-13T16:37:51.398475Z", "fetched_at": "2025-07-13T16:39:32.659435+00:00", "symbol": "BTC-USD"}, {"trade_id": 848285291, "side": "buy", "size": "0.00025466", "price": "118892.67000000", "time": "2025-07-13T16:37:50.782634Z", "fetched_at": "2025-07-13T16:39:32.659435+00:00", "symbol": "BTC-USD"}, {"trade_id": 848285290, "side": "buy", "size": "0.00042476", "price": "118892.67000000", "time": "2025-07-13T16:37:50.735042Z", "fetched_at": "2025-07-13T16:39:32.659435+00:00", "symbol": "BTC-USD"}