[{"trade_id": 848246786, "side": "buy", "size": "0.00003729", "price": "118910.03000000", "time": "2025-07-13T14:39:28.132584Z", "fetched_at": "2025-07-13T14:39:32.007616+00:00", "symbol": "BTC-USD"}, {"trade_id": 848246785, "side": "buy", "size": "0.00033972", "price": "118912.88000000", "time": "2025-07-13T14:39:27.749774Z", "fetched_at": "2025-07-13T14:39:32.007616+00:00", "symbol": "BTC-USD"}, {"trade_id": 848246784, "side": "sell", "size": "0.00032406", "price": "118922.12000000", "time": "2025-07-13T14:39:27.605061Z", "fetched_at": "2025-07-13T14:39:32.007616+00:00", "symbol": "BTC-USD"}, {"trade_id": 848246783, "side": "sell", "size": "0.00008246", "price": "118909.89000000", "time": "2025-07-13T14:39:27.605061Z", "fetched_at": "2025-07-13T14:39:32.007616+00:00", "symbol": "BTC-USD"}, {"trade_id": 848246782, "side": "sell", "size": "0.00000210", "price": "118909.89000000", "time": "2025-07-13T14:39:27.605061Z", "fetched_at": "2025-07-13T14:39:32.007616+00:00", "symbol": "BTC-USD"}, {"trade_id": 848246781, "side": "sell", "size": "0.00071537", "price": "118922.12000000", "time": "2025-07-13T14:39:27.127280Z", "fetched_at": "2025-07-13T14:39:32.007616+00:00", "symbol": "BTC-USD"}, {"trade_id": 848246780, "side": "sell", "size": "0.00008246", "price": "118922.11000000", "time": "2025-07-13T14:39:27.127280Z", "fetched_at": "2025-07-13T14:39:32.007616+00:00", "symbol": "BTC-USD"}, {"trade_id": 848246779, "side": "buy", "size": "0.00006130", "price": "118909.84000000", "time": "2025-07-13T14:39:26.959327Z", "fetched_at": "2025-07-13T14:39:32.007616+00:00", "symbol": "BTC-USD"}, {"trade_id": 848246778, "side": "sell", "size": "0.00011695", "price": "118922.59000000", "time": "2025-07-13T14:39:26.890981Z", "fetched_at": "2025-07-13T14:39:32.007616+00:00", "symbol": "BTC-USD"}, {"trade_id": 848246777, "side": "sell", "size": "0.00008246", "price": "118909.84000000", "time": "2025-07-13T14:39:26.890981Z", "fetched_at": "2025-07-13T14:39:32.007616+00:00", "symbol": "BTC-USD"}, {"trade_id": 848246776, "side": "sell", "size": "0.00000955", "price": "118909.84000000", "time": "2025-07-13T14:39:26.741114Z", "fetched_at": "2025-07-13T14:39:32.007616+00:00", "symbol": "BTC-USD"}, {"trade_id": 848246775, "side": "sell", "size": "0.00007505", "price": "118914.98000000", "time": "2025-07-13T14:39:26.452570Z", "fetched_at": "2025-07-13T14:39:32.007616+00:00", "symbol": "BTC-USD"}, {"trade_id": 848246774, "side": "sell", "size": "0.00012568", "price": "118925.72000000", "time": "2025-07-13T14:39:26.416565Z", "fetched_at": "2025-07-13T14:39:32.007616+00:00", "symbol": "BTC-USD"}, {"trade_id": 848246773, "side": "sell", "size": "0.00008246", "price": "118914.98000000", "time": "2025-07-13T14:39:26.416565Z", "fetched_at": "2025-07-13T14:39:32.007616+00:00", "symbol": "BTC-USD"}, {"trade_id": 848246772, "side": "sell", "size": "0.00358016", "price": "118926.06000000", "time": "2025-07-13T14:39:26.342761Z", "fetched_at": "2025-07-13T14:39:32.007616+00:00", "symbol": "BTC-USD"}, {"trade_id": 848246771, "side": "sell", "size": "0.00000664", "price": "118914.26000000", "time": "2025-07-13T14:39:26.342761Z", "fetched_at": "2025-07-13T14:39:32.007616+00:00", "symbol": "BTC-USD"}, {"trade_id": 848246770, "side": "sell", "size": "0.00008246", "price": "118914.17000000", "time": "2025-07-13T14:39:26.342761Z", "fetched_at": "2025-07-13T14:39:32.007616+00:00", "symbol": "BTC-USD"}, {"trade_id": 848246769, "side": "sell", "size": "0.00031634", "price": "118923.30000000", "time": "2025-07-13T14:39:25.803790Z", "fetched_at": "2025-07-13T14:39:32.007616+00:00", "symbol": "BTC-USD"}, {"trade_id": 848246768, "side": "sell", "size": "0.00008246", "price": "118914.26000000", "time": "2025-07-13T14:39:25.803790Z", "fetched_at": "2025-07-13T14:39:32.007616+00:00", "symbol": "BTC-USD"}, {"trade_id": 848246767, "side": "sell", "size": "0.00000624", "price": "118914.17000000", "time": "2025-07-13T14:39:25.689028Z", "fetched_at": "2025-07-13T14:39:32.007616+00:00", "symbol": "BTC-USD"}, {"trade_id": 848246766, "side": "sell", "size": "0.00000824", "price": "118914.17000000", "time": "2025-07-13T14:39:25.659897Z", "fetched_at": "2025-07-13T14:39:32.007616+00:00", "symbol": "BTC-USD"}, {"trade_id": 848246765, "side": "buy", "size": "0.00003406", "price": "118914.16000000", "time": "2025-07-13T14:39:25.172620Z", "fetched_at": "2025-07-13T14:39:32.007616+00:00", "symbol": "BTC-USD"}, {"trade_id": 848246764, "side": "buy", "size": "0.00147831", "price": "118914.16000000", "time": "2025-07-13T14:39:24.883799Z", "fetched_at": "2025-07-13T14:39:32.007616+00:00", "symbol": "BTC-USD"}, {"trade_id": 848246763, "side": "sell", "size": "0.00073640", "price": "118926.39000000", "time": "2025-07-13T14:39:24.486407Z", "fetched_at": "2025-07-13T14:39:32.007616+00:00", "symbol": "BTC-USD"}, {"trade_id": 848246762, "side": "sell", "size": "0.00001033", "price": "118914.17000000", "time": "2025-07-13T14:39:24.486407Z", "fetched_at": "2025-07-13T14:39:32.007616+00:00", "symbol": "BTC-USD"}, {"trade_id": 848246761, "side": "sell", "size": "0.00007867", "price": "118914.17000000", "time": "2025-07-13T14:39:24.486407Z", "fetched_at": "2025-07-13T14:39:32.007616+00:00", "symbol": "BTC-USD"}, {"trade_id": 848246760, "side": "buy", "size": "0.00029434", "price": "118914.16000000", "time": "2025-07-13T14:39:24.329121Z", "fetched_at": "2025-07-13T14:39:32.007616+00:00", "symbol": "BTC-USD"}, {"trade_id": 848246759, "side": "sell", "size": "0.00000379", "price": "118914.17000000", "time": "2025-07-13T14:39:23.975449Z", "fetched_at": "2025-07-13T14:39:32.007616+00:00", "symbol": "BTC-USD"}, {"trade_id": 848246758, "side": "buy", "size": "0.00200000", "price": "118922.66000000", "time": "2025-07-13T14:39:22.970210Z", "fetched_at": "2025-07-13T14:39:32.007616+00:00", "symbol": "BTC-USD"}, {"trade_id": 848246757, "side": "sell", "size": "0.00032616", "price": "118930.30000000", "time": "2025-07-13T14:39:22.854151Z", "fetched_at": "2025-07-13T14:39:32.007616+00:00", "symbol": "BTC-USD"}, {"trade_id": 848246756, "side": "sell", "size": "0.00008246", "price": "118922.41000000", "time": "2025-07-13T14:39:22.854151Z", "fetched_at": "2025-07-13T14:39:32.007616+00:00", "symbol": "BTC-USD"}, {"trade_id": 848246755, "side": "buy", "size": "0.00257336", "price": "118922.40000000", "time": "2025-07-13T14:39:22.715520Z", "fetched_at": "2025-07-13T14:39:32.007616+00:00", "symbol": "BTC-USD"}, {"trade_id": 848246754, "side": "sell", "size": "0.00230873", "price": "118930.30000000", "time": "2025-07-13T14:39:22.693270Z", "fetched_at": "2025-07-13T14:39:32.007616+00:00", "symbol": "BTC-USD"}, {"trade_id": 848246753, "side": "sell", "size": "0.00000210", "price": "118922.40000000", "time": "2025-07-13T14:39:22.693270Z", "fetched_at": "2025-07-13T14:39:32.007616+00:00", "symbol": "BTC-USD"}, {"trade_id": 848246752, "side": "sell", "size": "0.00008246", "price": "118922.40000000", "time": "2025-07-13T14:39:22.693270Z", "fetched_at": "2025-07-13T14:39:32.007616+00:00", "symbol": "BTC-USD"}, {"trade_id": 848246751, "side": "buy", "size": "0.00070055", "price": "118922.39000000", "time": "2025-07-13T14:39:22.597070Z", "fetched_at": "2025-07-13T14:39:32.007616+00:00", "symbol": "BTC-USD"}, {"trade_id": 848246750, "side": "buy", "size": "0.00005097", "price": "118922.39000000", "time": "2025-07-13T14:39:22.566314Z", "fetched_at": "2025-07-13T14:39:32.007616+00:00", "symbol": "BTC-USD"}, {"trade_id": 848246749, "side": "sell", "size": "0.00070422", "price": "118930.31000000", "time": "2025-07-13T14:39:22.283190Z", "fetched_at": "2025-07-13T14:39:32.007616+00:00", "symbol": "BTC-USD"}, {"trade_id": 848246748, "side": "sell", "size": "0.00008246", "price": "118922.39000000", "time": "2025-07-13T14:39:22.283190Z", "fetched_at": "2025-07-13T14:39:32.007616+00:00", "symbol": "BTC-USD"}, {"trade_id": 848246747, "side": "sell", "size": "0.00000664", "price": "118922.39000000", "time": "2025-07-13T14:39:22.283190Z", "fetched_at": "2025-07-13T14:39:32.007616+00:00", "symbol": "BTC-USD"}, {"trade_id": 848246746, "side": "sell", "size": "0.00000420", "price": "118922.39000000", "time": "2025-07-13T14:39:22.283190Z", "fetched_at": "2025-07-13T14:39:32.007616+00:00", "symbol": "BTC-USD"}, {"trade_id": 848246745, "side": "buy", "size": "0.00011042", "price": "118922.38000000", "time": "2025-07-13T14:39:21.420981Z", "fetched_at": "2025-07-13T14:39:32.007616+00:00", "symbol": "BTC-USD"}, {"trade_id": 848246744, "side": "buy", "size": "0.00019055", "price": "118922.38000000", "time": "2025-07-13T14:39:21.178356Z", "fetched_at": "2025-07-13T14:39:32.007616+00:00", "symbol": "BTC-USD"}, {"trade_id": 848246743, "side": "buy", "size": "0.00012615", "price": "118922.14000000", "time": "2025-07-13T14:39:20.765177Z", "fetched_at": "2025-07-13T14:39:32.007616+00:00", "symbol": "BTC-USD"}, {"trade_id": 848246742, "side": "sell", "size": "0.01799000", "price": "118928.51000000", "time": "2025-07-13T14:39:20.664162Z", "fetched_at": "2025-07-13T14:39:32.007616+00:00", "symbol": "BTC-USD"}, {"trade_id": 848246741, "side": "sell", "size": "0.10000000", "price": "118928.51000000", "time": "2025-07-13T14:39:20.663663Z", "fetched_at": "2025-07-13T14:39:32.007616+00:00", "symbol": "BTC-USD"}, {"trade_id": 848246740, "side": "sell", "size": "0.05000000", "price": "118928.51000000", "time": "2025-07-13T14:39:20.663557Z", "fetched_at": "2025-07-13T14:39:32.007616+00:00", "symbol": "BTC-USD"}, {"trade_id": 848246739, "side": "sell", "size": "0.06000000", "price": "118928.51000000", "time": "2025-07-13T14:39:20.662465Z", "fetched_at": "2025-07-13T14:39:32.007616+00:00", "symbol": "BTC-USD"}, {"trade_id": 848246738, "side": "sell", "size": "0.05000000", "price": "118928.51000000", "time": "2025-07-13T14:39:20.660870Z", "fetched_at": "2025-07-13T14:39:32.007616+00:00", "symbol": "BTC-USD"}, {"trade_id": 848246737, "side": "sell", "size": "0.01201000", "price": "118928.51000000", "time": "2025-07-13T14:39:20.660690Z", "fetched_at": "2025-07-13T14:39:32.007616+00:00", "symbol": "BTC-USD"}, {"trade_id": 848246736, "side": "sell", "size": "0.00843010", "price": "118928.51000000", "time": "2025-07-13T14:39:20.660438Z", "fetched_at": "2025-07-13T14:39:32.007616+00:00", "symbol": "BTC-USD"}, {"trade_id": 848246735, "side": "sell", "size": "0.00156990", "price": "118928.22000000", "time": "2025-07-13T14:39:20.660438Z", "fetched_at": "2025-07-13T14:39:32.007616+00:00", "symbol": "BTC-USD"}, {"trade_id": 848246734, "side": "sell", "size": "0.01000000", "price": "118928.22000000", "time": "2025-07-13T14:39:20.660047Z", "fetched_at": "2025-07-13T14:39:32.007616+00:00", "symbol": "BTC-USD"}, {"trade_id": 848246733, "side": "sell", "size": "0.03000000", "price": "118928.51000000", "time": "2025-07-13T14:39:20.657981Z", "fetched_at": "2025-07-13T14:39:32.007616+00:00", "symbol": "BTC-USD"}, {"trade_id": 848246732, "side": "sell", "size": "0.02261420", "price": "118928.51000000", "time": "2025-07-13T14:39:20.656898Z", "fetched_at": "2025-07-13T14:39:32.007616+00:00", "symbol": "BTC-USD"}, {"trade_id": 848246731, "side": "sell", "size": "0.01785580", "price": "118928.50000000", "time": "2025-07-13T14:39:20.656898Z", "fetched_at": "2025-07-13T14:39:32.007616+00:00", "symbol": "BTC-USD"}, {"trade_id": 848246730, "side": "sell", "size": "0.09216000", "price": "118928.50000000", "time": "2025-07-13T14:39:20.656788Z", "fetched_at": "2025-07-13T14:39:32.007616+00:00", "symbol": "BTC-USD"}, {"trade_id": 848246729, "side": "sell", "size": "0.17356391", "price": "118928.50000000", "time": "2025-07-13T14:39:20.655924Z", "fetched_at": "2025-07-13T14:39:32.007616+00:00", "symbol": "BTC-USD"}, {"trade_id": 848246728, "side": "sell", "size": "0.01940696", "price": "118928.23000000", "time": "2025-07-13T14:39:20.655924Z", "fetched_at": "2025-07-13T14:39:32.007616+00:00", "symbol": "BTC-USD"}, {"trade_id": 848246727, "side": "sell", "size": "0.11702913", "price": "118928.22000000", "time": "2025-07-13T14:39:20.655924Z", "fetched_at": "2025-07-13T14:39:32.007616+00:00", "symbol": "BTC-USD"}, {"trade_id": 848246726, "side": "sell", "size": "0.00840000", "price": "118927.15000000", "time": "2025-07-13T14:39:20.655701Z", "fetched_at": "2025-07-13T14:39:32.007616+00:00", "symbol": "BTC-USD"}, {"trade_id": 848246725, "side": "sell", "size": "0.00008573", "price": "118922.85000000", "time": "2025-07-13T14:39:20.654707Z", "fetched_at": "2025-07-13T14:39:32.007616+00:00", "symbol": "BTC-USD"}, {"trade_id": 848246724, "side": "sell", "size": "0.01134753", "price": "118922.85000000", "time": "2025-07-13T14:39:20.654529Z", "fetched_at": "2025-07-13T14:39:32.007616+00:00", "symbol": "BTC-USD"}, {"trade_id": 848246723, "side": "sell", "size": "0.00008247", "price": "118918.18000000", "time": "2025-07-13T14:39:20.654529Z", "fetched_at": "2025-07-13T14:39:32.007616+00:00", "symbol": "BTC-USD"}, {"trade_id": 848246722, "side": "buy", "size": "0.00004213", "price": "118918.17000000", "time": "2025-07-13T14:39:20.208161Z", "fetched_at": "2025-07-13T14:39:32.007616+00:00", "symbol": "BTC-USD"}, {"trade_id": 848246721, "side": "sell", "size": "0.00028492", "price": "118922.82000000", "time": "2025-07-13T14:39:20.185016Z", "fetched_at": "2025-07-13T14:39:32.007616+00:00", "symbol": "BTC-USD"}, {"trade_id": 848246720, "side": "sell", "size": "0.00001000", "price": "118921.44000000", "time": "2025-07-13T14:39:20.185016Z", "fetched_at": "2025-07-13T14:39:32.007616+00:00", "symbol": "BTC-USD"}, {"trade_id": 848246719, "side": "sell", "size": "0.00008247", "price": "118918.18000000", "time": "2025-07-13T14:39:20.185016Z", "fetched_at": "2025-07-13T14:39:32.007616+00:00", "symbol": "BTC-USD"}, {"trade_id": 848246718, "side": "buy", "size": "0.00115644", "price": "118918.17000000", "time": "2025-07-13T14:39:20.078449Z", "fetched_at": "2025-07-13T14:39:32.007616+00:00", "symbol": "BTC-USD"}, {"trade_id": 848246717, "side": "sell", "size": "0.01165018", "price": "118917.45000000", "time": "2025-07-13T14:39:19.818474Z", "fetched_at": "2025-07-13T14:39:32.007616+00:00", "symbol": "BTC-USD"}, {"trade_id": 848246716, "side": "sell", "size": "0.00010655", "price": "118916.37000000", "time": "2025-07-13T14:39:19.818474Z", "fetched_at": "2025-07-13T14:39:32.007616+00:00", "symbol": "BTC-USD"}, {"trade_id": 848246715, "side": "sell", "size": "0.02595640", "price": "118916.37000000", "time": "2025-07-13T14:39:19.815356Z", "fetched_at": "2025-07-13T14:39:32.007616+00:00", "symbol": "BTC-USD"}, {"trade_id": 848246714, "side": "sell", "size": "0.00010360", "price": "118916.36000000", "time": "2025-07-13T14:39:19.815356Z", "fetched_at": "2025-07-13T14:39:32.007616+00:00", "symbol": "BTC-USD"}, {"trade_id": 848246713, "side": "sell", "size": "0.01553417", "price": "118916.36000000", "time": "2025-07-13T14:39:19.815135Z", "fetched_at": "2025-07-13T14:39:32.007616+00:00", "symbol": "BTC-USD"}, {"trade_id": 848246712, "side": "sell", "size": "0.00000336", "price": "118914.29000000", "time": "2025-07-13T14:39:19.815135Z", "fetched_at": "2025-07-13T14:39:32.007616+00:00", "symbol": "BTC-USD"}, {"trade_id": 848246711, "side": "sell", "size": "0.00001000", "price": "118912.52000000", "time": "2025-07-13T14:39:19.815135Z", "fetched_at": "2025-07-13T14:39:32.007616+00:00", "symbol": "BTC-USD"}, {"trade_id": 848246710, "side": "sell", "size": "0.00008247", "price": "118906.52000000", "time": "2025-07-13T14:39:19.815135Z", "fetched_at": "2025-07-13T14:39:32.007616+00:00", "symbol": "BTC-USD"}, {"trade_id": 848246709, "side": "sell", "size": "0.00007603", "price": "118910.77000000", "time": "2025-07-13T14:39:19.625649Z", "fetched_at": "2025-07-13T14:39:32.007616+00:00", "symbol": "BTC-USD"}, {"trade_id": 848246708, "side": "sell", "size": "0.00001135", "price": "118907.10000000", "time": "2025-07-13T14:39:19.625649Z", "fetched_at": "2025-07-13T14:39:32.007616+00:00", "symbol": "BTC-USD"}, {"trade_id": 848246707, "side": "sell", "size": "0.00008247", "price": "118903.85000000", "time": "2025-07-13T14:39:19.625649Z", "fetched_at": "2025-07-13T14:39:32.007616+00:00", "symbol": "BTC-USD"}, {"trade_id": 848246706, "side": "sell", "size": "0.00002389", "price": "118907.10000000", "time": "2025-07-13T14:39:18.968657Z", "fetched_at": "2025-07-13T14:39:32.007616+00:00", "symbol": "BTC-USD"}, {"trade_id": 848246705, "side": "sell", "size": "0.00003098", "price": "118907.10000000", "time": "2025-07-13T14:39:18.849706Z", "fetched_at": "2025-07-13T14:39:32.007616+00:00", "symbol": "BTC-USD"}, {"trade_id": 848246704, "side": "sell", "size": "0.00065163", "price": "118910.77000000", "time": "2025-07-13T14:39:18.815933Z", "fetched_at": "2025-07-13T14:39:32.007616+00:00", "symbol": "BTC-USD"}, {"trade_id": 848246703, "side": "sell", "size": "0.00008247", "price": "118907.10000000", "time": "2025-07-13T14:39:18.815933Z", "fetched_at": "2025-07-13T14:39:32.007616+00:00", "symbol": "BTC-USD"}, {"trade_id": 848246702, "side": "sell", "size": "0.00001817", "price": "118907.10000000", "time": "2025-07-13T14:39:18.759815Z", "fetched_at": "2025-07-13T14:39:32.007616+00:00", "symbol": "BTC-USD"}, {"trade_id": 848246701, "side": "sell", "size": "0.00031619", "price": "118910.77000000", "time": "2025-07-13T14:39:18.726401Z", "fetched_at": "2025-07-13T14:39:32.007616+00:00", "symbol": "BTC-USD"}, {"trade_id": 848246700, "side": "sell", "size": "0.00008247", "price": "118907.10000000", "time": "2025-07-13T14:39:18.726401Z", "fetched_at": "2025-07-13T14:39:32.007616+00:00", "symbol": "BTC-USD"}, {"trade_id": 848246699, "side": "sell", "size": "0.00057096", "price": "118910.77000000", "time": "2025-07-13T14:39:18.592808Z", "fetched_at": "2025-07-13T14:39:32.007616+00:00", "symbol": "BTC-USD"}, {"trade_id": 848246698, "side": "sell", "size": "0.00008247", "price": "118907.10000000", "time": "2025-07-13T14:39:18.592808Z", "fetched_at": "2025-07-13T14:39:32.007616+00:00", "symbol": "BTC-USD"}, {"trade_id": 848246697, "side": "sell", "size": "0.00000129", "price": "118907.10000000", "time": "2025-07-13T14:39:18.194181Z", "fetched_at": "2025-07-13T14:39:32.007616+00:00", "symbol": "BTC-USD"}, {"trade_id": 848246696, "side": "buy", "size": "0.00009520", "price": "118907.09000000", "time": "2025-07-13T14:39:18.055286Z", "fetched_at": "2025-07-13T14:39:32.007616+00:00", "symbol": "BTC-USD"}, {"trade_id": 848246695, "side": "sell", "size": "0.00014750", "price": "118907.10000000", "time": "2025-07-13T14:39:17.965725Z", "fetched_at": "2025-07-13T14:39:32.007616+00:00", "symbol": "BTC-USD"}, {"trade_id": 848246694, "side": "sell", "size": "0.00039142", "price": "118910.77000000", "time": "2025-07-13T14:39:17.511165Z", "fetched_at": "2025-07-13T14:39:32.007616+00:00", "symbol": "BTC-USD"}, {"trade_id": 848246693, "side": "sell", "size": "0.00008247", "price": "118907.09000000", "time": "2025-07-13T14:39:17.511165Z", "fetched_at": "2025-07-13T14:39:32.007616+00:00", "symbol": "BTC-USD"}, {"trade_id": 848246692, "side": "sell", "size": "0.00000471", "price": "118907.09000000", "time": "2025-07-13T14:39:17.511165Z", "fetched_at": "2025-07-13T14:39:32.007616+00:00", "symbol": "BTC-USD"}, {"trade_id": 848246691, "side": "buy", "size": "0.00152895", "price": "118907.08000000", "time": "2025-07-13T14:39:16.371781Z", "fetched_at": "2025-07-13T14:39:32.007616+00:00", "symbol": "BTC-USD"}, {"trade_id": 848246690, "side": "sell", "size": "0.00000193", "price": "118907.09000000", "time": "2025-07-13T14:39:16.358652Z", "fetched_at": "2025-07-13T14:39:32.007616+00:00", "symbol": "BTC-USD"}, {"trade_id": 848246689, "side": "buy", "size": "0.00000127", "price": "118907.08000000", "time": "2025-07-13T14:39:16.118840Z", "fetched_at": "2025-07-13T14:39:32.007616+00:00", "symbol": "BTC-USD"}, {"trade_id": 848246688, "side": "buy", "size": "0.00200000", "price": "118907.78000000", "time": "2025-07-13T14:39:15.830534Z", "fetched_at": "2025-07-13T14:39:32.007616+00:00", "symbol": "BTC-USD"}, {"trade_id": 848246687, "side": "buy", "size": "0.00022088", "price": "118907.78000000", "time": "2025-07-13T14:39:15.261661Z", "fetched_at": "2025-07-13T14:39:32.007616+00:00", "symbol": "BTC-USD"}, {"trade_id": 848246686, "side": "sell", "size": "0.00411236", "price": "118910.77000000", "time": "2025-07-13T14:39:15.178335Z", "fetched_at": "2025-07-13T14:39:32.007616+00:00", "symbol": "BTC-USD"}, {"trade_id": 848246685, "side": "sell", "size": "0.00001000", "price": "118905.23000000", "time": "2025-07-13T14:39:15.178335Z", "fetched_at": "2025-07-13T14:39:32.007616+00:00", "symbol": "BTC-USD"}, {"trade_id": 848246684, "side": "sell", "size": "0.00008247", "price": "118904.33000000", "time": "2025-07-13T14:39:15.178335Z", "fetched_at": "2025-07-13T14:39:32.007616+00:00", "symbol": "BTC-USD"}, {"trade_id": 848246683, "side": "buy", "size": "0.00059874", "price": "118899.92000000", "time": "2025-07-13T14:39:14.964085Z", "fetched_at": "2025-07-13T14:39:32.007616+00:00", "symbol": "BTC-USD"}, {"trade_id": 848246682, "side": "buy", "size": "0.00336402", "price": "118905.22000000", "time": "2025-07-13T14:39:14.903934Z", "fetched_at": "2025-07-13T14:39:32.007616+00:00", "symbol": "BTC-USD"}, {"trade_id": 848246681, "side": "buy", "size": "0.00027179", "price": "118905.22000000", "time": "2025-07-13T14:39:14.660593Z", "fetched_at": "2025-07-13T14:39:32.007616+00:00", "symbol": "BTC-USD"}, {"trade_id": 848246680, "side": "sell", "size": "0.00121127", "price": "118910.77000000", "time": "2025-07-13T14:39:13.920675Z", "fetched_at": "2025-07-13T14:39:32.007616+00:00", "symbol": "BTC-USD"}, {"trade_id": 848246679, "side": "sell", "size": "0.00000361", "price": "118905.23000000", "time": "2025-07-13T14:39:13.920675Z", "fetched_at": "2025-07-13T14:39:32.007616+00:00", "symbol": "BTC-USD"}, {"trade_id": 848246678, "side": "buy", "size": "0.00003000", "price": "118899.56000000", "time": "2025-07-13T14:39:13.547447Z", "fetched_at": "2025-07-13T14:39:32.007616+00:00", "symbol": "BTC-USD"}, {"trade_id": 848246677, "side": "buy", "size": "0.00008440", "price": "118899.56000000", "time": "2025-07-13T14:39:13.535488Z", "fetched_at": "2025-07-13T14:39:32.007616+00:00", "symbol": "BTC-USD"}, {"trade_id": 848246676, "side": "sell", "size": "0.00007700", "price": "118905.23000000", "time": "2025-07-13T14:39:13.455110Z", "fetched_at": "2025-07-13T14:39:32.007616+00:00", "symbol": "BTC-USD"}, {"trade_id": 848246675, "side": "sell", "size": "0.00008248", "price": "118905.22000000", "time": "2025-07-13T14:39:13.455110Z", "fetched_at": "2025-07-13T14:39:32.007616+00:00", "symbol": "BTC-USD"}, {"trade_id": 848246674, "side": "sell", "size": "0.02560000", "price": "118901.07000000", "time": "2025-07-13T14:39:13.433600Z", "fetched_at": "2025-07-13T14:39:32.007616+00:00", "symbol": "BTC-USD"}, {"trade_id": 848246673, "side": "sell", "size": "0.00008248", "price": "118897.62000000", "time": "2025-07-13T14:39:13.433600Z", "fetched_at": "2025-07-13T14:39:32.007616+00:00", "symbol": "BTC-USD"}, {"trade_id": 848246672, "side": "sell", "size": "0.00001605", "price": "118897.41000000", "time": "2025-07-13T14:39:13.433600Z", "fetched_at": "2025-07-13T14:39:32.007616+00:00", "symbol": "BTC-USD"}, {"trade_id": 848246671, "side": "sell", "size": "0.00001000", "price": "118896.94000000", "time": "2025-07-13T14:39:13.433600Z", "fetched_at": "2025-07-13T14:39:32.007616+00:00", "symbol": "BTC-USD"}, {"trade_id": 848246670, "side": "sell", "size": "0.00001518", "price": "118896.94000000", "time": "2025-07-13T14:39:12.778400Z", "fetched_at": "2025-07-13T14:39:32.007616+00:00", "symbol": "BTC-USD"}, {"trade_id": 848246669, "side": "sell", "size": "0.00018422", "price": "118890.20000000", "time": "2025-07-13T14:39:12.778400Z", "fetched_at": "2025-07-13T14:39:32.007616+00:00", "symbol": "BTC-USD"}, {"trade_id": 848246668, "side": "sell", "size": "0.00000578", "price": "118890.20000000", "time": "2025-07-13T14:39:12.745482Z", "fetched_at": "2025-07-13T14:39:32.007616+00:00", "symbol": "BTC-USD"}, {"trade_id": 848246667, "side": "sell", "size": "0.00079775", "price": "118890.20000000", "time": "2025-07-13T14:39:12.391764Z", "fetched_at": "2025-07-13T14:39:32.007616+00:00", "symbol": "BTC-USD"}, {"trade_id": 848246666, "side": "buy", "size": "0.00431278", "price": "118887.53000000", "time": "2025-07-13T14:39:12.019338Z", "fetched_at": "2025-07-13T14:39:32.007616+00:00", "symbol": "BTC-USD"}, {"trade_id": 848246665, "side": "buy", "size": "0.00841110", "price": "118890.40000000", "time": "2025-07-13T14:39:12.019338Z", "fetched_at": "2025-07-13T14:39:32.007616+00:00", "symbol": "BTC-USD"}, {"trade_id": 848246664, "side": "buy", "size": "0.00001797", "price": "118890.41000000", "time": "2025-07-13T14:39:12.019338Z", "fetched_at": "2025-07-13T14:39:32.007616+00:00", "symbol": "BTC-USD"}, {"trade_id": 848246663, "side": "sell", "size": "0.00064500", "price": "118887.42000000", "time": "2025-07-13T14:39:11.633490Z", "fetched_at": "2025-07-13T14:39:32.007616+00:00", "symbol": "BTC-USD"}, {"trade_id": 848246662, "side": "sell", "size": "0.00000831", "price": "118887.42000000", "time": "2025-07-13T14:39:11.633490Z", "fetched_at": "2025-07-13T14:39:32.007616+00:00", "symbol": "BTC-USD"}, {"trade_id": 848246661, "side": "sell", "size": "0.00000408", "price": "118887.42000000", "time": "2025-07-13T14:39:11.312434Z", "fetched_at": "2025-07-13T14:39:32.007616+00:00", "symbol": "BTC-USD"}, {"trade_id": 848246660, "side": "buy", "size": "0.00011265", "price": "118887.41000000", "time": "2025-07-13T14:39:11.169713Z", "fetched_at": "2025-07-13T14:39:32.007616+00:00", "symbol": "BTC-USD"}, {"trade_id": 848246659, "side": "buy", "size": "0.00838132", "price": "118888.25000000", "time": "2025-07-13T14:39:10.997550Z", "fetched_at": "2025-07-13T14:39:32.007616+00:00", "symbol": "BTC-USD"}, {"trade_id": 848246658, "side": "buy", "size": "0.05699942", "price": "118889.20000000", "time": "2025-07-13T14:39:10.997550Z", "fetched_at": "2025-07-13T14:39:32.007616+00:00", "symbol": "BTC-USD"}, {"trade_id": 848246657, "side": "buy", "size": "0.00001813", "price": "118889.21000000", "time": "2025-07-13T14:39:10.997550Z", "fetched_at": "2025-07-13T14:39:32.007616+00:00", "symbol": "BTC-USD"}, {"trade_id": 848246656, "side": "buy", "size": "0.00000117", "price": "118893.39000000", "time": "2025-07-13T14:39:10.997550Z", "fetched_at": "2025-07-13T14:39:32.007616+00:00", "symbol": "BTC-USD"}, {"trade_id": 848246655, "side": "buy", "size": "0.05149996", "price": "118893.40000000", "time": "2025-07-13T14:39:10.997550Z", "fetched_at": "2025-07-13T14:39:32.007616+00:00", "symbol": "BTC-USD"}, {"trade_id": 848246654, "side": "sell", "size": "0.00155169", "price": "118902.18000000", "time": "2025-07-13T14:39:10.038332Z", "fetched_at": "2025-07-13T14:39:32.007616+00:00", "symbol": "BTC-USD"}, {"trade_id": 848246653, "side": "sell", "size": "0.00008247", "price": "118902.17000000", "time": "2025-07-13T14:39:10.038332Z", "fetched_at": "2025-07-13T14:39:32.007616+00:00", "symbol": "BTC-USD"}, {"trade_id": 848246652, "side": "sell", "size": "0.02990050", "price": "118902.30000000", "time": "2025-07-13T14:39:09.798932Z", "fetched_at": "2025-07-13T14:39:32.007616+00:00", "symbol": "BTC-USD"}, {"trade_id": 848246651, "side": "sell", "size": "0.09083233", "price": "118902.29000000", "time": "2025-07-13T14:39:09.798932Z", "fetched_at": "2025-07-13T14:39:32.007616+00:00", "symbol": "BTC-USD"}, {"trade_id": 848246650, "side": "sell", "size": "0.00008247", "price": "118898.68000000", "time": "2025-07-13T14:39:09.798932Z", "fetched_at": "2025-07-13T14:39:32.007616+00:00", "symbol": "BTC-USD"}, {"trade_id": 848246649, "side": "sell", "size": "0.00113127", "price": "118898.09000000", "time": "2025-07-13T14:39:09.798932Z", "fetched_at": "2025-07-13T14:39:32.007616+00:00", "symbol": "BTC-USD"}, {"trade_id": 848246648, "side": "sell", "size": "0.00046411", "price": "118897.93000000", "time": "2025-07-13T14:39:09.798932Z", "fetched_at": "2025-07-13T14:39:32.007616+00:00", "symbol": "BTC-USD"}, {"trade_id": 848246647, "side": "sell", "size": "0.00104424", "price": "118897.93000000", "time": "2025-07-13T14:39:09.798932Z", "fetched_at": "2025-07-13T14:39:32.007616+00:00", "symbol": "BTC-USD"}, {"trade_id": 848246646, "side": "sell", "size": "0.00139233", "price": "118897.89000000", "time": "2025-07-13T14:39:09.798932Z", "fetched_at": "2025-07-13T14:39:32.007616+00:00", "symbol": "BTC-USD"}, {"trade_id": 848246645, "side": "buy", "size": "0.00010538", "price": "118885.84000000", "time": "2025-07-13T14:39:09.383678Z", "fetched_at": "2025-07-13T14:39:32.007616+00:00", "symbol": "BTC-USD"}, {"trade_id": 848246644, "side": "buy", "size": "0.00001007", "price": "118897.62000000", "time": "2025-07-13T14:39:09.383678Z", "fetched_at": "2025-07-13T14:39:32.007616+00:00", "symbol": "BTC-USD"}, {"trade_id": 848246643, "side": "sell", "size": "0.01954669", "price": "118903.75000000", "time": "2025-07-13T14:39:09.348480Z", "fetched_at": "2025-07-13T14:39:32.007616+00:00", "symbol": "BTC-USD"}, {"trade_id": 848246642, "side": "sell", "size": "0.00091350", "price": "118897.85000000", "time": "2025-07-13T14:39:09.348480Z", "fetched_at": "2025-07-13T14:39:32.007616+00:00", "symbol": "BTC-USD"}, {"trade_id": 848246641, "side": "sell", "size": "0.00012715", "price": "118897.84000000", "time": "2025-07-13T14:39:09.348480Z", "fetched_at": "2025-07-13T14:39:32.007616+00:00", "symbol": "BTC-USD"}, {"trade_id": 848246640, "side": "sell", "size": "0.00068512", "price": "118897.83000000", "time": "2025-07-13T14:39:09.348480Z", "fetched_at": "2025-07-13T14:39:32.007616+00:00", "symbol": "BTC-USD"}, {"trade_id": 848246639, "side": "sell", "size": "0.00030487", "price": "118897.81000000", "time": "2025-07-13T14:39:09.348480Z", "fetched_at": "2025-07-13T14:39:32.007616+00:00", "symbol": "BTC-USD"}, {"trade_id": 848246638, "side": "sell", "size": "0.00007152", "price": "118897.81000000", "time": "2025-07-13T14:39:09.348480Z", "fetched_at": "2025-07-13T14:39:32.007616+00:00", "symbol": "BTC-USD"}, {"trade_id": 848246637, "side": "sell", "size": "0.00060830", "price": "118897.80000000", "time": "2025-07-13T14:39:09.348480Z", "fetched_at": "2025-07-13T14:39:32.007616+00:00", "symbol": "BTC-USD"}, {"trade_id": 848246636, "side": "sell", "size": "0.00009536", "price": "118897.75000000", "time": "2025-07-13T14:39:09.348480Z", "fetched_at": "2025-07-13T14:39:32.007616+00:00", "symbol": "BTC-USD"}, {"trade_id": 848246635, "side": "sell", "size": "0.00069579", "price": "118897.71000000", "time": "2025-07-13T14:39:09.348480Z", "fetched_at": "2025-07-13T14:39:32.007616+00:00", "symbol": "BTC-USD"}, {"trade_id": 848246634, "side": "sell", "size": "0.00065601", "price": "118897.64000000", "time": "2025-07-13T14:39:09.348480Z", "fetched_at": "2025-07-13T14:39:32.007616+00:00", "symbol": "BTC-USD"}, {"trade_id": 848246633, "side": "sell", "size": "0.01343000", "price": "118897.63000000", "time": "2025-07-13T14:39:09.348480Z", "fetched_at": "2025-07-13T14:39:32.007616+00:00", "symbol": "BTC-USD"}, {"trade_id": 848246632, "side": "sell", "size": "0.00032248", "price": "118897.63000000", "time": "2025-07-13T14:39:09.348480Z", "fetched_at": "2025-07-13T14:39:32.007616+00:00", "symbol": "BTC-USD"}, {"trade_id": 848246631, "side": "buy", "size": "0.00042000", "price": "118905.26000000", "time": "2025-07-13T14:39:09.208797Z", "fetched_at": "2025-07-13T14:39:32.007616+00:00", "symbol": "BTC-USD"}, {"trade_id": 848246630, "side": "buy", "size": "0.00021230", "price": "118905.26000000", "time": "2025-07-13T14:39:09.015446Z", "fetched_at": "2025-07-13T14:39:32.007616+00:00", "symbol": "BTC-USD"}, {"trade_id": 848246629, "side": "sell", "size": "0.00053162", "price": "118910.45000000", "time": "2025-07-13T14:39:08.985152Z", "fetched_at": "2025-07-13T14:39:32.007616+00:00", "symbol": "BTC-USD"}, {"trade_id": 848246628, "side": "sell", "size": "0.00007446", "price": "118910.44000000", "time": "2025-07-13T14:39:08.985152Z", "fetched_at": "2025-07-13T14:39:32.007616+00:00", "symbol": "BTC-USD"}, {"trade_id": 848246627, "side": "sell", "size": "0.00021100", "price": "118899.79000000", "time": "2025-07-13T14:39:08.985152Z", "fetched_at": "2025-07-13T14:39:32.007616+00:00", "symbol": "BTC-USD"}, {"trade_id": 848246626, "side": "buy", "size": "0.00206360", "price": "118896.68000000", "time": "2025-07-13T14:39:08.856674Z", "fetched_at": "2025-07-13T14:39:32.007616+00:00", "symbol": "BTC-USD"}, {"trade_id": 848246625, "side": "buy", "size": "0.00001118", "price": "118896.69000000", "time": "2025-07-13T14:39:08.856674Z", "fetched_at": "2025-07-13T14:39:32.007616+00:00", "symbol": "BTC-USD"}, {"trade_id": 848246624, "side": "buy", "size": "0.00002765", "price": "118899.78000000", "time": "2025-07-13T14:39:08.856674Z", "fetched_at": "2025-07-13T14:39:32.007616+00:00", "symbol": "BTC-USD"}, {"trade_id": 848246623, "side": "buy", "size": "0.00001409", "price": "118896.38000000", "time": "2025-07-13T14:39:08.440751Z", "fetched_at": "2025-07-13T14:39:32.007616+00:00", "symbol": "BTC-USD"}, {"trade_id": 848246622, "side": "buy", "size": "0.00001073", "price": "118896.39000000", "time": "2025-07-13T14:39:08.440751Z", "fetched_at": "2025-07-13T14:39:32.007616+00:00", "symbol": "BTC-USD"}, {"trade_id": 848246621, "side": "buy", "size": "0.00002114", "price": "118908.16000000", "time": "2025-07-13T14:39:08.440751Z", "fetched_at": "2025-07-13T14:39:32.007616+00:00", "symbol": "BTC-USD"}, {"trade_id": 848246620, "side": "buy", "size": "0.00000344", "price": "118910.52000000", "time": "2025-07-13T14:39:08.440751Z", "fetched_at": "2025-07-13T14:39:32.007616+00:00", "symbol": "BTC-USD"}, {"trade_id": 848246619, "side": "sell", "size": "0.03751989", "price": "118910.53000000", "time": "2025-07-13T14:39:08.332986Z", "fetched_at": "2025-07-13T14:39:32.007616+00:00", "symbol": "BTC-USD"}, {"trade_id": 848246618, "side": "sell", "size": "0.00119100", "price": "118910.53000000", "time": "2025-07-13T14:39:08.332986Z", "fetched_at": "2025-07-13T14:39:32.007616+00:00", "symbol": "BTC-USD"}, {"trade_id": 848246617, "side": "sell", "size": "0.00214217", "price": "118910.53000000", "time": "2025-07-13T14:39:08.332986Z", "fetched_at": "2025-07-13T14:39:32.007616+00:00", "symbol": "BTC-USD"}, {"trade_id": 848246616, "side": "sell", "size": "0.00022879", "price": "118910.53000000", "time": "2025-07-13T14:39:08.190237Z", "fetched_at": "2025-07-13T14:39:32.007616+00:00", "symbol": "BTC-USD"}, {"trade_id": 848246615, "side": "sell", "size": "0.00685760", "price": "118910.53000000", "time": "2025-07-13T14:39:07.878636Z", "fetched_at": "2025-07-13T14:39:32.007616+00:00", "symbol": "BTC-USD"}, {"trade_id": 848246614, "side": "buy", "size": "0.00021027", "price": "118910.52000000", "time": "2025-07-13T14:39:07.816184Z", "fetched_at": "2025-07-13T14:39:32.007616+00:00", "symbol": "BTC-USD"}, {"trade_id": 848246613, "side": "sell", "size": "0.00420144", "price": "118910.53000000", "time": "2025-07-13T14:39:07.784559Z", "fetched_at": "2025-07-13T14:39:32.007616+00:00", "symbol": "BTC-USD"}, {"trade_id": 848246612, "side": "sell", "size": "0.00081705", "price": "118911.42000000", "time": "2025-07-13T14:39:07.419825Z", "fetched_at": "2025-07-13T14:39:32.007616+00:00", "symbol": "BTC-USD"}, {"trade_id": 848246611, "side": "sell", "size": "0.00081704", "price": "118914.29000000", "time": "2025-07-13T14:39:07.069337Z", "fetched_at": "2025-07-13T14:39:32.007616+00:00", "symbol": "BTC-USD"}, {"trade_id": 848246610, "side": "buy", "size": "0.00000900", "price": "118914.28000000", "time": "2025-07-13T14:39:06.982994Z", "fetched_at": "2025-07-13T14:39:32.007616+00:00", "symbol": "BTC-USD"}, {"trade_id": 848246609, "side": "buy", "size": "0.00496941", "price": "118910.96000000", "time": "2025-07-13T14:39:06.543287Z", "fetched_at": "2025-07-13T14:39:32.007616+00:00", "symbol": "BTC-USD"}, {"trade_id": 848246608, "side": "buy", "size": "0.00001153", "price": "118915.37000000", "time": "2025-07-13T14:39:06.543287Z", "fetched_at": "2025-07-13T14:39:32.007616+00:00", "symbol": "BTC-USD"}, {"trade_id": 848246607, "side": "sell", "size": "0.00004100", "price": "118926.06000000", "time": "2025-07-13T14:39:05.973869Z", "fetched_at": "2025-07-13T14:39:32.007616+00:00", "symbol": "BTC-USD"}, {"trade_id": 848246606, "side": "sell", "size": "0.00796050", "price": "118926.10000000", "time": "2025-07-13T14:39:05.736672Z", "fetched_at": "2025-07-13T14:39:32.007616+00:00", "symbol": "BTC-USD"}, {"trade_id": 848246605, "side": "sell", "size": "0.00008246", "price": "118926.09000000", "time": "2025-07-13T14:39:05.736672Z", "fetched_at": "2025-07-13T14:39:32.007616+00:00", "symbol": "BTC-USD"}, {"trade_id": 848246604, "side": "sell", "size": "0.00000698", "price": "118917.53000000", "time": "2025-07-13T14:39:05.736672Z", "fetched_at": "2025-07-13T14:39:32.007616+00:00", "symbol": "BTC-USD"}, {"trade_id": 848246603, "side": "sell", "size": "0.00001033", "price": "118917.53000000", "time": "2025-07-13T14:39:05.736672Z", "fetched_at": "2025-07-13T14:39:32.007616+00:00", "symbol": "BTC-USD"}, {"trade_id": 848246602, "side": "sell", "size": "0.00438900", "price": "118915.13000000", "time": "2025-07-13T14:39:05.736672Z", "fetched_at": "2025-07-13T14:39:32.007616+00:00", "symbol": "BTC-USD"}, {"trade_id": 848246601, "side": "sell", "size": "0.01343000", "price": "118915.12000000", "time": "2025-07-13T14:39:05.736672Z", "fetched_at": "2025-07-13T14:39:32.007616+00:00", "symbol": "BTC-USD"}, {"trade_id": 848246600, "side": "sell", "size": "0.00008247", "price": "118908.16000000", "time": "2025-07-13T14:39:05.066203Z", "fetched_at": "2025-07-13T14:39:32.007616+00:00", "symbol": "BTC-USD"}, {"trade_id": 848246599, "side": "sell", "size": "0.00028249", "price": "118915.14000000", "time": "2025-07-13T14:39:04.924450Z", "fetched_at": "2025-07-13T14:39:32.007616+00:00", "symbol": "BTC-USD"}, {"trade_id": 848246598, "side": "sell", "size": "0.00001747", "price": "118927.37000000", "time": "2025-07-13T14:39:04.806840Z", "fetched_at": "2025-07-13T14:39:32.007616+00:00", "symbol": "BTC-USD"}, {"trade_id": 848246597, "side": "sell", "size": "0.00001543", "price": "118927.02000000", "time": "2025-07-13T14:39:04.806840Z", "fetched_at": "2025-07-13T14:39:32.007616+00:00", "symbol": "BTC-USD"}, {"trade_id": 848246596, "side": "sell", "size": "0.00000463", "price": "118921.70000000", "time": "2025-07-13T14:39:04.806840Z", "fetched_at": "2025-07-13T14:39:32.007616+00:00", "symbol": "BTC-USD"}, {"trade_id": 848246595, "side": "sell", "size": "0.00008247", "price": "118917.53000000", "time": "2025-07-13T14:39:04.806840Z", "fetched_at": "2025-07-13T14:39:32.007616+00:00", "symbol": "BTC-USD"}, {"trade_id": 848246594, "side": "sell", "size": "0.02589300", "price": "118908.12000000", "time": "2025-07-13T14:39:04.640481Z", "fetched_at": "2025-07-13T14:39:32.007616+00:00", "symbol": "BTC-USD"}, {"trade_id": 848246593, "side": "sell", "size": "0.00000619", "price": "118915.33000000", "time": "2025-07-13T14:39:04.635626Z", "fetched_at": "2025-07-13T14:39:32.007616+00:00", "symbol": "BTC-USD"}, {"trade_id": 848246592, "side": "sell", "size": "0.09566000", "price": "118915.33000000", "time": "2025-07-13T14:39:04.635402Z", "fetched_at": "2025-07-13T14:39:32.007616+00:00", "symbol": "BTC-USD"}, {"trade_id": 848246591, "side": "sell", "size": "0.05000000", "price": "118915.32000000", "time": "2025-07-13T14:39:04.633033Z", "fetched_at": "2025-07-13T14:39:32.007616+00:00", "symbol": "BTC-USD"}, {"trade_id": 848246590, "side": "sell", "size": "0.06052693", "price": "118908.79000000", "time": "2025-07-13T14:39:04.627263Z", "fetched_at": "2025-07-13T14:39:32.007616+00:00", "symbol": "BTC-USD"}, {"trade_id": 848246589, "side": "sell", "size": "0.02571572", "price": "118908.11000000", "time": "2025-07-13T14:39:04.627263Z", "fetched_at": "2025-07-13T14:39:32.007616+00:00", "symbol": "BTC-USD"}, {"trade_id": 848246588, "side": "sell", "size": "0.00008247", "price": "118908.10000000", "time": "2025-07-13T14:39:04.627263Z", "fetched_at": "2025-07-13T14:39:32.007616+00:00", "symbol": "BTC-USD"}, {"trade_id": 848246587, "side": "sell", "size": "0.01707566", "price": "118908.13000000", "time": "2025-07-13T14:39:04.274047Z", "fetched_at": "2025-07-13T14:39:32.007616+00:00", "symbol": "BTC-USD"}, {"trade_id": 848246586, "side": "sell", "size": "0.00008246", "price": "118908.12000000", "time": "2025-07-13T14:39:04.274047Z", "fetched_at": "2025-07-13T14:39:32.007616+00:00", "symbol": "BTC-USD"}, {"trade_id": 848246585, "side": "sell", "size": "0.00006376", "price": "118900.82000000", "time": "2025-07-13T14:39:03.493981Z", "fetched_at": "2025-07-13T14:39:32.007616+00:00", "symbol": "BTC-USD"}, {"trade_id": 848246584, "side": "buy", "size": "0.02615537", "price": "118900.81000000", "time": "2025-07-13T14:39:03.345592Z", "fetched_at": "2025-07-13T14:39:32.007616+00:00", "symbol": "BTC-USD"}, {"trade_id": 848246583, "side": "sell", "size": "0.00000815", "price": "118914.49000000", "time": "2025-07-13T14:39:03.043944Z", "fetched_at": "2025-07-13T14:39:32.007616+00:00", "symbol": "BTC-USD"}, {"trade_id": 848246582, "side": "buy", "size": "0.07975565", "price": "118919.84000000", "time": "2025-07-13T14:39:03.033967Z", "fetched_at": "2025-07-13T14:39:32.007616+00:00", "symbol": "BTC-USD"}, {"trade_id": 848246581, "side": "sell", "size": "0.00008703", "price": "118919.85000000", "time": "2025-07-13T14:39:02.993932Z", "fetched_at": "2025-07-13T14:39:32.007616+00:00", "symbol": "BTC-USD"}, {"trade_id": 848246580, "side": "sell", "size": "0.00008248", "price": "118917.63000000", "time": "2025-07-13T14:39:02.852616Z", "fetched_at": "2025-07-13T14:39:32.007616+00:00", "symbol": "BTC-USD"}, {"trade_id": 848246579, "side": "sell", "size": "0.05467135", "price": "118900.90000000", "time": "2025-07-13T14:39:02.777967Z", "fetched_at": "2025-07-13T14:39:32.007616+00:00", "symbol": "BTC-USD"}, {"trade_id": 848246578, "side": "sell", "size": "0.04099484", "price": "118900.90000000", "time": "2025-07-13T14:39:02.777672Z", "fetched_at": "2025-07-13T14:39:32.007616+00:00", "symbol": "BTC-USD"}, {"trade_id": 848246577, "side": "sell", "size": "0.00000693", "price": "118899.59000000", "time": "2025-07-13T14:39:02.777647Z", "fetched_at": "2025-07-13T14:39:32.007616+00:00", "symbol": "BTC-USD"}, {"trade_id": 848246576, "side": "sell", "size": "0.24893692", "price": "118899.59000000", "time": "2025-07-13T14:39:02.777636Z", "fetched_at": "2025-07-13T14:39:32.007616+00:00", "symbol": "BTC-USD"}, {"trade_id": 848246575, "side": "sell", "size": "0.13035615", "price": "118899.59000000", "time": "2025-07-13T14:39:02.777023Z", "fetched_at": "2025-07-13T14:39:32.007616+00:00", "symbol": "BTC-USD"}, {"trade_id": 848246574, "side": "sell", "size": "0.00000693", "price": "118898.55000000", "time": "2025-07-13T14:39:02.777023Z", "fetched_at": "2025-07-13T14:39:32.007616+00:00", "symbol": "BTC-USD"}, {"trade_id": 848246573, "side": "sell", "size": "0.06052000", "price": "118898.55000000", "time": "2025-07-13T14:39:02.774116Z", "fetched_at": "2025-07-13T14:39:32.007616+00:00", "symbol": "BTC-USD"}, {"trade_id": 848246572, "side": "sell", "size": "0.05092692", "price": "118895.71000000", "time": "2025-07-13T14:39:02.752818Z", "fetched_at": "2025-07-13T14:39:32.007616+00:00", "symbol": "BTC-USD"}, {"trade_id": 848246571, "side": "sell", "size": "0.00000308", "price": "118894.76000000", "time": "2025-07-13T14:39:02.752818Z", "fetched_at": "2025-07-13T14:39:32.007616+00:00", "symbol": "BTC-USD"}, {"trade_id": 848246570, "side": "sell", "size": "0.02277000", "price": "118894.76000000", "time": "2025-07-13T14:39:02.752482Z", "fetched_at": "2025-07-13T14:39:32.007616+00:00", "symbol": "BTC-USD"}, {"trade_id": 848246569, "side": "sell", "size": "0.02042581", "price": "118894.76000000", "time": "2025-07-13T14:39:02.714886Z", "fetched_at": "2025-07-13T14:39:32.007616+00:00", "symbol": "BTC-USD"}, {"trade_id": 848246568, "side": "sell", "size": "0.00008818", "price": "118889.34000000", "time": "2025-07-13T14:39:02.583159Z", "fetched_at": "2025-07-13T14:39:32.007616+00:00", "symbol": "BTC-USD"}, {"trade_id": 848246567, "side": "sell", "size": "0.00032308", "price": "118893.03000000", "time": "2025-07-13T14:39:02.451194Z", "fetched_at": "2025-07-13T14:39:32.007616+00:00", "symbol": "BTC-USD"}, {"trade_id": 848246566, "side": "buy", "size": "0.07887672", "price": "118880.01000000", "time": "2025-07-13T14:39:02.363040Z", "fetched_at": "2025-07-13T14:39:32.007616+00:00", "symbol": "BTC-USD"}, {"trade_id": 848246565, "side": "buy", "size": "0.00043737", "price": "118880.02000000", "time": "2025-07-13T14:39:02.363040Z", "fetched_at": "2025-07-13T14:39:32.007616+00:00", "symbol": "BTC-USD"}, {"trade_id": 848246564, "side": "buy", "size": "0.01000000", "price": "118880.03000000", "time": "2025-07-13T14:39:02.363040Z", "fetched_at": "2025-07-13T14:39:32.007616+00:00", "symbol": "BTC-USD"}, {"trade_id": 848246563, "side": "buy", "size": "0.00841144", "price": "118885.70000000", "time": "2025-07-13T14:39:02.363040Z", "fetched_at": "2025-07-13T14:39:32.007616+00:00", "symbol": "BTC-USD"}, {"trade_id": 848246562, "side": "buy", "size": "0.00001000", "price": "118885.76000000", "time": "2025-07-13T14:39:02.363040Z", "fetched_at": "2025-07-13T14:39:32.007616+00:00", "symbol": "BTC-USD"}, {"trade_id": 848246561, "side": "buy", "size": "0.00000344", "price": "118890.22000000", "time": "2025-07-13T14:39:02.363040Z", "fetched_at": "2025-07-13T14:39:32.007616+00:00", "symbol": "BTC-USD"}, {"trade_id": 848246560, "side": "buy", "size": "0.00000117", "price": "118890.22000000", "time": "2025-07-13T14:39:02.363040Z", "fetched_at": "2025-07-13T14:39:32.007616+00:00", "symbol": "BTC-USD"}, {"trade_id": 848246559, "side": "sell", "size": "0.00001923", "price": "118890.24000000", "time": "2025-07-13T14:39:02.245245Z", "fetched_at": "2025-07-13T14:39:32.007616+00:00", "symbol": "BTC-USD"}, {"trade_id": 848246558, "side": "buy", "size": "0.00000849", "price": "118890.22000000", "time": "2025-07-13T14:39:01.418220Z", "fetched_at": "2025-07-13T14:39:32.007616+00:00", "symbol": "BTC-USD"}, {"trade_id": 848246557, "side": "sell", "size": "0.00083221", "price": "118895.77000000", "time": "2025-07-13T14:39:01.379596Z", "fetched_at": "2025-07-13T14:39:32.007616+00:00", "symbol": "BTC-USD"}, {"trade_id": 848246556, "side": "sell", "size": "0.00832156", "price": "118899.55000000", "time": "2025-07-13T14:39:00.947845Z", "fetched_at": "2025-07-13T14:39:32.007616+00:00", "symbol": "BTC-USD"}, {"trade_id": 848246555, "side": "buy", "size": "0.00200000", "price": "118899.54000000", "time": "2025-07-13T14:39:00.678989Z", "fetched_at": "2025-07-13T14:39:32.007616+00:00", "symbol": "BTC-USD"}, {"trade_id": 848246554, "side": "buy", "size": "0.00509425", "price": "118899.54000000", "time": "2025-07-13T14:39:00.498597Z", "fetched_at": "2025-07-13T14:39:32.007616+00:00", "symbol": "BTC-USD"}, {"trade_id": 848246553, "side": "sell", "size": "0.00000008", "price": "118899.55000000", "time": "2025-07-13T14:39:00.463167Z", "fetched_at": "2025-07-13T14:39:32.007616+00:00", "symbol": "BTC-USD"}, {"trade_id": 848246552, "side": "sell", "size": "0.00004153", "price": "118899.55000000", "time": "2025-07-13T14:39:00.438774Z", "fetched_at": "2025-07-13T14:39:32.007616+00:00", "symbol": "BTC-USD"}, {"trade_id": 848246551, "side": "sell", "size": "0.00012486", "price": "118899.55000000", "time": "2025-07-13T14:39:00.366676Z", "fetched_at": "2025-07-13T14:39:32.007616+00:00", "symbol": "BTC-USD"}, {"trade_id": 848246550, "side": "sell", "size": "0.00106495", "price": "118899.55000000", "time": "2025-07-13T14:39:00.350077Z", "fetched_at": "2025-07-13T14:39:32.007616+00:00", "symbol": "BTC-USD"}, {"trade_id": 848246549, "side": "sell", "size": "0.00083202", "price": "118911.38000000", "time": "2025-07-13T14:38:59.936555Z", "fetched_at": "2025-07-13T14:39:32.007616+00:00", "symbol": "BTC-USD"}, {"trade_id": 848246548, "side": "sell", "size": "0.00214755", "price": "118911.40000000", "time": "2025-07-13T14:38:59.892890Z", "fetched_at": "2025-07-13T14:39:32.007616+00:00", "symbol": "BTC-USD"}, {"trade_id": 848246547, "side": "sell", "size": "0.00008245", "price": "118911.39000000", "time": "2025-07-13T14:38:59.892890Z", "fetched_at": "2025-07-13T14:39:32.007616+00:00", "symbol": "BTC-USD"}, {"trade_id": 848246546, "side": "buy", "size": "0.00420357", "price": "118894.29000000", "time": "2025-07-13T14:38:59.827176Z", "fetched_at": "2025-07-13T14:39:32.007616+00:00", "symbol": "BTC-USD"}, {"trade_id": 848246545, "side": "sell", "size": "0.00003954", "price": "118894.30000000", "time": "2025-07-13T14:38:59.771565Z", "fetched_at": "2025-07-13T14:39:32.007616+00:00", "symbol": "BTC-USD"}, {"trade_id": 848246544, "side": "buy", "size": "0.00001000", "price": "118894.68000000", "time": "2025-07-13T14:38:59.715199Z", "fetched_at": "2025-07-13T14:39:32.007616+00:00", "symbol": "BTC-USD"}, {"trade_id": 848246543, "side": "buy", "size": "0.04287122", "price": "118895.04000000", "time": "2025-07-13T14:38:59.715199Z", "fetched_at": "2025-07-13T14:39:32.007616+00:00", "symbol": "BTC-USD"}, {"trade_id": 848246542, "side": "buy", "size": "0.00000555", "price": "118896.66000000", "time": "2025-07-13T14:38:59.715199Z", "fetched_at": "2025-07-13T14:39:32.007616+00:00", "symbol": "BTC-USD"}, {"trade_id": 848246541, "side": "buy", "size": "0.06480000", "price": "118897.55000000", "time": "2025-07-13T14:38:59.715199Z", "fetched_at": "2025-07-13T14:39:32.007616+00:00", "symbol": "BTC-USD"}, {"trade_id": 848246540, "side": "buy", "size": "0.02673009", "price": "118897.55000000", "time": "2025-07-13T14:38:59.715199Z", "fetched_at": "2025-07-13T14:39:32.007616+00:00", "symbol": "BTC-USD"}, {"trade_id": 848246539, "side": "buy", "size": "0.12307982", "price": "118902.90000000", "time": "2025-07-13T14:38:59.715199Z", "fetched_at": "2025-07-13T14:39:32.007616+00:00", "symbol": "BTC-USD"}, {"trade_id": 848246538, "side": "buy", "size": "0.00001000", "price": "118903.60000000", "time": "2025-07-13T14:38:59.715199Z", "fetched_at": "2025-07-13T14:39:32.007616+00:00", "symbol": "BTC-USD"}, {"trade_id": 848246537, "side": "buy", "size": "0.08410154", "price": "118903.87000000", "time": "2025-07-13T14:38:59.715199Z", "fetched_at": "2025-07-13T14:39:32.007616+00:00", "symbol": "BTC-USD"}, {"trade_id": 848246536, "side": "buy", "size": "0.02656601", "price": "118903.89000000", "time": "2025-07-13T14:38:59.715199Z", "fetched_at": "2025-07-13T14:39:32.007616+00:00", "symbol": "BTC-USD"}, {"trade_id": 848246535, "side": "buy", "size": "0.04300000", "price": "118911.58000000", "time": "2025-07-13T14:38:59.715199Z", "fetched_at": "2025-07-13T14:39:32.007616+00:00", "symbol": "BTC-USD"}, {"trade_id": 848246534, "side": "buy", "size": "0.00001000", "price": "118912.52000000", "time": "2025-07-13T14:38:59.715199Z", "fetched_at": "2025-07-13T14:39:32.007616+00:00", "symbol": "BTC-USD"}, {"trade_id": 848246533, "side": "buy", "size": "0.00840920", "price": "118917.25000000", "time": "2025-07-13T14:38:59.715199Z", "fetched_at": "2025-07-13T14:39:32.007616+00:00", "symbol": "BTC-USD"}, {"trade_id": 848246532, "side": "buy", "size": "0.00000614", "price": "118917.65000000", "time": "2025-07-13T14:38:59.711701Z", "fetched_at": "2025-07-13T14:39:32.007616+00:00", "symbol": "BTC-USD"}, {"trade_id": 848246531, "side": "buy", "size": "0.01889600", "price": "118917.65000000", "time": "2025-07-13T14:38:59.711101Z", "fetched_at": "2025-07-13T14:39:32.007616+00:00", "symbol": "BTC-USD"}, {"trade_id": 848246530, "side": "buy", "size": "0.00001000", "price": "118921.44000000", "time": "2025-07-13T14:38:59.711101Z", "fetched_at": "2025-07-13T14:39:32.007616+00:00", "symbol": "BTC-USD"}, {"trade_id": 848246529, "side": "buy", "size": "0.04119400", "price": "118921.68000000", "time": "2025-07-13T14:38:59.711101Z", "fetched_at": "2025-07-13T14:39:32.007616+00:00", "symbol": "BTC-USD"}, {"trade_id": 848246528, "side": "sell", "size": "0.00040845", "price": "118921.70000000", "time": "2025-07-13T14:38:59.598530Z", "fetched_at": "2025-07-13T14:39:32.007616+00:00", "symbol": "BTC-USD"}, {"trade_id": 848246527, "side": "sell", "size": "0.00000084", "price": "118921.45000000", "time": "2025-07-13T14:38:59.549987Z", "fetched_at": "2025-07-13T14:39:32.007616+00:00", "symbol": "BTC-USD"}, {"trade_id": 848246526, "side": "sell", "size": "0.00000664", "price": "118921.45000000", "time": "2025-07-13T14:38:59.549987Z", "fetched_at": "2025-07-13T14:39:32.007616+00:00", "symbol": "BTC-USD"}, {"trade_id": 848246525, "side": "sell", "size": "0.00879945", "price": "118921.45000000", "time": "2025-07-13T14:38:59.549987Z", "fetched_at": "2025-07-13T14:39:32.007616+00:00", "symbol": "BTC-USD"}, {"trade_id": 848246524, "side": "sell", "size": "0.05000000", "price": "118921.45000000", "time": "2025-07-13T14:38:59.549969Z", "fetched_at": "2025-07-13T14:39:32.007616+00:00", "symbol": "BTC-USD"}, {"trade_id": 848246523, "side": "sell", "size": "0.00172748", "price": "118921.45000000", "time": "2025-07-13T14:38:59.264655Z", "fetched_at": "2025-07-13T14:39:32.007616+00:00", "symbol": "BTC-USD"}, {"trade_id": 848246522, "side": "sell", "size": "0.00000252", "price": "118921.45000000", "time": "2025-07-13T14:38:59.264655Z", "fetched_at": "2025-07-13T14:39:32.007616+00:00", "symbol": "BTC-USD"}, {"trade_id": 848246521, "side": "sell", "size": "0.00008108", "price": "118921.45000000", "time": "2025-07-13T14:38:59.111299Z", "fetched_at": "2025-07-13T14:39:32.007616+00:00", "symbol": "BTC-USD"}, {"trade_id": 848246520, "side": "sell", "size": "0.00006362", "price": "118930.24000000", "time": "2025-07-13T14:38:58.427751Z", "fetched_at": "2025-07-13T14:39:32.007616+00:00", "symbol": "BTC-USD"}, {"trade_id": 848246519, "side": "sell", "size": "0.02494468", "price": "118930.25000000", "time": "2025-07-13T14:38:58.301579Z", "fetched_at": "2025-07-13T14:39:32.007616+00:00", "symbol": "BTC-USD"}, {"trade_id": 848246518, "side": "sell", "size": "0.05740476", "price": "118930.24000000", "time": "2025-07-13T14:38:58.301579Z", "fetched_at": "2025-07-13T14:39:32.007616+00:00", "symbol": "BTC-USD"}, {"trade_id": 848246517, "side": "sell", "size": "0.04421449", "price": "118930.23000000", "time": "2025-07-13T14:38:58.301579Z", "fetched_at": "2025-07-13T14:39:32.007616+00:00", "symbol": "BTC-USD"}, {"trade_id": 848246516, "side": "sell", "size": "0.00008245", "price": "118930.22000000", "time": "2025-07-13T14:38:58.301579Z", "fetched_at": "2025-07-13T14:39:32.007616+00:00", "symbol": "BTC-USD"}, {"trade_id": 848246515, "side": "sell", "size": "0.00829000", "price": "118923.25000000", "time": "2025-07-13T14:38:58.301579Z", "fetched_at": "2025-07-13T14:39:32.007616+00:00", "symbol": "BTC-USD"}, {"trade_id": 848246514, "side": "sell", "size": "0.00001328", "price": "118921.45000000", "time": "2025-07-13T14:38:58.252400Z", "fetched_at": "2025-07-13T14:39:32.007616+00:00", "symbol": "BTC-USD"}, {"trade_id": 848246513, "side": "sell", "size": "0.00000420", "price": "118921.45000000", "time": "2025-07-13T14:38:58.252400Z", "fetched_at": "2025-07-13T14:39:32.007616+00:00", "symbol": "BTC-USD"}, {"trade_id": 848246512, "side": "sell", "size": "0.01217000", "price": "118921.45000000", "time": "2025-07-13T14:38:58.252400Z", "fetched_at": "2025-07-13T14:39:32.007616+00:00", "symbol": "BTC-USD"}, {"trade_id": 848246511, "side": "buy", "size": "0.00000126", "price": "118933.58000000", "time": "2025-07-13T14:38:58.100517Z", "fetched_at": "2025-07-13T14:39:32.007616+00:00", "symbol": "BTC-USD"}, {"trade_id": 848246510, "side": "buy", "size": "0.03072249", "price": "118935.24000000", "time": "2025-07-13T14:38:58.094096Z", "fetched_at": "2025-07-13T14:39:32.007616+00:00", "symbol": "BTC-USD"}, {"trade_id": 848246509, "side": "buy", "size": "0.00091094", "price": "118937.03000000", "time": "2025-07-13T14:38:58.094096Z", "fetched_at": "2025-07-13T14:39:32.007616+00:00", "symbol": "BTC-USD"}, {"trade_id": 848246508, "side": "buy", "size": "0.04208906", "price": "118937.03000000", "time": "2025-07-13T14:38:58.092805Z", "fetched_at": "2025-07-13T14:39:32.007616+00:00", "symbol": "BTC-USD"}, {"trade_id": 848246507, "side": "buy", "size": "0.00000848", "price": "118937.03000000", "time": "2025-07-13T14:38:58.092805Z", "fetched_at": "2025-07-13T14:39:32.007616+00:00", "symbol": "BTC-USD"}, {"trade_id": 848246506, "side": "buy", "size": "0.00000353", "price": "118937.03000000", "time": "2025-07-13T14:38:58.092805Z", "fetched_at": "2025-07-13T14:39:32.007616+00:00", "symbol": "BTC-USD"}, {"trade_id": 848246505, "side": "buy", "size": "0.00798781", "price": "118937.03000000", "time": "2025-07-13T14:38:58.092805Z", "fetched_at": "2025-07-13T14:39:32.007616+00:00", "symbol": "BTC-USD"}, {"trade_id": 848246504, "side": "buy", "size": "0.00042000", "price": "118937.03000000", "time": "2025-07-13T14:38:58.090954Z", "fetched_at": "2025-07-13T14:39:32.007616+00:00", "symbol": "BTC-USD"}, {"trade_id": 848246503, "side": "sell", "size": "0.00003954", "price": "118937.04000000", "time": "2025-07-13T14:38:57.470638Z", "fetched_at": "2025-07-13T14:39:32.007616+00:00", "symbol": "BTC-USD"}, {"trade_id": 848246502, "side": "sell", "size": "0.00000446", "price": "118937.04000000", "time": "2025-07-13T14:38:57.174503Z", "fetched_at": "2025-07-13T14:39:32.007616+00:00", "symbol": "BTC-USD"}, {"trade_id": 848246501, "side": "sell", "size": "0.00735204", "price": "118937.04000000", "time": "2025-07-13T14:38:57.098627Z", "fetched_at": "2025-07-13T14:39:32.007616+00:00", "symbol": "BTC-USD"}, {"trade_id": 848246500, "side": "sell", "size": "0.00090000", "price": "118937.04000000", "time": "2025-07-13T14:38:57.021820Z", "fetched_at": "2025-07-13T14:39:32.007616+00:00", "symbol": "BTC-USD"}, {"trade_id": 848246499, "side": "sell", "size": "0.00000682", "price": "118937.04000000", "time": "2025-07-13T14:38:56.940423Z", "fetched_at": "2025-07-13T14:39:32.007616+00:00", "symbol": "BTC-USD"}, {"trade_id": 848246498, "side": "sell", "size": "0.00008331", "price": "118937.04000000", "time": "2025-07-13T14:38:56.822365Z", "fetched_at": "2025-07-13T14:39:32.007616+00:00", "symbol": "BTC-USD"}, {"trade_id": 848246497, "side": "sell", "size": "0.00016334", "price": "118937.04000000", "time": "2025-07-13T14:38:56.591621Z", "fetched_at": "2025-07-13T14:39:32.007616+00:00", "symbol": "BTC-USD"}, {"trade_id": 848246496, "side": "sell", "size": "0.01217000", "price": "118933.59000000", "time": "2025-07-13T14:38:56.516923Z", "fetched_at": "2025-07-13T14:39:32.007616+00:00", "symbol": "BTC-USD"}, {"trade_id": 848246495, "side": "sell", "size": "0.00286056", "price": "118940.22000000", "time": "2025-07-13T14:38:55.747625Z", "fetched_at": "2025-07-13T14:39:32.007616+00:00", "symbol": "BTC-USD"}, {"trade_id": 848246494, "side": "sell", "size": "0.00713944", "price": "118940.22000000", "time": "2025-07-13T14:38:55.747625Z", "fetched_at": "2025-07-13T14:39:32.007616+00:00", "symbol": "BTC-USD"}, {"trade_id": 848246493, "side": "sell", "size": "0.00039864", "price": "118940.22000000", "time": "2025-07-13T14:38:55.684470Z", "fetched_at": "2025-07-13T14:39:32.007616+00:00", "symbol": "BTC-USD"}, {"trade_id": 848246492, "side": "sell", "size": "0.00222638", "price": "118940.22000000", "time": "2025-07-13T14:38:55.623059Z", "fetched_at": "2025-07-13T14:39:32.007616+00:00", "symbol": "BTC-USD"}, {"trade_id": 848246491, "side": "sell", "size": "0.00166432", "price": "118940.22000000", "time": "2025-07-13T14:38:55.286510Z", "fetched_at": "2025-07-13T14:39:32.007616+00:00", "symbol": "BTC-USD"}, {"trade_id": 848246490, "side": "buy", "size": "0.00168726", "price": "118932.55000000", "time": "2025-07-13T14:38:55.278607Z", "fetched_at": "2025-07-13T14:39:32.007616+00:00", "symbol": "BTC-USD"}, {"trade_id": 848246489, "side": "buy", "size": "0.00000109", "price": "118932.55000000", "time": "2025-07-13T14:38:55.278607Z", "fetched_at": "2025-07-13T14:39:32.007616+00:00", "symbol": "BTC-USD"}, {"trade_id": 848246488, "side": "buy", "size": "0.00001002", "price": "118940.21000000", "time": "2025-07-13T14:38:55.278607Z", "fetched_at": "2025-07-13T14:39:32.007616+00:00", "symbol": "BTC-USD"}, {"trade_id": 848246487, "side": "sell", "size": "0.00034272", "price": "118940.22000000", "time": "2025-07-13T14:38:55.047538Z", "fetched_at": "2025-07-13T14:39:32.007616+00:00", "symbol": "BTC-USD"}, {"trade_id": 848246486, "side": "sell", "size": "0.00039850", "price": "118940.22000000", "time": "2025-07-13T14:38:54.819679Z", "fetched_at": "2025-07-13T14:39:32.007616+00:00", "symbol": "BTC-USD"}, {"trade_id": 848246485, "side": "sell", "size": "0.00124831", "price": "118942.13000000", "time": "2025-07-13T14:38:54.500492Z", "fetched_at": "2025-07-13T14:39:32.007616+00:00", "symbol": "BTC-USD"}, {"trade_id": 848246484, "side": "buy", "size": "0.00212255", "price": "118946.44000000", "time": "2025-07-13T14:38:54.121796Z", "fetched_at": "2025-07-13T14:39:32.007616+00:00", "symbol": "BTC-USD"}, {"trade_id": 848246483, "side": "sell", "size": "0.00082022", "price": "118946.46000000", "time": "2025-07-13T14:38:53.963931Z", "fetched_at": "2025-07-13T14:39:32.007616+00:00", "symbol": "BTC-USD"}, {"trade_id": 848246482, "side": "sell", "size": "0.00001202", "price": "118946.46000000", "time": "2025-07-13T14:38:53.963931Z", "fetched_at": "2025-07-13T14:39:32.007616+00:00", "symbol": "BTC-USD"}, {"trade_id": 848246481, "side": "buy", "size": "0.00000898", "price": "118946.63000000", "time": "2025-07-13T14:38:53.380133Z", "fetched_at": "2025-07-13T14:39:32.007616+00:00", "symbol": "BTC-USD"}, {"trade_id": 848246480, "side": "sell", "size": "0.10372770", "price": "118938.43000000", "time": "2025-07-13T14:38:53.223471Z", "fetched_at": "2025-07-13T14:39:32.007616+00:00", "symbol": "BTC-USD"}, {"trade_id": 848246479, "side": "sell", "size": "0.00082230", "price": "118938.43000000", "time": "2025-07-13T14:38:53.013110Z", "fetched_at": "2025-07-13T14:39:32.007616+00:00", "symbol": "BTC-USD"}, {"trade_id": 848246478, "side": "sell", "size": "0.00001000", "price": "118938.43000000", "time": "2025-07-13T14:38:53.013110Z", "fetched_at": "2025-07-13T14:39:32.007616+00:00", "symbol": "BTC-USD"}, {"trade_id": 848246477, "side": "buy", "size": "0.00036146", "price": "118932.55000000", "time": "2025-07-13T14:38:52.492414Z", "fetched_at": "2025-07-13T14:39:32.007616+00:00", "symbol": "BTC-USD"}, {"trade_id": 848246476, "side": "sell", "size": "0.00001515", "price": "118938.43000000", "time": "2025-07-13T14:38:52.482316Z", "fetched_at": "2025-07-13T14:39:32.007616+00:00", "symbol": "BTC-USD"}, {"trade_id": 848246475, "side": "sell", "size": "0.00581998", "price": "118938.53000000", "time": "2025-07-13T14:38:52.269671Z", "fetched_at": "2025-07-13T14:39:32.007616+00:00", "symbol": "BTC-USD"}, {"trade_id": 848246474, "side": "sell", "size": "0.00234005", "price": "118938.52000000", "time": "2025-07-13T14:38:52.269671Z", "fetched_at": "2025-07-13T14:39:32.007616+00:00", "symbol": "BTC-USD"}, {"trade_id": 848246473, "side": "sell", "size": "0.00000841", "price": "118938.52000000", "time": "2025-07-13T14:38:52.269671Z", "fetched_at": "2025-07-13T14:39:32.007616+00:00", "symbol": "BTC-USD"}, {"trade_id": 848246472, "side": "sell", "size": "0.00127008", "price": "118932.78000000", "time": "2025-07-13T14:38:52.130294Z", "fetched_at": "2025-07-13T14:39:32.007616+00:00", "symbol": "BTC-USD"}, {"trade_id": 848246471, "side": "buy", "size": "0.00199656", "price": "118932.55000000", "time": "2025-07-13T14:38:52.129853Z", "fetched_at": "2025-07-13T14:39:32.007616+00:00", "symbol": "BTC-USD"}, {"trade_id": 848246470, "side": "buy", "size": "0.00000344", "price": "118932.66000000", "time": "2025-07-13T14:38:52.129853Z", "fetched_at": "2025-07-13T14:39:32.007616+00:00", "symbol": "BTC-USD"}, {"trade_id": 848246469, "side": "sell", "size": "0.00325130", "price": "118932.78000000", "time": "2025-07-13T14:38:52.129734Z", "fetched_at": "2025-07-13T14:39:32.007616+00:00", "symbol": "BTC-USD"}, {"trade_id": 848246468, "side": "sell", "size": "0.00299996", "price": "118932.78000000", "time": "2025-07-13T14:38:52.122401Z", "fetched_at": "2025-07-13T14:39:32.007616+00:00", "symbol": "BTC-USD"}, {"trade_id": 848246467, "side": "sell", "size": "0.00328402", "price": "118932.78000000", "time": "2025-07-13T14:38:52.118736Z", "fetched_at": "2025-07-13T14:39:32.007616+00:00", "symbol": "BTC-USD"}, {"trade_id": 848246466, "side": "sell", "size": "0.00089490", "price": "118932.78000000", "time": "2025-07-13T14:38:52.114860Z", "fetched_at": "2025-07-13T14:39:32.007616+00:00", "symbol": "BTC-USD"}, {"trade_id": 848246465, "side": "sell", "size": "0.00184032", "price": "118932.67000000", "time": "2025-07-13T14:38:52.107265Z", "fetched_at": "2025-07-13T14:39:32.007616+00:00", "symbol": "BTC-USD"}, {"trade_id": 848246464, "side": "sell", "size": "0.00309392", "price": "118932.67000000", "time": "2025-07-13T14:38:52.103857Z", "fetched_at": "2025-07-13T14:39:32.007616+00:00", "symbol": "BTC-USD"}, {"trade_id": 848246463, "side": "sell", "size": "0.04377685", "price": "118932.67000000", "time": "2025-07-13T14:38:52.100219Z", "fetched_at": "2025-07-13T14:39:32.007616+00:00", "symbol": "BTC-USD"}, {"trade_id": 848246462, "side": "sell", "size": "0.01170026", "price": "118932.67000000", "time": "2025-07-13T14:38:52.096478Z", "fetched_at": "2025-07-13T14:39:32.007616+00:00", "symbol": "BTC-USD"}, {"trade_id": 848246461, "side": "sell", "size": "0.10289865", "price": "118932.67000000", "time": "2025-07-13T14:38:52.092242Z", "fetched_at": "2025-07-13T14:39:32.007616+00:00", "symbol": "BTC-USD"}, {"trade_id": 848246460, "side": "sell", "size": "0.00000524", "price": "118932.67000000", "time": "2025-07-13T14:38:52.092242Z", "fetched_at": "2025-07-13T14:39:32.007616+00:00", "symbol": "BTC-USD"}, {"trade_id": 848246459, "side": "sell", "size": "0.01646110", "price": "118938.51000000", "time": "2025-07-13T14:38:51.450756Z", "fetched_at": "2025-07-13T14:39:32.007616+00:00", "symbol": "BTC-USD"}, {"trade_id": 848246458, "side": "sell", "size": "0.05120225", "price": "118938.50000000", "time": "2025-07-13T14:38:51.450756Z", "fetched_at": "2025-07-13T14:39:32.007616+00:00", "symbol": "BTC-USD"}, {"trade_id": 848246457, "side": "sell", "size": "0.05850129", "price": "118932.67000000", "time": "2025-07-13T14:38:51.450756Z", "fetched_at": "2025-07-13T14:39:32.007616+00:00", "symbol": "BTC-USD"}, {"trade_id": 848246456, "side": "sell", "size": "0.00000900", "price": "118932.56000000", "time": "2025-07-13T14:38:51.450756Z", "fetched_at": "2025-07-13T14:39:32.007616+00:00", "symbol": "BTC-USD"}, {"trade_id": 848246455, "side": "sell", "size": "0.00002067", "price": "118932.56000000", "time": "2025-07-13T14:38:51.450756Z", "fetched_at": "2025-07-13T14:39:32.007616+00:00", "symbol": "BTC-USD"}, {"trade_id": 848246454, "side": "buy", "size": "0.00003182", "price": "118928.97000000", "time": "2025-07-13T14:38:50.960754Z", "fetched_at": "2025-07-13T14:39:32.007616+00:00", "symbol": "BTC-USD"}, {"trade_id": 848246453, "side": "buy", "size": "0.00000851", "price": "118932.55000000", "time": "2025-07-13T14:38:50.960754Z", "fetched_at": "2025-07-13T14:39:32.007616+00:00", "symbol": "BTC-USD"}, {"trade_id": 848246452, "side": "sell", "size": "0.00081685", "price": "118939.82000000", "time": "2025-07-13T14:38:50.389402Z", "fetched_at": "2025-07-13T14:39:32.007616+00:00", "symbol": "BTC-USD"}, {"trade_id": 848246451, "side": "sell", "size": "0.01795437", "price": "118937.72000000", "time": "2025-07-13T14:38:50.343791Z", "fetched_at": "2025-07-13T14:39:32.007616+00:00", "symbol": "BTC-USD"}, {"trade_id": 848246450, "side": "sell", "size": "0.00001033", "price": "118937.61000000", "time": "2025-07-13T14:38:50.343791Z", "fetched_at": "2025-07-13T14:39:32.007616+00:00", "symbol": "BTC-USD"}, {"trade_id": 848246449, "side": "buy", "size": "0.00042036", "price": "118932.55000000", "time": "2025-07-13T14:38:50.272156Z", "fetched_at": "2025-07-13T14:39:32.007616+00:00", "symbol": "BTC-USD"}, {"trade_id": 848246448, "side": "sell", "size": "0.00008315", "price": "118937.61000000", "time": "2025-07-13T14:38:49.878043Z", "fetched_at": "2025-07-13T14:39:32.007616+00:00", "symbol": "BTC-USD"}, {"trade_id": 848246447, "side": "sell", "size": "0.00042000", "price": "118937.61000000", "time": "2025-07-13T14:38:49.776586Z", "fetched_at": "2025-07-13T14:39:32.007616+00:00", "symbol": "BTC-USD"}, {"trade_id": 848246446, "side": "sell", "size": "0.01093217", "price": "118915.00000000", "time": "2025-07-13T14:38:49.666242Z", "fetched_at": "2025-07-13T14:39:32.007616+00:00", "symbol": "BTC-USD"}, {"trade_id": 848246445, "side": "buy", "size": "0.11577551", "price": "118897.43000000", "time": "2025-07-13T14:38:49.660571Z", "fetched_at": "2025-07-13T14:39:32.007616+00:00", "symbol": "BTC-USD"}, {"trade_id": 848246444, "side": "buy", "size": "1.00927658", "price": "118897.44000000", "time": "2025-07-13T14:38:49.660571Z", "fetched_at": "2025-07-13T14:39:32.007616+00:00", "symbol": "BTC-USD"}, {"trade_id": 848246443, "side": "buy", "size": "0.06480000", "price": "118897.58000000", "time": "2025-07-13T14:38:49.660571Z", "fetched_at": "2025-07-13T14:39:32.007616+00:00", "symbol": "BTC-USD"}, {"trade_id": 848246442, "side": "buy", "size": "0.00417371", "price": "118899.00000000", "time": "2025-07-13T14:38:49.660571Z", "fetched_at": "2025-07-13T14:39:32.007616+00:00", "symbol": "BTC-USD"}, {"trade_id": 848246441, "side": "buy", "size": "0.00001695", "price": "118900.00000000", "time": "2025-07-13T14:38:49.660571Z", "fetched_at": "2025-07-13T14:39:32.007616+00:00", "symbol": "BTC-USD"}, {"trade_id": 848246440, "side": "buy", "size": "0.03338940", "price": "118900.00000000", "time": "2025-07-13T14:38:49.660571Z", "fetched_at": "2025-07-13T14:39:32.007616+00:00", "symbol": "BTC-USD"}, {"trade_id": 848246439, "side": "buy", "size": "0.10000000", "price": "118900.00000000", "time": "2025-07-13T14:38:49.660571Z", "fetched_at": "2025-07-13T14:39:32.007616+00:00", "symbol": "BTC-USD"}, {"trade_id": 848246438, "side": "buy", "size": "0.00020995", "price": "118900.00000000", "time": "2025-07-13T14:38:49.660571Z", "fetched_at": "2025-07-13T14:39:32.007616+00:00", "symbol": "BTC-USD"}, {"trade_id": 848246437, "side": "buy", "size": "0.08000000", "price": "118900.61000000", "time": "2025-07-13T14:38:49.660571Z", "fetched_at": "2025-07-13T14:39:32.007616+00:00", "symbol": "BTC-USD"}, {"trade_id": 848246436, "side": "buy", "size": "0.04000000", "price": "118900.61000000", "time": "2025-07-13T14:38:49.660571Z", "fetched_at": "2025-07-13T14:39:32.007616+00:00", "symbol": "BTC-USD"}, {"trade_id": 848246435, "side": "buy", "size": "0.02000000", "price": "118900.61000000", "time": "2025-07-13T14:38:49.660571Z", "fetched_at": "2025-07-13T14:39:32.007616+00:00", "symbol": "BTC-USD"}, {"trade_id": 848246434, "side": "buy", "size": "0.05335360", "price": "118900.62000000", "time": "2025-07-13T14:38:49.660571Z", "fetched_at": "2025-07-13T14:39:32.007616+00:00", "symbol": "BTC-USD"}, {"trade_id": 848246433, "side": "buy", "size": "0.00001000", "price": "118902.95000000", "time": "2025-07-13T14:38:49.660571Z", "fetched_at": "2025-07-13T14:39:32.007616+00:00", "symbol": "BTC-USD"}, {"trade_id": 848246432, "side": "buy", "size": "0.08410154", "price": "118903.87000000", "time": "2025-07-13T14:38:49.660571Z", "fetched_at": "2025-07-13T14:39:32.007616+00:00", "symbol": "BTC-USD"}, {"trade_id": 848246431, "side": "buy", "size": "0.05299058", "price": "118903.88000000", "time": "2025-07-13T14:38:49.660571Z", "fetched_at": "2025-07-13T14:39:32.007616+00:00", "symbol": "BTC-USD"}, {"trade_id": 848246430, "side": "buy", "size": "0.13314093", "price": "118903.88000000", "time": "2025-07-13T14:38:49.660571Z", "fetched_at": "2025-07-13T14:39:32.007616+00:00", "symbol": "BTC-USD"}, {"trade_id": 848246429, "side": "buy", "size": "0.00365574", "price": "118908.99000000", "time": "2025-07-13T14:38:49.660571Z", "fetched_at": "2025-07-13T14:39:32.007616+00:00", "symbol": "BTC-USD"}, {"trade_id": 848246428, "side": "buy", "size": "0.00839633", "price": "118909.00000000", "time": "2025-07-13T14:38:49.660571Z", "fetched_at": "2025-07-13T14:39:32.007616+00:00", "symbol": "BTC-USD"}, {"trade_id": 848246427, "side": "buy", "size": "0.06480000", "price": "118909.51000000", "time": "2025-07-13T14:38:49.660571Z", "fetched_at": "2025-07-13T14:39:32.007616+00:00", "symbol": "BTC-USD"}, {"trade_id": 848246426, "side": "buy", "size": "0.04611124", "price": "118909.52000000", "time": "2025-07-13T14:38:49.660571Z", "fetched_at": "2025-07-13T14:39:32.007616+00:00", "symbol": "BTC-USD"}, {"trade_id": 848246425, "side": "buy", "size": "0.00001261", "price": "118910.60000000", "time": "2025-07-13T14:38:49.660571Z", "fetched_at": "2025-07-13T14:39:32.007616+00:00", "symbol": "BTC-USD"}, {"trade_id": 848246424, "side": "buy", "size": "0.08409449", "price": "118913.84000000", "time": "2025-07-13T14:38:49.660571Z", "fetched_at": "2025-07-13T14:39:32.007616+00:00", "symbol": "BTC-USD"}, {"trade_id": 848246423, "side": "buy", "size": "0.04340107", "price": "118914.47000000", "time": "2025-07-13T14:38:49.660571Z", "fetched_at": "2025-07-13T14:39:32.007616+00:00", "symbol": "BTC-USD"}, {"trade_id": 848246422, "side": "buy", "size": "0.03546231", "price": "118914.95000000", "time": "2025-07-13T14:38:49.660571Z", "fetched_at": "2025-07-13T14:39:32.007616+00:00", "symbol": "BTC-USD"}, {"trade_id": 848246421, "side": "buy", "size": "0.07173408", "price": "118914.98000000", "time": "2025-07-13T14:38:49.660571Z", "fetched_at": "2025-07-13T14:39:32.007616+00:00", "symbol": "BTC-USD"}, {"trade_id": 848246420, "side": "buy", "size": "0.03394130", "price": "118916.75000000", "time": "2025-07-13T14:38:49.660571Z", "fetched_at": "2025-07-13T14:39:32.007616+00:00", "symbol": "BTC-USD"}, {"trade_id": 848246419, "side": "buy", "size": "0.03283283", "price": "118916.99000000", "time": "2025-07-13T14:38:49.660571Z", "fetched_at": "2025-07-13T14:39:32.007616+00:00", "symbol": "BTC-USD"}, {"trade_id": 848246418, "side": "buy", "size": "0.04000000", "price": "118917.04000000", "time": "2025-07-13T14:38:49.660571Z", "fetched_at": "2025-07-13T14:39:32.007616+00:00", "symbol": "BTC-USD"}, {"trade_id": 848246417, "side": "buy", "size": "0.08000000", "price": "118917.04000000", "time": "2025-07-13T14:38:49.660571Z", "fetched_at": "2025-07-13T14:39:32.007616+00:00", "symbol": "BTC-USD"}, {"trade_id": 848246416, "side": "buy", "size": "0.09342000", "price": "118917.66000000", "time": "2025-07-13T14:38:49.660571Z", "fetched_at": "2025-07-13T14:39:32.007616+00:00", "symbol": "BTC-USD"}, {"trade_id": 848246415, "side": "buy", "size": "0.00034000", "price": "118918.69000000", "time": "2025-07-13T14:38:49.660571Z", "fetched_at": "2025-07-13T14:39:32.007616+00:00", "symbol": "BTC-USD"}, {"trade_id": 848246414, "side": "buy", "size": "0.00001000", "price": "118920.81000000", "time": "2025-07-13T14:38:49.660571Z", "fetched_at": "2025-07-13T14:39:32.007616+00:00", "symbol": "BTC-USD"}, {"trade_id": 848246413, "side": "buy", "size": "0.06480000", "price": "118921.47000000", "time": "2025-07-13T14:38:49.660571Z", "fetched_at": "2025-07-13T14:39:32.007616+00:00", "symbol": "BTC-USD"}, {"trade_id": 848246412, "side": "buy", "size": "0.07383423", "price": "118921.48000000", "time": "2025-07-13T14:38:49.660571Z", "fetched_at": "2025-07-13T14:39:32.007616+00:00", "symbol": "BTC-USD"}, {"trade_id": 848246411, "side": "buy", "size": "0.16978261", "price": "118921.48000000", "time": "2025-07-13T14:38:49.660571Z", "fetched_at": "2025-07-13T14:39:32.007616+00:00", "symbol": "BTC-USD"}, {"trade_id": 848246410, "side": "buy", "size": "0.00886396", "price": "118922.95000000", "time": "2025-07-13T14:38:49.660571Z", "fetched_at": "2025-07-13T14:39:32.007616+00:00", "symbol": "BTC-USD"}, {"trade_id": 848246409, "side": "buy", "size": "0.03294930", "price": "118923.79000000", "time": "2025-07-13T14:38:49.660571Z", "fetched_at": "2025-07-13T14:39:32.007616+00:00", "symbol": "BTC-USD"}, {"trade_id": 848246408, "side": "buy", "size": "0.35237400", "price": "118924.96000000", "time": "2025-07-13T14:38:49.660571Z", "fetched_at": "2025-07-13T14:39:32.007616+00:00", "symbol": "BTC-USD"}, {"trade_id": 848246407, "side": "buy", "size": "0.03362284", "price": "118924.97000000", "time": "2025-07-13T14:38:49.660571Z", "fetched_at": "2025-07-13T14:39:32.007616+00:00", "symbol": "BTC-USD"}, {"trade_id": 848246406, "side": "buy", "size": "0.09605532", "price": "118927.58000000", "time": "2025-07-13T14:38:49.660571Z", "fetched_at": "2025-07-13T14:39:32.007616+00:00", "symbol": "BTC-USD"}, {"trade_id": 848246405, "side": "buy", "size": "0.21674278", "price": "118927.64000000", "time": "2025-07-13T14:38:49.660571Z", "fetched_at": "2025-07-13T14:39:32.007616+00:00", "symbol": "BTC-USD"}, {"trade_id": 848246404, "side": "buy", "size": "0.01653939", "price": "118927.65000000", "time": "2025-07-13T14:38:49.660571Z", "fetched_at": "2025-07-13T14:39:32.007616+00:00", "symbol": "BTC-USD"}, {"trade_id": 848246403, "side": "buy", "size": "0.00176572", "price": "118931.98000000", "time": "2025-07-13T14:38:49.660571Z", "fetched_at": "2025-07-13T14:39:32.007616+00:00", "symbol": "BTC-USD"}, {"trade_id": 848246402, "side": "buy", "size": "0.08407825", "price": "118936.81000000", "time": "2025-07-13T14:38:49.660571Z", "fetched_at": "2025-07-13T14:39:32.007616+00:00", "symbol": "BTC-USD"}, {"trade_id": 848246401, "side": "buy", "size": "0.06480000", "price": "118937.60000000", "time": "2025-07-13T14:38:49.660571Z", "fetched_at": "2025-07-13T14:39:32.007616+00:00", "symbol": "BTC-USD"}, {"trade_id": 848246400, "side": "buy", "size": "0.04236738", "price": "118938.44000000", "time": "2025-07-13T14:38:49.660571Z", "fetched_at": "2025-07-13T14:39:32.007616+00:00", "symbol": "BTC-USD"}, {"trade_id": 848246399, "side": "buy", "size": "0.06498069", "price": "118940.41000000", "time": "2025-07-13T14:38:49.660571Z", "fetched_at": "2025-07-13T14:39:32.007616+00:00", "symbol": "BTC-USD"}, {"trade_id": 848246398, "side": "buy", "size": "0.15373579", "price": "118940.42000000", "time": "2025-07-13T14:38:49.660571Z", "fetched_at": "2025-07-13T14:39:32.007616+00:00", "symbol": "BTC-USD"}, {"trade_id": 848246397, "side": "buy", "size": "0.12522681", "price": "118943.19000000", "time": "2025-07-13T14:38:49.660571Z", "fetched_at": "2025-07-13T14:39:32.007616+00:00", "symbol": "BTC-USD"}, {"trade_id": 848246396, "side": "buy", "size": "0.07513609", "price": "118943.95000000", "time": "2025-07-13T14:38:49.660571Z", "fetched_at": "2025-07-13T14:39:32.007616+00:00", "symbol": "BTC-USD"}, {"trade_id": 848246395, "side": "buy", "size": "0.03103122", "price": "118946.78000000", "time": "2025-07-13T14:38:49.660571Z", "fetched_at": "2025-07-13T14:39:32.007616+00:00", "symbol": "BTC-USD"}, {"trade_id": 848246394, "side": "buy", "size": "0.00840707", "price": "118947.47000000", "time": "2025-07-13T14:38:49.660571Z", "fetched_at": "2025-07-13T14:39:32.007616+00:00", "symbol": "BTC-USD"}, {"trade_id": 848246393, "side": "buy", "size": "0.01765600", "price": "118951.11000000", "time": "2025-07-13T14:38:49.660571Z", "fetched_at": "2025-07-13T14:39:32.007616+00:00", "symbol": "BTC-USD"}, {"trade_id": 848246392, "side": "buy", "size": "0.03425644", "price": "118951.14000000", "time": "2025-07-13T14:38:49.660571Z", "fetched_at": "2025-07-13T14:39:32.007616+00:00", "symbol": "BTC-USD"}, {"trade_id": 848246391, "side": "buy", "size": "0.01662335", "price": "118953.70000000", "time": "2025-07-13T14:38:49.660571Z", "fetched_at": "2025-07-13T14:39:32.007616+00:00", "symbol": "BTC-USD"}, {"trade_id": 848246390, "side": "buy", "size": "0.00014625", "price": "118953.70000000", "time": "2025-07-13T14:38:49.651679Z", "fetched_at": "2025-07-13T14:39:32.007616+00:00", "symbol": "BTC-USD"}, {"trade_id": 848246389, "side": "buy", "size": "0.00000864", "price": "118953.71000000", "time": "2025-07-13T14:38:49.651679Z", "fetched_at": "2025-07-13T14:39:32.007616+00:00", "symbol": "BTC-USD"}, {"trade_id": 848246388, "side": "buy", "size": "0.00108624", "price": "118953.71000000", "time": "2025-07-13T14:38:49.627181Z", "fetched_at": "2025-07-13T14:39:32.007616+00:00", "symbol": "BTC-USD"}, {"trade_id": 848246387, "side": "buy", "size": "0.00000864", "price": "118953.72000000", "time": "2025-07-13T14:38:49.627181Z", "fetched_at": "2025-07-13T14:39:32.007616+00:00", "symbol": "BTC-USD"}, {"trade_id": 848246386, "side": "buy", "size": "0.00000353", "price": "118960.90000000", "time": "2025-07-13T14:38:49.627181Z", "fetched_at": "2025-07-13T14:39:32.007616+00:00", "symbol": "BTC-USD"}, {"trade_id": 848246385, "side": "buy", "size": "0.00000117", "price": "118960.90000000", "time": "2025-07-13T14:38:49.627181Z", "fetched_at": "2025-07-13T14:39:32.007616+00:00", "symbol": "BTC-USD"}, {"trade_id": 848246384, "side": "sell", "size": "0.00002851", "price": "118960.91000000", "time": "2025-07-13T14:38:48.256062Z", "fetched_at": "2025-07-13T14:39:32.007616+00:00", "symbol": "BTC-USD"}, {"trade_id": 848246383, "side": "sell", "size": "0.00004161", "price": "118960.91000000", "time": "2025-07-13T14:38:47.903097Z", "fetched_at": "2025-07-13T14:39:32.007616+00:00", "symbol": "BTC-USD"}, {"trade_id": 848246382, "side": "sell", "size": "0.00120000", "price": "118960.91000000", "time": "2025-07-13T14:38:47.842957Z", "fetched_at": "2025-07-13T14:39:32.007616+00:00", "symbol": "BTC-USD"}, {"trade_id": 848246381, "side": "sell", "size": "0.00122524", "price": "118960.91000000", "time": "2025-07-13T14:38:47.710612Z", "fetched_at": "2025-07-13T14:39:32.007616+00:00", "symbol": "BTC-USD"}, {"trade_id": 848246380, "side": "sell", "size": "0.00008113", "price": "118960.91000000", "time": "2025-07-13T14:38:47.500735Z", "fetched_at": "2025-07-13T14:39:32.007616+00:00", "symbol": "BTC-USD"}, {"trade_id": 848246379, "side": "sell", "size": "0.00040836", "price": "118960.91000000", "time": "2025-07-13T14:38:46.974068Z", "fetched_at": "2025-07-13T14:39:32.007616+00:00", "symbol": "BTC-USD"}, {"trade_id": 848246378, "side": "sell", "size": "0.00008979", "price": "118960.91000000", "time": "2025-07-13T14:38:46.553557Z", "fetched_at": "2025-07-13T14:39:32.007616+00:00", "symbol": "BTC-USD"}, {"trade_id": 848246377, "side": "sell", "size": "0.00024967", "price": "118960.91000000", "time": "2025-07-13T14:38:46.542914Z", "fetched_at": "2025-07-13T14:39:32.007616+00:00", "symbol": "BTC-USD"}, {"trade_id": 848246376, "side": "sell", "size": "0.00003488", "price": "118960.91000000", "time": "2025-07-13T14:38:46.309902Z", "fetched_at": "2025-07-13T14:39:32.007616+00:00", "symbol": "BTC-USD"}, {"trade_id": 848246375, "side": "sell", "size": "0.00008321", "price": "118970.00000000", "time": "2025-07-13T14:38:45.442425Z", "fetched_at": "2025-07-13T14:39:32.007616+00:00", "symbol": "BTC-USD"}, {"trade_id": 848246374, "side": "sell", "size": "0.00008321", "price": "118969.05000000", "time": "2025-07-13T14:38:45.353333Z", "fetched_at": "2025-07-13T14:39:32.007616+00:00", "symbol": "BTC-USD"}, {"trade_id": 848246373, "side": "sell", "size": "0.00016640", "price": "118969.07000000", "time": "2025-07-13T14:38:45.210173Z", "fetched_at": "2025-07-13T14:39:32.007616+00:00", "symbol": "BTC-USD"}, {"trade_id": 848246372, "side": "buy", "size": "0.03372679", "price": "118937.55000000", "time": "2025-07-13T14:38:45.162657Z", "fetched_at": "2025-07-13T14:39:32.007616+00:00", "symbol": "BTC-USD"}, {"trade_id": 848246371, "side": "buy", "size": "0.00000218", "price": "118938.06000000", "time": "2025-07-13T14:38:45.162657Z", "fetched_at": "2025-07-13T14:39:32.007616+00:00", "symbol": "BTC-USD"}, {"trade_id": 848246370, "side": "buy", "size": "0.00000462", "price": "118939.06000000", "time": "2025-07-13T14:38:45.162657Z", "fetched_at": "2025-07-13T14:39:32.007616+00:00", "symbol": "BTC-USD"}, {"trade_id": 848246369, "side": "buy", "size": "0.06480000", "price": "118941.27000000", "time": "2025-07-13T14:38:45.162657Z", "fetched_at": "2025-07-13T14:39:32.007616+00:00", "symbol": "BTC-USD"}, {"trade_id": 848246368, "side": "buy", "size": "0.03888408", "price": "118942.42000000", "time": "2025-07-13T14:38:45.162657Z", "fetched_at": "2025-07-13T14:39:32.007616+00:00", "symbol": "BTC-USD"}, {"trade_id": 848246367, "side": "buy", "size": "0.04136694", "price": "118944.98000000", "time": "2025-07-13T14:38:45.162657Z", "fetched_at": "2025-07-13T14:39:32.007616+00:00", "symbol": "BTC-USD"}, {"trade_id": 848246366, "side": "buy", "size": "0.00001261", "price": "118946.30000000", "time": "2025-07-13T14:38:45.162657Z", "fetched_at": "2025-07-13T14:39:32.007616+00:00", "symbol": "BTC-USD"}, {"trade_id": 848246365, "side": "buy", "size": "0.08407024", "price": "118948.15000000", "time": "2025-07-13T14:38:45.162657Z", "fetched_at": "2025-07-13T14:39:32.007616+00:00", "symbol": "BTC-USD"}, {"trade_id": 848246364, "side": "buy", "size": "0.07526987", "price": "118948.69000000", "time": "2025-07-13T14:38:45.162657Z", "fetched_at": "2025-07-13T14:39:32.007616+00:00", "symbol": "BTC-USD"}, {"trade_id": 848246363, "side": "buy", "size": "0.05000000", "price": "118948.70000000", "time": "2025-07-13T14:38:45.162657Z", "fetched_at": "2025-07-13T14:39:32.007616+00:00", "symbol": "BTC-USD"}, {"trade_id": 848246362, "side": "buy", "size": "0.03038492", "price": "118950.32000000", "time": "2025-07-13T14:38:45.162657Z", "fetched_at": "2025-07-13T14:39:32.007616+00:00", "symbol": "BTC-USD"}, {"trade_id": 848246361, "side": "buy", "size": "0.00697700", "price": "118953.70000000", "time": "2025-07-13T14:38:45.162657Z", "fetched_at": "2025-07-13T14:39:32.007616+00:00", "symbol": "BTC-USD"}, {"trade_id": 848246360, "side": "buy", "size": "0.05000000", "price": "118953.70000000", "time": "2025-07-13T14:38:45.162657Z", "fetched_at": "2025-07-13T14:39:32.007616+00:00", "symbol": "BTC-USD"}, {"trade_id": 848246359, "side": "buy", "size": "0.07643718", "price": "118953.72000000", "time": "2025-07-13T14:38:45.162657Z", "fetched_at": "2025-07-13T14:39:32.007616+00:00", "symbol": "BTC-USD"}, {"trade_id": 848246358, "side": "buy", "size": "0.00924355", "price": "118964.39000000", "time": "2025-07-13T14:38:45.137421Z", "fetched_at": "2025-07-13T14:39:32.007616+00:00", "symbol": "BTC-USD"}, {"trade_id": 848246357, "side": "buy", "size": "0.00002233", "price": "118972.26000000", "time": "2025-07-13T14:38:45.137421Z", "fetched_at": "2025-07-13T14:39:32.007616+00:00", "symbol": "BTC-USD"}, {"trade_id": 848246356, "side": "buy", "size": "0.00001449", "price": "118974.16000000", "time": "2025-07-13T14:38:45.137421Z", "fetched_at": "2025-07-13T14:39:32.007616+00:00", "symbol": "BTC-USD"}, {"trade_id": 848246355, "side": "sell", "size": "0.00041606", "price": "118982.42000000", "time": "2025-07-13T14:38:45.060542Z", "fetched_at": "2025-07-13T14:39:32.007616+00:00", "symbol": "BTC-USD"}, {"trade_id": 848246354, "side": "buy", "size": "0.45350136", "price": "118955.35000000", "time": "2025-07-13T14:38:44.962236Z", "fetched_at": "2025-07-13T14:39:32.007616+00:00", "symbol": "BTC-USD"}, {"trade_id": 848246353, "side": "buy", "size": "0.05878370", "price": "118955.35000000", "time": "2025-07-13T14:38:44.962236Z", "fetched_at": "2025-07-13T14:39:32.007616+00:00", "symbol": "BTC-USD"}, {"trade_id": 848246352, "side": "buy", "size": "0.03252533", "price": "118959.18000000", "time": "2025-07-13T14:38:44.962236Z", "fetched_at": "2025-07-13T14:39:32.007616+00:00", "symbol": "BTC-USD"}, {"trade_id": 848246351, "side": "buy", "size": "0.09342000", "price": "118959.53000000", "time": "2025-07-13T14:38:44.962236Z", "fetched_at": "2025-07-13T14:39:32.007616+00:00", "symbol": "BTC-USD"}, {"trade_id": 848246350, "side": "buy", "size": "0.04300000", "price": "118960.11000000", "time": "2025-07-13T14:38:44.962236Z", "fetched_at": "2025-07-13T14:39:32.007616+00:00", "symbol": "BTC-USD"}, {"trade_id": 848246349, "side": "buy", "size": "0.05155896", "price": "118961.17000000", "time": "2025-07-13T14:38:44.962236Z", "fetched_at": "2025-07-13T14:39:32.007616+00:00", "symbol": "BTC-USD"}, {"trade_id": 848246348, "side": "buy", "size": "0.03594437", "price": "118961.17000000", "time": "2025-07-13T14:38:44.962236Z", "fetched_at": "2025-07-13T14:39:32.007616+00:00", "symbol": "BTC-USD"}, {"trade_id": 848246347, "side": "buy", "size": "0.01662609", "price": "118961.18000000", "time": "2025-07-13T14:38:44.962236Z", "fetched_at": "2025-07-13T14:39:32.007616+00:00", "symbol": "BTC-USD"}, {"trade_id": 848246346, "side": "buy", "size": "0.05325000", "price": "118962.07000000", "time": "2025-07-13T14:38:44.962236Z", "fetched_at": "2025-07-13T14:39:32.007616+00:00", "symbol": "BTC-USD"}, {"trade_id": 848246345, "side": "buy", "size": "0.06480000", "price": "118966.54000000", "time": "2025-07-13T14:38:44.962236Z", "fetched_at": "2025-07-13T14:39:32.007616+00:00", "symbol": "BTC-USD"}, {"trade_id": 848246344, "side": "buy", "size": "0.08882107", "price": "118966.55000000", "time": "2025-07-13T14:38:44.962236Z", "fetched_at": "2025-07-13T14:39:32.007616+00:00", "symbol": "BTC-USD"}, {"trade_id": 848246343, "side": "buy", "size": "0.09605532", "price": "118971.15000000", "time": "2025-07-13T14:38:44.962236Z", "fetched_at": "2025-07-13T14:39:32.007616+00:00", "symbol": "BTC-USD"}, {"trade_id": 848246342, "side": "buy", "size": "0.05763319", "price": "118971.16000000", "time": "2025-07-13T14:38:44.962236Z", "fetched_at": "2025-07-13T14:39:32.007616+00:00", "symbol": "BTC-USD"}, {"trade_id": 848246341, "side": "buy", "size": "0.01093065", "price": "118972.59000000", "time": "2025-07-13T14:38:44.962236Z", "fetched_at": "2025-07-13T14:39:32.007616+00:00", "symbol": "BTC-USD"}, {"trade_id": 848246340, "side": "buy", "size": "0.00102757", "price": "118974.02000000", "time": "2025-07-13T14:38:44.962236Z", "fetched_at": "2025-07-13T14:39:32.007616+00:00", "symbol": "BTC-USD"}, {"trade_id": 848246339, "side": "buy", "size": "0.00183631", "price": "118974.27000000", "time": "2025-07-13T14:38:44.962236Z", "fetched_at": "2025-07-13T14:39:32.007616+00:00", "symbol": "BTC-USD"}, {"trade_id": 848246338, "side": "buy", "size": "0.08407889", "price": "118974.28000000", "time": "2025-07-13T14:38:44.962236Z", "fetched_at": "2025-07-13T14:39:32.007616+00:00", "symbol": "BTC-USD"}, {"trade_id": 848246337, "side": "buy", "size": "0.05216566", "price": "118974.29000000", "time": "2025-07-13T14:38:44.962236Z", "fetched_at": "2025-07-13T14:39:32.007616+00:00", "symbol": "BTC-USD"}, {"trade_id": 848246336, "side": "buy", "size": "0.03132964", "price": "118979.93000000", "time": "2025-07-13T14:38:44.962236Z", "fetched_at": "2025-07-13T14:39:32.007616+00:00", "symbol": "BTC-USD"}, {"trade_id": 848246335, "side": "buy", "size": "0.00840465", "price": "118981.68000000", "time": "2025-07-13T14:38:44.962236Z", "fetched_at": "2025-07-13T14:39:32.007616+00:00", "symbol": "BTC-USD"}, {"trade_id": 848246334, "side": "buy", "size": "0.04158483", "price": "118984.57000000", "time": "2025-07-13T14:38:44.962236Z", "fetched_at": "2025-07-13T14:39:32.007616+00:00", "symbol": "BTC-USD"}, {"trade_id": 848246333, "side": "buy", "size": "0.02197098", "price": "118984.93000000", "time": "2025-07-13T14:38:44.962236Z", "fetched_at": "2025-07-13T14:39:32.007616+00:00", "symbol": "BTC-USD"}, {"trade_id": 848246332, "side": "buy", "size": "0.02384044", "price": "118984.93000000", "time": "2025-07-13T14:38:44.962236Z", "fetched_at": "2025-07-13T14:39:32.007616+00:00", "symbol": "BTC-USD"}, {"trade_id": 848246331, "side": "buy", "size": "0.06498069", "price": "118985.88000000", "time": "2025-07-13T14:38:44.962236Z", "fetched_at": "2025-07-13T14:39:32.007616+00:00", "symbol": "BTC-USD"}, {"trade_id": 848246330, "side": "buy", "size": "0.02170000", "price": "118987.89000000", "time": "2025-07-13T14:38:44.962236Z", "fetched_at": "2025-07-13T14:39:32.007616+00:00", "symbol": "BTC-USD"}, {"trade_id": 848246329, "side": "buy", "size": "0.06749276", "price": "118987.90000000", "time": "2025-07-13T14:38:44.962236Z", "fetched_at": "2025-07-13T14:39:32.007616+00:00", "symbol": "BTC-USD"}, {"trade_id": 848246328, "side": "buy", "size": "0.00109987", "price": "118987.90000000", "time": "2025-07-13T14:38:44.962236Z", "fetched_at": "2025-07-13T14:39:32.007616+00:00", "symbol": "BTC-USD"}, {"trade_id": 848246327, "side": "buy", "size": "0.00001449", "price": "118987.91000000", "time": "2025-07-13T14:38:44.962236Z", "fetched_at": "2025-07-13T14:39:32.007616+00:00", "symbol": "BTC-USD"}, {"trade_id": 848246326, "side": "sell", "size": "0.00122487", "price": "118998.11000000", "time": "2025-07-13T14:38:44.782451Z", "fetched_at": "2025-07-13T14:39:32.007616+00:00", "symbol": "BTC-USD"}, {"trade_id": 848246325, "side": "sell", "size": "0.00000927", "price": "118998.75000000", "time": "2025-07-13T14:38:44.697361Z", "fetched_at": "2025-07-13T14:39:32.007616+00:00", "symbol": "BTC-USD"}, {"trade_id": 848246324, "side": "sell", "size": "0.00008243", "price": "118998.74000000", "time": "2025-07-13T14:38:44.697361Z", "fetched_at": "2025-07-13T14:39:32.007616+00:00", "symbol": "BTC-USD"}, {"trade_id": 848246323, "side": "sell", "size": "0.00001664", "price": "118998.74000000", "time": "2025-07-13T14:38:44.629974Z", "fetched_at": "2025-07-13T14:39:32.007616+00:00", "symbol": "BTC-USD"}, {"trade_id": 848246322, "side": "sell", "size": "0.00007697", "price": "118998.76000000", "time": "2025-07-13T14:38:44.448073Z", "fetched_at": "2025-07-13T14:39:32.007616+00:00", "symbol": "BTC-USD"}, {"trade_id": 848246321, "side": "sell", "size": "0.00008243", "price": "118995.72000000", "time": "2025-07-13T14:38:44.448073Z", "fetched_at": "2025-07-13T14:39:32.007616+00:00", "symbol": "BTC-USD"}, {"trade_id": 848246320, "side": "sell", "size": "0.00081629", "price": "118987.90000000", "time": "2025-07-13T14:38:44.273247Z", "fetched_at": "2025-07-13T14:39:32.007616+00:00", "symbol": "BTC-USD"}, {"trade_id": 848246319, "side": "buy", "size": "0.00396513", "price": "118978.44000000", "time": "2025-07-13T14:38:43.938349Z", "fetched_at": "2025-07-13T14:39:32.007616+00:00", "symbol": "BTC-USD"}, {"trade_id": 848246318, "side": "buy", "size": "0.00001486", "price": "118978.45000000", "time": "2025-07-13T14:38:43.938349Z", "fetched_at": "2025-07-13T14:39:32.007616+00:00", "symbol": "BTC-USD"}, {"trade_id": 848246317, "side": "sell", "size": "0.00070803", "price": "118982.46000000", "time": "2025-07-13T14:38:43.757350Z", "fetched_at": "2025-07-13T14:39:32.007616+00:00", "symbol": "BTC-USD"}, {"trade_id": 848246316, "side": "sell", "size": "0.00002068", "price": "118972.83000000", "time": "2025-07-13T14:38:43.757350Z", "fetched_at": "2025-07-13T14:39:32.007616+00:00", "symbol": "BTC-USD"}, {"trade_id": 848246315, "side": "sell", "size": "0.00008243", "price": "118967.41000000", "time": "2025-07-13T14:38:43.757350Z", "fetched_at": "2025-07-13T14:39:32.007616+00:00", "symbol": "BTC-USD"}, {"trade_id": 848246314, "side": "sell", "size": "0.00000569", "price": "118967.41000000", "time": "2025-07-13T14:38:43.757350Z", "fetched_at": "2025-07-13T14:39:32.007616+00:00", "symbol": "BTC-USD"}, {"trade_id": 848246313, "side": "sell", "size": "0.00085681", "price": "118967.41000000", "time": "2025-07-13T14:38:43.714600Z", "fetched_at": "2025-07-13T14:39:32.007616+00:00", "symbol": "BTC-USD"}, {"trade_id": 848246312, "side": "sell", "size": "0.00000319", "price": "118967.31000000", "time": "2025-07-13T14:38:43.714600Z", "fetched_at": "2025-07-13T14:39:32.007616+00:00", "symbol": "BTC-USD"}, {"trade_id": 848246311, "side": "sell", "size": "0.00024964", "price": "118967.30000000", "time": "2025-07-13T14:38:43.591309Z", "fetched_at": "2025-07-13T14:39:32.007616+00:00", "symbol": "BTC-USD"}, {"trade_id": 848246310, "side": "buy", "size": "0.00084901", "price": "118959.98000000", "time": "2025-07-13T14:38:43.298492Z", "fetched_at": "2025-07-13T14:39:32.007616+00:00", "symbol": "BTC-USD"}, {"trade_id": 848246309, "side": "buy", "size": "0.00147774", "price": "118962.01000000", "time": "2025-07-13T14:38:42.770958Z", "fetched_at": "2025-07-13T14:39:32.007616+00:00", "symbol": "BTC-USD"}, {"trade_id": 848246308, "side": "sell", "size": "0.00882882", "price": "118962.79000000", "time": "2025-07-13T14:38:42.145010Z", "fetched_at": "2025-07-13T14:39:32.007616+00:00", "symbol": "BTC-USD"}, {"trade_id": 848246307, "side": "sell", "size": "0.01609247", "price": "118961.28000000", "time": "2025-07-13T14:38:42.145010Z", "fetched_at": "2025-07-13T14:39:32.007616+00:00", "symbol": "BTC-USD"}, {"trade_id": 848246306, "side": "sell", "size": "0.00003832", "price": "118961.27000000", "time": "2025-07-13T14:38:42.145010Z", "fetched_at": "2025-07-13T14:39:32.007616+00:00", "symbol": "BTC-USD"}, {"trade_id": 848246305, "side": "sell", "size": "0.04239285", "price": "118950.74000000", "time": "2025-07-13T14:38:42.062980Z", "fetched_at": "2025-07-13T14:39:32.007616+00:00", "symbol": "BTC-USD"}, {"trade_id": 848246304, "side": "sell", "size": "0.00531106", "price": "118947.65000000", "time": "2025-07-13T14:38:42.062400Z", "fetched_at": "2025-07-13T14:39:32.007616+00:00", "symbol": "BTC-USD"}, {"trade_id": 848246303, "side": "sell", "size": "0.00000008", "price": "118947.64000000", "time": "2025-07-13T14:38:41.496118Z", "fetched_at": "2025-07-13T14:39:32.007616+00:00", "symbol": "BTC-USD"}, {"trade_id": 848246302, "side": "sell", "size": "0.00007349", "price": "118947.64000000", "time": "2025-07-13T14:38:41.463626Z", "fetched_at": "2025-07-13T14:39:32.007616+00:00", "symbol": "BTC-USD"}, {"trade_id": 848246301, "side": "sell", "size": "0.00000962", "price": "118947.58000000", "time": "2025-07-13T14:38:41.463626Z", "fetched_at": "2025-07-13T14:39:32.007616+00:00", "symbol": "BTC-USD"}, {"trade_id": 848246300, "side": "buy", "size": "0.00006034", "price": "118938.02000000", "time": "2025-07-13T14:38:41.256651Z", "fetched_at": "2025-07-13T14:39:32.007616+00:00", "symbol": "BTC-USD"}, {"trade_id": 848246299, "side": "buy", "size": "0.00001369", "price": "118938.03000000", "time": "2025-07-13T14:38:41.256651Z", "fetched_at": "2025-07-13T14:39:32.007616+00:00", "symbol": "BTC-USD"}, {"trade_id": 848246298, "side": "buy", "size": "0.00001000", "price": "118938.67000000", "time": "2025-07-13T14:38:41.256651Z", "fetched_at": "2025-07-13T14:39:32.007616+00:00", "symbol": "BTC-USD"}, {"trade_id": 848246297, "side": "sell", "size": "0.00000532", "price": "118947.60000000", "time": "2025-07-13T14:38:41.026998Z", "fetched_at": "2025-07-13T14:39:32.007616+00:00", "symbol": "BTC-USD"}, {"trade_id": 848246296, "side": "sell", "size": "0.00058421", "price": "118938.68000000", "time": "2025-07-13T14:38:40.656119Z", "fetched_at": "2025-07-13T14:39:32.007616+00:00", "symbol": "BTC-USD"}, {"trade_id": 848246295, "side": "sell", "size": "0.00003232", "price": "118941.25000000", "time": "2025-07-13T14:38:40.464228Z", "fetched_at": "2025-07-13T14:39:32.007616+00:00", "symbol": "BTC-USD"}, {"trade_id": 848246294, "side": "buy", "size": "0.00001435", "price": "118955.41000000", "time": "2025-07-13T14:38:40.436613Z", "fetched_at": "2025-07-13T14:39:32.007616+00:00", "symbol": "BTC-USD"}, {"trade_id": 848246293, "side": "sell", "size": "0.00007969", "price": "118955.42000000", "time": "2025-07-13T14:38:40.409068Z", "fetched_at": "2025-07-13T14:39:32.007616+00:00", "symbol": "BTC-USD"}, {"trade_id": 848246292, "side": "sell", "size": "0.00040841", "price": "118955.42000000", "time": "2025-07-13T14:38:40.067810Z", "fetched_at": "2025-07-13T14:39:32.007616+00:00", "symbol": "BTC-USD"}, {"trade_id": 848246291, "side": "sell", "size": "0.00040829", "price": "118955.42000000", "time": "2025-07-13T14:38:39.987712Z", "fetched_at": "2025-07-13T14:39:32.007616+00:00", "symbol": "BTC-USD"}, {"trade_id": 848246290, "side": "sell", "size": "0.00011773", "price": "118955.42000000", "time": "2025-07-13T14:38:39.731075Z", "fetched_at": "2025-07-13T14:39:32.007616+00:00", "symbol": "BTC-USD"}, {"trade_id": 848246289, "side": "sell", "size": "0.00031415", "price": "118967.76000000", "time": "2025-07-13T14:38:39.522232Z", "fetched_at": "2025-07-13T14:39:32.007616+00:00", "symbol": "BTC-USD"}