[{"trade_id": 848269307, "side": "buy", "size": "0.00021278", "price": "118667.34000000", "time": "2025-07-13T15:39:34.026741Z", "fetched_at": "2025-07-13T15:39:37.262839+00:00", "symbol": "BTC-USD"}, {"trade_id": 848269306, "side": "sell", "size": "0.00025032", "price": "118668.80000000", "time": "2025-07-13T15:39:33.968828Z", "fetched_at": "2025-07-13T15:39:37.262839+00:00", "symbol": "BTC-USD"}, {"trade_id": 848269305, "side": "buy", "size": "0.00020419", "price": "118667.34000000", "time": "2025-07-13T15:39:33.943381Z", "fetched_at": "2025-07-13T15:39:37.262839+00:00", "symbol": "BTC-USD"}, {"trade_id": 848269304, "side": "buy", "size": "0.00004747", "price": "118667.35000000", "time": "2025-07-13T15:39:33.943381Z", "fetched_at": "2025-07-13T15:39:37.262839+00:00", "symbol": "BTC-USD"}, {"trade_id": 848269303, "side": "buy", "size": "0.00000097", "price": "118670.86000000", "time": "2025-07-13T15:39:33.943381Z", "fetched_at": "2025-07-13T15:39:37.262839+00:00", "symbol": "BTC-USD"}, {"trade_id": 848269302, "side": "sell", "size": "0.00079925", "price": "118671.25000000", "time": "2025-07-13T15:39:33.602265Z", "fetched_at": "2025-07-13T15:39:37.262839+00:00", "symbol": "BTC-USD"}, {"trade_id": 848269301, "side": "sell", "size": "0.00000849", "price": "118674.90000000", "time": "2025-07-13T15:39:33.565977Z", "fetched_at": "2025-07-13T15:39:37.262839+00:00", "symbol": "BTC-USD"}, {"trade_id": 848269300, "side": "sell", "size": "0.00537000", "price": "118671.25000000", "time": "2025-07-13T15:39:32.994370Z", "fetched_at": "2025-07-13T15:39:37.262839+00:00", "symbol": "BTC-USD"}, {"trade_id": 848269299, "side": "sell", "size": "0.00032749", "price": "118674.87000000", "time": "2025-07-13T15:39:31.866577Z", "fetched_at": "2025-07-13T15:39:37.262839+00:00", "symbol": "BTC-USD"}, {"trade_id": 848269298, "side": "buy", "size": "0.00042552", "price": "118670.60000000", "time": "2025-07-13T15:39:31.114829Z", "fetched_at": "2025-07-13T15:39:37.262839+00:00", "symbol": "BTC-USD"}, {"trade_id": 848269297, "side": "sell", "size": "0.00080759", "price": "118673.60000000", "time": "2025-07-13T15:39:30.596179Z", "fetched_at": "2025-07-13T15:39:37.262839+00:00", "symbol": "BTC-USD"}, {"trade_id": 848269296, "side": "sell", "size": "0.00001033", "price": "118672.37000000", "time": "2025-07-13T15:39:30.596179Z", "fetched_at": "2025-07-13T15:39:37.262839+00:00", "symbol": "BTC-USD"}, {"trade_id": 848269295, "side": "sell", "size": "0.00000092", "price": "118672.37000000", "time": "2025-07-13T15:39:30.596179Z", "fetched_at": "2025-07-13T15:39:37.262839+00:00", "symbol": "BTC-USD"}, {"trade_id": 848269294, "side": "sell", "size": "0.00082656", "price": "118670.86000000", "time": "2025-07-13T15:39:28.756718Z", "fetched_at": "2025-07-13T15:39:37.262839+00:00", "symbol": "BTC-USD"}, {"trade_id": 848269293, "side": "sell", "size": "0.00008342", "price": "118659.29000000", "time": "2025-07-13T15:39:27.482024Z", "fetched_at": "2025-07-13T15:39:37.262839+00:00", "symbol": "BTC-USD"}, {"trade_id": 848269292, "side": "sell", "size": "0.00083417", "price": "118659.29000000", "time": "2025-07-13T15:39:26.685203Z", "fetched_at": "2025-07-13T15:39:37.262839+00:00", "symbol": "BTC-USD"}, {"trade_id": 848269291, "side": "buy", "size": "0.16541429", "price": "118656.51000000", "time": "2025-07-13T15:39:25.910698Z", "fetched_at": "2025-07-13T15:39:37.262839+00:00", "symbol": "BTC-USD"}, {"trade_id": 848269290, "side": "buy", "size": "0.04400000", "price": "118657.70000000", "time": "2025-07-13T15:39:25.910698Z", "fetched_at": "2025-07-13T15:39:37.262839+00:00", "symbol": "BTC-USD"}, {"trade_id": 848269289, "side": "buy", "size": "0.00167284", "price": "118659.99000000", "time": "2025-07-13T15:39:25.910698Z", "fetched_at": "2025-07-13T15:39:37.262839+00:00", "symbol": "BTC-USD"}, {"trade_id": 848269288, "side": "buy", "size": "0.00008604", "price": "118660.00000000", "time": "2025-07-13T15:39:25.910698Z", "fetched_at": "2025-07-13T15:39:37.262839+00:00", "symbol": "BTC-USD"}, {"trade_id": 848269287, "side": "buy", "size": "0.06233203", "price": "118660.74000000", "time": "2025-07-13T15:39:25.910698Z", "fetched_at": "2025-07-13T15:39:37.262839+00:00", "symbol": "BTC-USD"}, {"trade_id": 848269286, "side": "buy", "size": "0.16853615", "price": "118665.02000000", "time": "2025-07-13T15:39:25.910698Z", "fetched_at": "2025-07-13T15:39:37.262839+00:00", "symbol": "BTC-USD"}, {"trade_id": 848269285, "side": "buy", "size": "0.02560000", "price": "118666.38000000", "time": "2025-07-13T15:39:25.910698Z", "fetched_at": "2025-07-13T15:39:37.262839+00:00", "symbol": "BTC-USD"}, {"trade_id": 848269284, "side": "buy", "size": "0.02560000", "price": "118666.99000000", "time": "2025-07-13T15:39:25.910698Z", "fetched_at": "2025-07-13T15:39:37.262839+00:00", "symbol": "BTC-USD"}, {"trade_id": 848269283, "side": "buy", "size": "0.00674004", "price": "118666.99000000", "time": "2025-07-13T15:39:25.910698Z", "fetched_at": "2025-07-13T15:39:37.262839+00:00", "symbol": "BTC-USD"}, {"trade_id": 848269282, "side": "buy", "size": "0.00001390", "price": "118666.99000000", "time": "2025-07-13T15:39:25.910698Z", "fetched_at": "2025-07-13T15:39:37.262839+00:00", "symbol": "BTC-USD"}, {"trade_id": 848269281, "side": "buy", "size": "0.00000471", "price": "118666.99000000", "time": "2025-07-13T15:39:25.910698Z", "fetched_at": "2025-07-13T15:39:37.262839+00:00", "symbol": "BTC-USD"}, {"trade_id": 848269280, "side": "sell", "size": "0.00020858", "price": "118669.69000000", "time": "2025-07-13T15:39:25.092641Z", "fetched_at": "2025-07-13T15:39:37.262839+00:00", "symbol": "BTC-USD"}, {"trade_id": 848269279, "side": "sell", "size": "0.00034027", "price": "118672.37000000", "time": "2025-07-13T15:39:24.924122Z", "fetched_at": "2025-07-13T15:39:37.262839+00:00", "symbol": "BTC-USD"}, {"trade_id": 848269278, "side": "sell", "size": "0.00001034", "price": "118667.00000000", "time": "2025-07-13T15:39:24.924122Z", "fetched_at": "2025-07-13T15:39:37.262839+00:00", "symbol": "BTC-USD"}, {"trade_id": 848269277, "side": "sell", "size": "0.00000219", "price": "118667.00000000", "time": "2025-07-13T15:39:24.924122Z", "fetched_at": "2025-07-13T15:39:37.262839+00:00", "symbol": "BTC-USD"}, {"trade_id": 848269276, "side": "sell", "size": "0.00029243", "price": "118677.74000000", "time": "2025-07-13T15:39:22.769813Z", "fetched_at": "2025-07-13T15:39:37.262839+00:00", "symbol": "BTC-USD"}, {"trade_id": 848269275, "side": "sell", "size": "0.00001301", "price": "118667.00000000", "time": "2025-07-13T15:39:22.769813Z", "fetched_at": "2025-07-13T15:39:37.262839+00:00", "symbol": "BTC-USD"}, {"trade_id": 848269274, "side": "buy", "size": "0.00009143", "price": "118677.75000000", "time": "2025-07-13T15:39:22.082267Z", "fetched_at": "2025-07-13T15:39:37.262839+00:00", "symbol": "BTC-USD"}, {"trade_id": 848269273, "side": "sell", "size": "0.07110664", "price": "118682.42000000", "time": "2025-07-13T15:39:22.019328Z", "fetched_at": "2025-07-13T15:39:37.262839+00:00", "symbol": "BTC-USD"}, {"trade_id": 848269272, "side": "sell", "size": "0.02500080", "price": "118682.06000000", "time": "2025-07-13T15:39:22.019328Z", "fetched_at": "2025-07-13T15:39:37.262839+00:00", "symbol": "BTC-USD"}, {"trade_id": 848269271, "side": "sell", "size": "0.00499997", "price": "118682.06000000", "time": "2025-07-13T15:39:22.019328Z", "fetched_at": "2025-07-13T15:39:37.262839+00:00", "symbol": "BTC-USD"}, {"trade_id": 848269270, "side": "sell", "size": "0.00001000", "price": "118681.50000000", "time": "2025-07-13T15:39:22.019328Z", "fetched_at": "2025-07-13T15:39:37.262839+00:00", "symbol": "BTC-USD"}, {"trade_id": 848269269, "side": "sell", "size": "0.00842597", "price": "118680.67000000", "time": "2025-07-13T15:39:22.019328Z", "fetched_at": "2025-07-13T15:39:37.262839+00:00", "symbol": "BTC-USD"}, {"trade_id": 848269268, "side": "sell", "size": "0.00000421", "price": "118680.31000000", "time": "2025-07-13T15:39:22.019328Z", "fetched_at": "2025-07-13T15:39:37.262839+00:00", "symbol": "BTC-USD"}, {"trade_id": 848269267, "side": "sell", "size": "0.00001328", "price": "118680.31000000", "time": "2025-07-13T15:39:22.019328Z", "fetched_at": "2025-07-13T15:39:37.262839+00:00", "symbol": "BTC-USD"}, {"trade_id": 848269266, "side": "sell", "size": "0.00001033", "price": "118680.31000000", "time": "2025-07-13T15:39:22.019328Z", "fetched_at": "2025-07-13T15:39:37.262839+00:00", "symbol": "BTC-USD"}, {"trade_id": 848269265, "side": "sell", "size": "0.01916913", "price": "118680.31000000", "time": "2025-07-13T15:39:22.019328Z", "fetched_at": "2025-07-13T15:39:37.262839+00:00", "symbol": "BTC-USD"}, {"trade_id": 848269264, "side": "sell", "size": "0.00499999", "price": "118680.31000000", "time": "2025-07-13T15:39:22.019328Z", "fetched_at": "2025-07-13T15:39:37.262839+00:00", "symbol": "BTC-USD"}, {"trade_id": 848269263, "side": "sell", "size": "0.00163543", "price": "118680.31000000", "time": "2025-07-13T15:39:22.019328Z", "fetched_at": "2025-07-13T15:39:37.262839+00:00", "symbol": "BTC-USD"}, {"trade_id": 848269262, "side": "sell", "size": "0.00000898", "price": "118677.76000000", "time": "2025-07-13T15:39:22.019328Z", "fetched_at": "2025-07-13T15:39:37.262839+00:00", "symbol": "BTC-USD"}, {"trade_id": 848269261, "side": "sell", "size": "0.00023673", "price": "118680.31000000", "time": "2025-07-13T15:39:21.969849Z", "fetched_at": "2025-07-13T15:39:37.262839+00:00", "symbol": "BTC-USD"}, {"trade_id": 848269260, "side": "sell", "size": "0.00000898", "price": "118677.76000000", "time": "2025-07-13T15:39:21.969849Z", "fetched_at": "2025-07-13T15:39:37.262839+00:00", "symbol": "BTC-USD"}, {"trade_id": 848269259, "side": "buy", "size": "0.10502867", "price": "118675.62000000", "time": "2025-07-13T15:39:21.671408Z", "fetched_at": "2025-07-13T15:39:37.262839+00:00", "symbol": "BTC-USD"}, {"trade_id": 848269258, "side": "buy", "size": "0.00673974", "price": "118677.75000000", "time": "2025-07-13T15:39:21.671408Z", "fetched_at": "2025-07-13T15:39:37.262839+00:00", "symbol": "BTC-USD"}, {"trade_id": 848269257, "side": "buy", "size": "0.03500000", "price": "118677.88000000", "time": "2025-07-13T15:39:21.671408Z", "fetched_at": "2025-07-13T15:39:37.262839+00:00", "symbol": "BTC-USD"}, {"trade_id": 848269256, "side": "buy", "size": "0.04236710", "price": "118677.88000000", "time": "2025-07-13T15:39:21.671408Z", "fetched_at": "2025-07-13T15:39:37.262839+00:00", "symbol": "BTC-USD"}, {"trade_id": 848269255, "side": "sell", "size": "0.00025349", "price": "118680.31000000", "time": "2025-07-13T15:39:19.925822Z", "fetched_at": "2025-07-13T15:39:37.262839+00:00", "symbol": "BTC-USD"}, {"trade_id": 848269254, "side": "sell", "size": "0.00287475", "price": "118680.31000000", "time": "2025-07-13T15:39:18.887405Z", "fetched_at": "2025-07-13T15:39:37.262839+00:00", "symbol": "BTC-USD"}, {"trade_id": 848269253, "side": "sell", "size": "0.00499997", "price": "118680.31000000", "time": "2025-07-13T15:39:18.887405Z", "fetched_at": "2025-07-13T15:39:37.262839+00:00", "symbol": "BTC-USD"}, {"trade_id": 848269252, "side": "sell", "size": "0.00499941", "price": "118677.18000000", "time": "2025-07-13T15:39:18.877987Z", "fetched_at": "2025-07-13T15:39:37.262839+00:00", "symbol": "BTC-USD"}, {"trade_id": 848269251, "side": "sell", "size": "0.00288035", "price": "118676.59000000", "time": "2025-07-13T15:39:18.877987Z", "fetched_at": "2025-07-13T15:39:37.262839+00:00", "symbol": "BTC-USD"}, {"trade_id": 848269250, "side": "sell", "size": "0.00211926", "price": "118676.59000000", "time": "2025-07-13T15:39:18.704102Z", "fetched_at": "2025-07-13T15:39:37.262839+00:00", "symbol": "BTC-USD"}, {"trade_id": 848269249, "side": "sell", "size": "0.00001000", "price": "118672.60000000", "time": "2025-07-13T15:39:18.704102Z", "fetched_at": "2025-07-13T15:39:37.262839+00:00", "symbol": "BTC-USD"}, {"trade_id": 848269248, "side": "sell", "size": "0.00551628", "price": "118671.09000000", "time": "2025-07-13T15:39:18.552025Z", "fetched_at": "2025-07-13T15:39:37.262839+00:00", "symbol": "BTC-USD"}, {"trade_id": 848269247, "side": "sell", "size": "0.00093536", "price": "118670.00000000", "time": "2025-07-13T15:39:18.552025Z", "fetched_at": "2025-07-13T15:39:37.262839+00:00", "symbol": "BTC-USD"}, {"trade_id": 848269246, "side": "sell", "size": "0.03759929", "price": "118668.27000000", "time": "2025-07-13T15:39:18.552025Z", "fetched_at": "2025-07-13T15:39:37.262839+00:00", "symbol": "BTC-USD"}, {"trade_id": 848269245, "side": "sell", "size": "0.03719535", "price": "118668.27000000", "time": "2025-07-13T15:39:18.551616Z", "fetched_at": "2025-07-13T15:39:37.262839+00:00", "symbol": "BTC-USD"}, {"trade_id": 848269244, "side": "sell", "size": "0.04692539", "price": "118668.27000000", "time": "2025-07-13T15:39:18.551277Z", "fetched_at": "2025-07-13T15:39:37.262839+00:00", "symbol": "BTC-USD"}, {"trade_id": 848269243, "side": "sell", "size": "0.00336819", "price": "118668.00000000", "time": "2025-07-13T15:39:18.551277Z", "fetched_at": "2025-07-13T15:39:37.262839+00:00", "symbol": "BTC-USD"}, {"trade_id": 848269242, "side": "sell", "size": "0.00421401", "price": "118668.00000000", "time": "2025-07-13T15:39:18.551277Z", "fetched_at": "2025-07-13T15:39:37.262839+00:00", "symbol": "BTC-USD"}, {"trade_id": 848269241, "side": "sell", "size": "0.02999640", "price": "118668.00000000", "time": "2025-07-13T15:39:18.551277Z", "fetched_at": "2025-07-13T15:39:37.262839+00:00", "symbol": "BTC-USD"}, {"trade_id": 848269240, "side": "sell", "size": "0.00828142", "price": "118666.10000000", "time": "2025-07-13T15:39:18.550850Z", "fetched_at": "2025-07-13T15:39:37.262839+00:00", "symbol": "BTC-USD"}, {"trade_id": 848269239, "side": "sell", "size": "0.00502662", "price": "118663.70000000", "time": "2025-07-13T15:39:18.550850Z", "fetched_at": "2025-07-13T15:39:37.262839+00:00", "symbol": "BTC-USD"}, {"trade_id": 848269238, "side": "sell", "size": "0.00841700", "price": "118663.70000000", "time": "2025-07-13T15:39:18.550268Z", "fetched_at": "2025-07-13T15:39:37.262839+00:00", "symbol": "BTC-USD"}, {"trade_id": 848269237, "side": "sell", "size": "0.00001000", "price": "118663.70000000", "time": "2025-07-13T15:39:18.550268Z", "fetched_at": "2025-07-13T15:39:37.262839+00:00", "symbol": "BTC-USD"}, {"trade_id": 848269236, "side": "sell", "size": "0.00001328", "price": "118660.00000000", "time": "2025-07-13T15:39:18.546250Z", "fetched_at": "2025-07-13T15:39:37.262839+00:00", "symbol": "BTC-USD"}, {"trade_id": 848269235, "side": "sell", "size": "0.00000632", "price": "118660.00000000", "time": "2025-07-13T15:39:18.546250Z", "fetched_at": "2025-07-13T15:39:37.262839+00:00", "symbol": "BTC-USD"}, {"trade_id": 848269234, "side": "sell", "size": "0.07480111", "price": "118660.00000000", "time": "2025-07-13T15:39:18.546250Z", "fetched_at": "2025-07-13T15:39:37.262839+00:00", "symbol": "BTC-USD"}, {"trade_id": 848269233, "side": "buy", "size": "0.01082445", "price": "118659.99000000", "time": "2025-07-13T15:39:17.791543Z", "fetched_at": "2025-07-13T15:39:37.262839+00:00", "symbol": "BTC-USD"}, {"trade_id": 848269232, "side": "buy", "size": "0.00008054", "price": "118659.99000000", "time": "2025-07-13T15:39:17.791543Z", "fetched_at": "2025-07-13T15:39:37.262839+00:00", "symbol": "BTC-USD"}, {"trade_id": 848269231, "side": "sell", "size": "0.00000008", "price": "118660.00000000", "time": "2025-07-13T15:39:17.379446Z", "fetched_at": "2025-07-13T15:39:37.262839+00:00", "symbol": "BTC-USD"}, {"trade_id": 848269230, "side": "buy", "size": "0.00005900", "price": "118659.99000000", "time": "2025-07-13T15:39:17.025198Z", "fetched_at": "2025-07-13T15:39:37.262839+00:00", "symbol": "BTC-USD"}, {"trade_id": 848269229, "side": "buy", "size": "0.00247345", "price": "118659.99000000", "time": "2025-07-13T15:39:16.731415Z", "fetched_at": "2025-07-13T15:39:37.262839+00:00", "symbol": "BTC-USD"}, {"trade_id": 848269228, "side": "buy", "size": "0.00008054", "price": "118659.99000000", "time": "2025-07-13T15:39:16.731415Z", "fetched_at": "2025-07-13T15:39:37.262839+00:00", "symbol": "BTC-USD"}, {"trade_id": 848269227, "side": "sell", "size": "0.00017723", "price": "118660.00000000", "time": "2025-07-13T15:39:16.054860Z", "fetched_at": "2025-07-13T15:39:37.262839+00:00", "symbol": "BTC-USD"}, {"trade_id": 848269226, "side": "sell", "size": "0.00200000", "price": "118656.81000000", "time": "2025-07-13T15:39:15.588694Z", "fetched_at": "2025-07-13T15:39:37.262839+00:00", "symbol": "BTC-USD"}, {"trade_id": 848269225, "side": "buy", "size": "0.00459669", "price": "118655.54000000", "time": "2025-07-13T15:39:15.219311Z", "fetched_at": "2025-07-13T15:39:37.262839+00:00", "symbol": "BTC-USD"}, {"trade_id": 848269224, "side": "buy", "size": "0.00008054", "price": "118659.99000000", "time": "2025-07-13T15:39:15.219311Z", "fetched_at": "2025-07-13T15:39:37.262839+00:00", "symbol": "BTC-USD"}, {"trade_id": 848269223, "side": "sell", "size": "0.00159894", "price": "118659.90000000", "time": "2025-07-13T15:39:15.135170Z", "fetched_at": "2025-07-13T15:39:37.262839+00:00", "symbol": "BTC-USD"}, {"trade_id": 848269222, "side": "buy", "size": "0.00076230", "price": "118655.52000000", "time": "2025-07-13T15:39:15.017599Z", "fetched_at": "2025-07-13T15:39:37.262839+00:00", "symbol": "BTC-USD"}, {"trade_id": 848269221, "side": "buy", "size": "0.00008054", "price": "118659.89000000", "time": "2025-07-13T15:39:15.017599Z", "fetched_at": "2025-07-13T15:39:37.262839+00:00", "symbol": "BTC-USD"}, {"trade_id": 848269220, "side": "sell", "size": "0.00022112", "price": "118659.99000000", "time": "2025-07-13T15:39:14.558915Z", "fetched_at": "2025-07-13T15:39:37.262839+00:00", "symbol": "BTC-USD"}, {"trade_id": 848269219, "side": "sell", "size": "0.02502158", "price": "118660.00000000", "time": "2025-07-13T15:39:14.368197Z", "fetched_at": "2025-07-13T15:39:37.262839+00:00", "symbol": "BTC-USD"}, {"trade_id": 848269218, "side": "sell", "size": "0.00001033", "price": "118659.99000000", "time": "2025-07-13T15:39:14.368197Z", "fetched_at": "2025-07-13T15:39:37.262839+00:00", "symbol": "BTC-USD"}, {"trade_id": 848269217, "side": "sell", "size": "0.00012510", "price": "118659.83000000", "time": "2025-07-13T15:39:13.961703Z", "fetched_at": "2025-07-13T15:39:37.262839+00:00", "symbol": "BTC-USD"}, {"trade_id": 848269216, "side": "sell", "size": "0.04193178", "price": "118645.24000000", "time": "2025-07-13T15:39:13.052458Z", "fetched_at": "2025-07-13T15:39:37.262839+00:00", "symbol": "BTC-USD"}, {"trade_id": 848269215, "side": "buy", "size": "0.00008055", "price": "118645.24000000", "time": "2025-07-13T15:39:12.033525Z", "fetched_at": "2025-07-13T15:39:37.262839+00:00", "symbol": "BTC-USD"}, {"trade_id": 848269214, "side": "sell", "size": "0.00000825", "price": "118653.89000000", "time": "2025-07-13T15:39:11.574816Z", "fetched_at": "2025-07-13T15:39:37.262839+00:00", "symbol": "BTC-USD"}, {"trade_id": 848269213, "side": "buy", "size": "0.00008054", "price": "118653.89000000", "time": "2025-07-13T15:39:11.537977Z", "fetched_at": "2025-07-13T15:39:37.262839+00:00", "symbol": "BTC-USD"}, {"trade_id": 848269212, "side": "buy", "size": "0.00008054", "price": "118659.99000000", "time": "2025-07-13T15:39:11.375597Z", "fetched_at": "2025-07-13T15:39:37.262839+00:00", "symbol": "BTC-USD"}, {"trade_id": 848269211, "side": "buy", "size": "0.03266568", "price": "118650.62000000", "time": "2025-07-13T15:39:11.100503Z", "fetched_at": "2025-07-13T15:39:37.262839+00:00", "symbol": "BTC-USD"}, {"trade_id": 848269210, "side": "buy", "size": "0.02827951", "price": "118652.37000000", "time": "2025-07-13T15:39:11.100503Z", "fetched_at": "2025-07-13T15:39:37.262839+00:00", "symbol": "BTC-USD"}, {"trade_id": 848269209, "side": "buy", "size": "0.00002476", "price": "118655.27000000", "time": "2025-07-13T15:39:11.100503Z", "fetched_at": "2025-07-13T15:39:37.262839+00:00", "symbol": "BTC-USD"}, {"trade_id": 848269208, "side": "buy", "size": "0.00674085", "price": "118656.26000000", "time": "2025-07-13T15:39:11.100503Z", "fetched_at": "2025-07-13T15:39:37.262839+00:00", "symbol": "BTC-USD"}, {"trade_id": 848269207, "side": "buy", "size": "0.00008054", "price": "118659.99000000", "time": "2025-07-13T15:39:11.100503Z", "fetched_at": "2025-07-13T15:39:37.262839+00:00", "symbol": "BTC-USD"}, {"trade_id": 848269206, "side": "sell", "size": "0.01833981", "price": "118654.84000000", "time": "2025-07-13T15:39:09.824018Z", "fetched_at": "2025-07-13T15:39:37.262839+00:00", "symbol": "BTC-USD"}, {"trade_id": 848269205, "side": "sell", "size": "0.00001000", "price": "118654.80000000", "time": "2025-07-13T15:39:09.824018Z", "fetched_at": "2025-07-13T15:39:37.262839+00:00", "symbol": "BTC-USD"}, {"trade_id": 848269204, "side": "sell", "size": "0.02259556", "price": "118654.79000000", "time": "2025-07-13T15:39:09.824018Z", "fetched_at": "2025-07-13T15:39:37.262839+00:00", "symbol": "BTC-USD"}, {"trade_id": 848269203, "side": "buy", "size": "0.00005304", "price": "118654.78000000", "time": "2025-07-13T15:39:09.501311Z", "fetched_at": "2025-07-13T15:39:37.262839+00:00", "symbol": "BTC-USD"}, {"trade_id": 848269202, "side": "buy", "size": "0.00008054", "price": "118654.78000000", "time": "2025-07-13T15:39:09.501311Z", "fetched_at": "2025-07-13T15:39:37.262839+00:00", "symbol": "BTC-USD"}, {"trade_id": 848269201, "side": "sell", "size": "0.00858577", "price": "118654.79000000", "time": "2025-07-13T15:39:09.473514Z", "fetched_at": "2025-07-13T15:39:37.262839+00:00", "symbol": "BTC-USD"}, {"trade_id": 848269200, "side": "sell", "size": "0.00000269", "price": "118654.01000000", "time": "2025-07-13T15:39:09.473514Z", "fetched_at": "2025-07-13T15:39:37.262839+00:00", "symbol": "BTC-USD"}, {"trade_id": 848269199, "side": "sell", "size": "0.00001034", "price": "118648.77000000", "time": "2025-07-13T15:39:09.473514Z", "fetched_at": "2025-07-13T15:39:37.262839+00:00", "symbol": "BTC-USD"}, {"trade_id": 848269198, "side": "sell", "size": "0.00000146", "price": "118648.77000000", "time": "2025-07-13T15:39:09.473514Z", "fetched_at": "2025-07-13T15:39:37.262839+00:00", "symbol": "BTC-USD"}, {"trade_id": 848269197, "side": "sell", "size": "0.00004823", "price": "118648.19000000", "time": "2025-07-13T15:39:08.565582Z", "fetched_at": "2025-07-13T15:39:37.262839+00:00", "symbol": "BTC-USD"}, {"trade_id": 848269196, "side": "sell", "size": "0.00012284", "price": "118648.19000000", "time": "2025-07-13T15:39:08.504777Z", "fetched_at": "2025-07-13T15:39:37.262839+00:00", "symbol": "BTC-USD"}, {"trade_id": 848269195, "side": "sell", "size": "0.00300000", "price": "118648.19000000", "time": "2025-07-13T15:39:08.116509Z", "fetched_at": "2025-07-13T15:39:37.262839+00:00", "symbol": "BTC-USD"}, {"trade_id": 848269194, "side": "buy", "size": "0.00000395", "price": "118642.94000000", "time": "2025-07-13T15:39:07.222599Z", "fetched_at": "2025-07-13T15:39:37.262839+00:00", "symbol": "BTC-USD"}, {"trade_id": 848269193, "side": "sell", "size": "0.00025581", "price": "118648.36000000", "time": "2025-07-13T15:39:05.665364Z", "fetched_at": "2025-07-13T15:39:37.262839+00:00", "symbol": "BTC-USD"}, {"trade_id": 848269192, "side": "buy", "size": "0.00009003", "price": "118637.36000000", "time": "2025-07-13T15:39:05.560087Z", "fetched_at": "2025-07-13T15:39:37.262839+00:00", "symbol": "BTC-USD"}, {"trade_id": 848269191, "side": "sell", "size": "0.00025866", "price": "118648.37000000", "time": "2025-07-13T15:39:05.465142Z", "fetched_at": "2025-07-13T15:39:37.262839+00:00", "symbol": "BTC-USD"}, {"trade_id": 848269190, "side": "sell", "size": "0.00029718", "price": "118648.39000000", "time": "2025-07-13T15:39:05.424446Z", "fetched_at": "2025-07-13T15:39:37.262839+00:00", "symbol": "BTC-USD"}, {"trade_id": 848269189, "side": "sell", "size": "0.00000518", "price": "118648.77000000", "time": "2025-07-13T15:39:04.313210Z", "fetched_at": "2025-07-13T15:39:37.262839+00:00", "symbol": "BTC-USD"}, {"trade_id": 848269188, "side": "sell", "size": "0.00001033", "price": "118646.95000000", "time": "2025-07-13T15:39:04.313210Z", "fetched_at": "2025-07-13T15:39:37.262839+00:00", "symbol": "BTC-USD"}, {"trade_id": 848269187, "side": "sell", "size": "0.00016685", "price": "118647.01000000", "time": "2025-07-13T15:39:03.955753Z", "fetched_at": "2025-07-13T15:39:37.262839+00:00", "symbol": "BTC-USD"}, {"trade_id": 848269186, "side": "buy", "size": "0.00020628", "price": "118637.18000000", "time": "2025-07-13T15:39:03.751428Z", "fetched_at": "2025-07-13T15:39:37.262839+00:00", "symbol": "BTC-USD"}, {"trade_id": 848269185, "side": "sell", "size": "0.00020473", "price": "118643.24000000", "time": "2025-07-13T15:39:03.152434Z", "fetched_at": "2025-07-13T15:39:37.262839+00:00", "symbol": "BTC-USD"}, {"trade_id": 848269184, "side": "sell", "size": "0.00041723", "price": "118643.30000000", "time": "2025-07-13T15:39:02.930852Z", "fetched_at": "2025-07-13T15:39:37.262839+00:00", "symbol": "BTC-USD"}, {"trade_id": 848269183, "side": "buy", "size": "0.00064857", "price": "118629.19000000", "time": "2025-07-13T15:39:02.375689Z", "fetched_at": "2025-07-13T15:39:37.262839+00:00", "symbol": "BTC-USD"}, {"trade_id": 848269182, "side": "buy", "size": "0.00390079", "price": "118630.88000000", "time": "2025-07-13T15:39:02.375689Z", "fetched_at": "2025-07-13T15:39:37.262839+00:00", "symbol": "BTC-USD"}, {"trade_id": 848269181, "side": "buy", "size": "0.03582377", "price": "118636.59000000", "time": "2025-07-13T15:39:02.247178Z", "fetched_at": "2025-07-13T15:39:37.262839+00:00", "symbol": "BTC-USD"}, {"trade_id": 848269180, "side": "buy", "size": "0.00674186", "price": "118641.69000000", "time": "2025-07-13T15:39:02.247178Z", "fetched_at": "2025-07-13T15:39:37.262839+00:00", "symbol": "BTC-USD"}, {"trade_id": 848269179, "side": "sell", "size": "0.00114644", "price": "118639.53000000", "time": "2025-07-13T15:39:00.795899Z", "fetched_at": "2025-07-13T15:39:37.262839+00:00", "symbol": "BTC-USD"}, {"trade_id": 848269178, "side": "sell", "size": "0.00004808", "price": "118638.04000000", "time": "2025-07-13T15:39:00.706434Z", "fetched_at": "2025-07-13T15:39:37.262839+00:00", "symbol": "BTC-USD"}, {"trade_id": 848269177, "side": "buy", "size": "0.00255391", "price": "118648.76000000", "time": "2025-07-13T15:39:00.085383Z", "fetched_at": "2025-07-13T15:39:37.262839+00:00", "symbol": "BTC-USD"}, {"trade_id": 848269176, "side": "sell", "size": "0.00842871", "price": "118642.06000000", "time": "2025-07-13T15:38:59.896436Z", "fetched_at": "2025-07-13T15:39:37.262839+00:00", "symbol": "BTC-USD"}, {"trade_id": 848269175, "side": "sell", "size": "0.00355124", "price": "118641.54000000", "time": "2025-07-13T15:38:59.892715Z", "fetched_at": "2025-07-13T15:39:37.262839+00:00", "symbol": "BTC-USD"}, {"trade_id": 848269174, "side": "sell", "size": "0.01701063", "price": "118641.53000000", "time": "2025-07-13T15:38:59.892715Z", "fetched_at": "2025-07-13T15:39:37.262839+00:00", "symbol": "BTC-USD"}, {"trade_id": 848269173, "side": "sell", "size": "0.01739435", "price": "118641.52000000", "time": "2025-07-13T15:38:59.892715Z", "fetched_at": "2025-07-13T15:39:37.262839+00:00", "symbol": "BTC-USD"}, {"trade_id": 848269172, "side": "sell", "size": "0.00001034", "price": "118636.61000000", "time": "2025-07-13T15:38:59.892715Z", "fetched_at": "2025-07-13T15:39:37.262839+00:00", "symbol": "BTC-USD"}, {"trade_id": 848269171, "side": "sell", "size": "0.00097338", "price": "118636.38000000", "time": "2025-07-13T15:38:59.229869Z", "fetched_at": "2025-07-13T15:39:37.262839+00:00", "symbol": "BTC-USD"}, {"trade_id": 848269170, "side": "sell", "size": "0.00008343", "price": "118636.39000000", "time": "2025-07-13T15:38:59.205191Z", "fetched_at": "2025-07-13T15:39:37.262839+00:00", "symbol": "BTC-USD"}, {"trade_id": 848269169, "side": "sell", "size": "0.00008134", "price": "118636.43000000", "time": "2025-07-13T15:38:59.142984Z", "fetched_at": "2025-07-13T15:39:37.262839+00:00", "symbol": "BTC-USD"}, {"trade_id": 848269168, "side": "sell", "size": "0.00016000", "price": "118637.14000000", "time": "2025-07-13T15:38:58.737443Z", "fetched_at": "2025-07-13T15:39:37.262839+00:00", "symbol": "BTC-USD"}, {"trade_id": 848269167, "side": "sell", "size": "0.00300000", "price": "118637.28000000", "time": "2025-07-13T15:38:58.436517Z", "fetched_at": "2025-07-13T15:39:37.262839+00:00", "symbol": "BTC-USD"}, {"trade_id": 848269166, "side": "sell", "size": "0.00000093", "price": "118637.23000000", "time": "2025-07-13T15:38:58.385937Z", "fetched_at": "2025-07-13T15:39:37.262839+00:00", "symbol": "BTC-USD"}, {"trade_id": 848269165, "side": "sell", "size": "0.00007992", "price": "118634.05000000", "time": "2025-07-13T15:38:58.081037Z", "fetched_at": "2025-07-13T15:39:37.262839+00:00", "symbol": "BTC-USD"}, {"trade_id": 848269164, "side": "sell", "size": "0.00008793", "price": "118634.09000000", "time": "2025-07-13T15:38:58.076327Z", "fetched_at": "2025-07-13T15:39:37.262839+00:00", "symbol": "BTC-USD"}, {"trade_id": 848269163, "side": "sell", "size": "0.00002295", "price": "118638.46000000", "time": "2025-07-13T15:38:57.986154Z", "fetched_at": "2025-07-13T15:39:37.262839+00:00", "symbol": "BTC-USD"}, {"trade_id": 848269162, "side": "buy", "size": "0.00000143", "price": "118636.99000000", "time": "2025-07-13T15:38:57.910782Z", "fetched_at": "2025-07-13T15:39:37.262839+00:00", "symbol": "BTC-USD"}, {"trade_id": 848269161, "side": "buy", "size": "0.00001000", "price": "118637.00000000", "time": "2025-07-13T15:38:57.910782Z", "fetched_at": "2025-07-13T15:39:37.262839+00:00", "symbol": "BTC-USD"}, {"trade_id": 848269160, "side": "buy", "size": "0.00841069", "price": "118637.01000000", "time": "2025-07-13T15:38:57.910782Z", "fetched_at": "2025-07-13T15:39:37.262839+00:00", "symbol": "BTC-USD"}, {"trade_id": 848269159, "side": "buy", "size": "0.00000353", "price": "118646.13000000", "time": "2025-07-13T15:38:57.910782Z", "fetched_at": "2025-07-13T15:39:37.262839+00:00", "symbol": "BTC-USD"}, {"trade_id": 848269158, "side": "sell", "size": "0.00008343", "price": "118646.14000000", "time": "2025-07-13T15:38:57.644263Z", "fetched_at": "2025-07-13T15:39:37.262839+00:00", "symbol": "BTC-USD"}, {"trade_id": 848269157, "side": "buy", "size": "0.00145795", "price": "118646.81000000", "time": "2025-07-13T15:38:55.516718Z", "fetched_at": "2025-07-13T15:39:37.262839+00:00", "symbol": "BTC-USD"}, {"trade_id": 848269156, "side": "buy", "size": "0.00008054", "price": "118646.82000000", "time": "2025-07-13T15:38:55.516718Z", "fetched_at": "2025-07-13T15:39:37.262839+00:00", "symbol": "BTC-USD"}, {"trade_id": 848269155, "side": "sell", "size": "0.00081891", "price": "118652.36000000", "time": "2025-07-13T15:38:55.247107Z", "fetched_at": "2025-07-13T15:39:37.262839+00:00", "symbol": "BTC-USD"}, {"trade_id": 848269154, "side": "sell", "size": "0.00006358", "price": "118652.43000000", "time": "2025-07-13T15:38:55.174359Z", "fetched_at": "2025-07-13T15:39:37.262839+00:00", "symbol": "BTC-USD"}, {"trade_id": 848269153, "side": "sell", "size": "0.00001773", "price": "118649.60000000", "time": "2025-07-13T15:38:55.174359Z", "fetched_at": "2025-07-13T15:39:37.262839+00:00", "symbol": "BTC-USD"}, {"trade_id": 848269152, "side": "sell", "size": "0.00409457", "price": "118649.60000000", "time": "2025-07-13T15:38:54.447283Z", "fetched_at": "2025-07-13T15:39:37.262839+00:00", "symbol": "BTC-USD"}, {"trade_id": 848269151, "side": "sell", "size": "0.00065505", "price": "118649.88000000", "time": "2025-07-13T15:38:52.752910Z", "fetched_at": "2025-07-13T15:39:37.262839+00:00", "symbol": "BTC-USD"}, {"trade_id": 848269150, "side": "sell", "size": "0.00020910", "price": "118649.88000000", "time": "2025-07-13T15:38:52.720146Z", "fetched_at": "2025-07-13T15:39:37.262839+00:00", "symbol": "BTC-USD"}, {"trade_id": 848269149, "side": "buy", "size": "0.00321775", "price": "118646.82000000", "time": "2025-07-13T15:38:52.648791Z", "fetched_at": "2025-07-13T15:39:37.262839+00:00", "symbol": "BTC-USD"}, {"trade_id": 848269148, "side": "buy", "size": "0.00000455", "price": "118647.78000000", "time": "2025-07-13T15:38:52.648791Z", "fetched_at": "2025-07-13T15:39:37.262839+00:00", "symbol": "BTC-USD"}, {"trade_id": 848269147, "side": "buy", "size": "0.00008054", "price": "118654.00000000", "time": "2025-07-13T15:38:52.648791Z", "fetched_at": "2025-07-13T15:39:37.262839+00:00", "symbol": "BTC-USD"}, {"trade_id": 848269146, "side": "sell", "size": "0.00454760", "price": "118651.14000000", "time": "2025-07-13T15:38:52.604049Z", "fetched_at": "2025-07-13T15:39:37.262839+00:00", "symbol": "BTC-USD"}, {"trade_id": 848269145, "side": "buy", "size": "0.00008054", "price": "118654.02000000", "time": "2025-07-13T15:38:52.314540Z", "fetched_at": "2025-07-13T15:39:37.262839+00:00", "symbol": "BTC-USD"}, {"trade_id": 848269144, "side": "buy", "size": "0.00008054", "price": "118654.02000000", "time": "2025-07-13T15:38:52.301777Z", "fetched_at": "2025-07-13T15:39:37.262839+00:00", "symbol": "BTC-USD"}, {"trade_id": 848269143, "side": "buy", "size": "0.00008054", "price": "118654.01000000", "time": "2025-07-13T15:38:52.275353Z", "fetched_at": "2025-07-13T15:39:37.262839+00:00", "symbol": "BTC-USD"}, {"trade_id": 848269142, "side": "buy", "size": "0.00008054", "price": "118654.02000000", "time": "2025-07-13T15:38:52.240108Z", "fetched_at": "2025-07-13T15:39:37.262839+00:00", "symbol": "BTC-USD"}, {"trade_id": 848269141, "side": "buy", "size": "0.00008054", "price": "118654.03000000", "time": "2025-07-13T15:38:52.227535Z", "fetched_at": "2025-07-13T15:39:37.262839+00:00", "symbol": "BTC-USD"}, {"trade_id": 848269140, "side": "buy", "size": "0.00008054", "price": "118654.05000000", "time": "2025-07-13T15:38:52.179609Z", "fetched_at": "2025-07-13T15:39:37.262839+00:00", "symbol": "BTC-USD"}, {"trade_id": 848269139, "side": "buy", "size": "0.00008053", "price": "118654.70000000", "time": "2025-07-13T15:38:52.128820Z", "fetched_at": "2025-07-13T15:39:37.262839+00:00", "symbol": "BTC-USD"}, {"trade_id": 848269138, "side": "sell", "size": "0.03259229", "price": "118654.71000000", "time": "2025-07-13T15:38:51.928510Z", "fetched_at": "2025-07-13T15:39:37.262839+00:00", "symbol": "BTC-USD"}, {"trade_id": 848269137, "side": "sell", "size": "0.00842781", "price": "118654.71000000", "time": "2025-07-13T15:38:51.928510Z", "fetched_at": "2025-07-13T15:39:37.262839+00:00", "symbol": "BTC-USD"}, {"trade_id": 848269136, "side": "sell", "size": "0.01678932", "price": "118648.61000000", "time": "2025-07-13T15:38:51.887809Z", "fetched_at": "2025-07-13T15:39:37.262839+00:00", "symbol": "BTC-USD"}, {"trade_id": 848269135, "side": "buy", "size": "0.00002925", "price": "118648.60000000", "time": "2025-07-13T15:38:51.781409Z", "fetched_at": "2025-07-13T15:39:37.262839+00:00", "symbol": "BTC-USD"}, {"trade_id": 848269134, "side": "sell", "size": "0.00014099", "price": "118648.61000000", "time": "2025-07-13T15:38:51.727912Z", "fetched_at": "2025-07-13T15:39:37.262839+00:00", "symbol": "BTC-USD"}, {"trade_id": 848269133, "side": "sell", "size": "0.00000686", "price": "118648.61000000", "time": "2025-07-13T15:38:51.727912Z", "fetched_at": "2025-07-13T15:39:37.262839+00:00", "symbol": "BTC-USD"}, {"trade_id": 848269132, "side": "sell", "size": "0.00119858", "price": "118648.61000000", "time": "2025-07-13T15:38:51.698284Z", "fetched_at": "2025-07-13T15:39:37.262839+00:00", "symbol": "BTC-USD"}, {"trade_id": 848269131, "side": "buy", "size": "0.00008054", "price": "118656.20000000", "time": "2025-07-13T15:38:50.985901Z", "fetched_at": "2025-07-13T15:39:37.262839+00:00", "symbol": "BTC-USD"}, {"trade_id": 848269130, "side": "buy", "size": "0.03053541", "price": "118656.24000000", "time": "2025-07-13T15:38:50.212247Z", "fetched_at": "2025-07-13T15:39:37.262839+00:00", "symbol": "BTC-USD"}, {"trade_id": 848269129, "side": "buy", "size": "0.03053477", "price": "118656.24000000", "time": "2025-07-13T15:38:50.212247Z", "fetched_at": "2025-07-13T15:39:37.262839+00:00", "symbol": "BTC-USD"}, {"trade_id": 848269128, "side": "buy", "size": "0.06396284", "price": "118656.24000000", "time": "2025-07-13T15:38:50.208696Z", "fetched_at": "2025-07-13T15:39:37.262839+00:00", "symbol": "BTC-USD"}, {"trade_id": 848269127, "side": "buy", "size": "0.00470997", "price": "118660.93000000", "time": "2025-07-13T15:38:50.205280Z", "fetched_at": "2025-07-13T15:39:37.262839+00:00", "symbol": "BTC-USD"}, {"trade_id": 848269126, "side": "buy", "size": "0.02560000", "price": "118660.94000000", "time": "2025-07-13T15:38:50.205280Z", "fetched_at": "2025-07-13T15:39:37.262839+00:00", "symbol": "BTC-USD"}, {"trade_id": 848269125, "side": "buy", "size": "0.00002298", "price": "118663.33000000", "time": "2025-07-13T15:38:50.205280Z", "fetched_at": "2025-07-13T15:39:37.262839+00:00", "symbol": "BTC-USD"}, {"trade_id": 848269124, "side": "buy", "size": "0.00008053", "price": "118663.69000000", "time": "2025-07-13T15:38:50.205280Z", "fetched_at": "2025-07-13T15:39:37.262839+00:00", "symbol": "BTC-USD"}, {"trade_id": 848269123, "side": "buy", "size": "0.00042000", "price": "118660.88000000", "time": "2025-07-13T15:38:47.693412Z", "fetched_at": "2025-07-13T15:39:37.262839+00:00", "symbol": "BTC-USD"}, {"trade_id": 848269122, "side": "sell", "size": "0.01882883", "price": "118650.54000000", "time": "2025-07-13T15:38:47.668575Z", "fetched_at": "2025-07-13T15:39:37.262839+00:00", "symbol": "BTC-USD"}, {"trade_id": 848269121, "side": "sell", "size": "0.00000642", "price": "118649.39000000", "time": "2025-07-13T15:38:47.668575Z", "fetched_at": "2025-07-13T15:39:37.262839+00:00", "symbol": "BTC-USD"}, {"trade_id": 848269120, "side": "sell", "size": "0.00841478", "price": "118649.38000000", "time": "2025-07-13T15:38:46.908929Z", "fetched_at": "2025-07-13T15:39:37.262839+00:00", "symbol": "BTC-USD"}, {"trade_id": 848269119, "side": "sell", "size": "0.00001047", "price": "118640.30000000", "time": "2025-07-13T15:38:46.908929Z", "fetched_at": "2025-07-13T15:39:37.262839+00:00", "symbol": "BTC-USD"}, {"trade_id": 848269118, "side": "sell", "size": "0.00000294", "price": "118640.30000000", "time": "2025-07-13T15:38:46.908929Z", "fetched_at": "2025-07-13T15:39:37.262839+00:00", "symbol": "BTC-USD"}, {"trade_id": 848269117, "side": "sell", "size": "0.00001000", "price": "118637.00000000", "time": "2025-07-13T15:38:46.695255Z", "fetched_at": "2025-07-13T15:39:37.262839+00:00", "symbol": "BTC-USD"}, {"trade_id": 848269116, "side": "sell", "size": "0.00001047", "price": "118635.67000000", "time": "2025-07-13T15:38:46.673002Z", "fetched_at": "2025-07-13T15:39:37.262839+00:00", "symbol": "BTC-USD"}, {"trade_id": 848269115, "side": "sell", "size": "0.00000151", "price": "118635.67000000", "time": "2025-07-13T15:38:46.673002Z", "fetched_at": "2025-07-13T15:39:37.262839+00:00", "symbol": "BTC-USD"}, {"trade_id": 848269114, "side": "sell", "size": "0.00001047", "price": "118628.00000000", "time": "2025-07-13T15:38:46.316608Z", "fetched_at": "2025-07-13T15:39:37.262839+00:00", "symbol": "BTC-USD"}, {"trade_id": 848269113, "side": "sell", "size": "0.00684172", "price": "118630.33000000", "time": "2025-07-13T15:38:46.239550Z", "fetched_at": "2025-07-13T15:39:37.262839+00:00", "symbol": "BTC-USD"}, {"trade_id": 848269112, "side": "sell", "size": "0.00001047", "price": "118627.12000000", "time": "2025-07-13T15:38:46.239550Z", "fetched_at": "2025-07-13T15:39:37.262839+00:00", "symbol": "BTC-USD"}, {"trade_id": 848269111, "side": "sell", "size": "0.06654586", "price": "118630.35000000", "time": "2025-07-13T15:38:46.234646Z", "fetched_at": "2025-07-13T15:39:37.262839+00:00", "symbol": "BTC-USD"}, {"trade_id": 848269110, "side": "sell", "size": "0.04909605", "price": "118630.34000000", "time": "2025-07-13T15:38:46.234646Z", "fetched_at": "2025-07-13T15:39:37.262839+00:00", "symbol": "BTC-USD"}, {"trade_id": 848269109, "side": "sell", "size": "0.00684172", "price": "118618.16000000", "time": "2025-07-13T15:38:46.217441Z", "fetched_at": "2025-07-13T15:39:37.262839+00:00", "symbol": "BTC-USD"}, {"trade_id": 848269108, "side": "sell", "size": "0.00001047", "price": "118618.05000000", "time": "2025-07-13T15:38:46.217441Z", "fetched_at": "2025-07-13T15:39:37.262839+00:00", "symbol": "BTC-USD"}, {"trade_id": 848269107, "side": "sell", "size": "0.00001121", "price": "118618.05000000", "time": "2025-07-13T15:38:46.217441Z", "fetched_at": "2025-07-13T15:39:37.262839+00:00", "symbol": "BTC-USD"}, {"trade_id": 848269106, "side": "sell", "size": "0.00075619", "price": "118618.16000000", "time": "2025-07-13T15:38:46.175614Z", "fetched_at": "2025-07-13T15:39:37.262839+00:00", "symbol": "BTC-USD"}, {"trade_id": 848269105, "side": "sell", "size": "0.00003323", "price": "118618.05000000", "time": "2025-07-13T15:38:46.175614Z", "fetched_at": "2025-07-13T15:39:37.262839+00:00", "symbol": "BTC-USD"}, {"trade_id": 848269104, "side": "sell", "size": "0.00000963", "price": "118618.05000000", "time": "2025-07-13T15:38:46.175614Z", "fetched_at": "2025-07-13T15:39:37.262839+00:00", "symbol": "BTC-USD"}, {"trade_id": 848269103, "side": "buy", "size": "0.00000266", "price": "118618.04000000", "time": "2025-07-13T15:38:46.084758Z", "fetched_at": "2025-07-13T15:39:37.262839+00:00", "symbol": "BTC-USD"}, {"trade_id": 848269102, "side": "buy", "size": "0.00001000", "price": "118619.20000000", "time": "2025-07-13T15:38:46.084758Z", "fetched_at": "2025-07-13T15:39:37.262839+00:00", "symbol": "BTC-USD"}, {"trade_id": 848269101, "side": "buy", "size": "0.00001000", "price": "118628.10000000", "time": "2025-07-13T15:38:46.084758Z", "fetched_at": "2025-07-13T15:39:37.262839+00:00", "symbol": "BTC-USD"}, {"trade_id": 848269100, "side": "buy", "size": "0.00000556", "price": "118630.34000000", "time": "2025-07-13T15:38:46.084758Z", "fetched_at": "2025-07-13T15:39:37.262839+00:00", "symbol": "BTC-USD"}, {"trade_id": 848269099, "side": "buy", "size": "0.00610245", "price": "118636.47000000", "time": "2025-07-13T15:38:45.738735Z", "fetched_at": "2025-07-13T15:39:37.262839+00:00", "symbol": "BTC-USD"}, {"trade_id": 848269098, "side": "buy", "size": "0.04389755", "price": "118636.47000000", "time": "2025-07-13T15:38:45.738719Z", "fetched_at": "2025-07-13T15:39:37.262839+00:00", "symbol": "BTC-USD"}, {"trade_id": 848269097, "side": "buy", "size": "0.00608735", "price": "118636.48000000", "time": "2025-07-13T15:38:45.738535Z", "fetched_at": "2025-07-13T15:39:37.262839+00:00", "symbol": "BTC-USD"}, {"trade_id": 848269096, "side": "buy", "size": "0.04389755", "price": "118636.48000000", "time": "2025-07-13T15:38:45.738439Z", "fetched_at": "2025-07-13T15:39:37.262839+00:00", "symbol": "BTC-USD"}, {"trade_id": 848269095, "side": "buy", "size": "0.00001510", "price": "118636.48000000", "time": "2025-07-13T15:38:45.636610Z", "fetched_at": "2025-07-13T15:39:37.262839+00:00", "symbol": "BTC-USD"}, {"trade_id": 848269094, "side": "buy", "size": "0.00001000", "price": "118637.00000000", "time": "2025-07-13T15:38:45.636610Z", "fetched_at": "2025-07-13T15:39:37.262839+00:00", "symbol": "BTC-USD"}, {"trade_id": 848269093, "side": "sell", "size": "0.00135647", "price": "118637.01000000", "time": "2025-07-13T15:38:45.605739Z", "fetched_at": "2025-07-13T15:39:37.262839+00:00", "symbol": "BTC-USD"}, {"trade_id": 848269092, "side": "sell", "size": "0.00001255", "price": "118637.01000000", "time": "2025-07-13T15:38:45.605739Z", "fetched_at": "2025-07-13T15:39:37.262839+00:00", "symbol": "BTC-USD"}, {"trade_id": 848269091, "side": "sell", "size": "0.00003984", "price": "118637.01000000", "time": "2025-07-13T15:38:45.605739Z", "fetched_at": "2025-07-13T15:39:37.262839+00:00", "symbol": "BTC-USD"}, {"trade_id": 848269090, "side": "sell", "size": "0.00008114", "price": "118637.01000000", "time": "2025-07-13T15:38:45.605739Z", "fetched_at": "2025-07-13T15:39:37.262839+00:00", "symbol": "BTC-USD"}, {"trade_id": 848269089, "side": "sell", "size": "0.00082427", "price": "118640.31000000", "time": "2025-07-13T15:38:44.142176Z", "fetched_at": "2025-07-13T15:39:37.262839+00:00", "symbol": "BTC-USD"}, {"trade_id": 848269088, "side": "sell", "size": "0.00004287", "price": "118637.49000000", "time": "2025-07-13T15:38:44.142176Z", "fetched_at": "2025-07-13T15:39:37.262839+00:00", "symbol": "BTC-USD"}, {"trade_id": 848269087, "side": "sell", "size": "0.00001181", "price": "118637.01000000", "time": "2025-07-13T15:38:44.142176Z", "fetched_at": "2025-07-13T15:39:37.262839+00:00", "symbol": "BTC-USD"}, {"trade_id": 848269086, "side": "sell", "size": "0.00007146", "price": "118637.01000000", "time": "2025-07-13T15:38:43.992605Z", "fetched_at": "2025-07-13T15:39:37.262839+00:00", "symbol": "BTC-USD"}, {"trade_id": 848269085, "side": "sell", "size": "0.00001181", "price": "118637.01000000", "time": "2025-07-13T15:38:43.992605Z", "fetched_at": "2025-07-13T15:39:37.262839+00:00", "symbol": "BTC-USD"}, {"trade_id": 848269084, "side": "buy", "size": "0.00152802", "price": "118640.31000000", "time": "2025-07-13T15:38:43.260730Z", "fetched_at": "2025-07-13T15:39:37.262839+00:00", "symbol": "BTC-USD"}, {"trade_id": 848269083, "side": "buy", "size": "0.04110094", "price": "118640.32000000", "time": "2025-07-13T15:38:43.260730Z", "fetched_at": "2025-07-13T15:39:37.262839+00:00", "symbol": "BTC-USD"}, {"trade_id": 848269082, "side": "buy", "size": "0.00001000", "price": "118645.90000000", "time": "2025-07-13T15:38:43.260730Z", "fetched_at": "2025-07-13T15:39:37.262839+00:00", "symbol": "BTC-USD"}, {"trade_id": 848269081, "side": "buy", "size": "0.06664597", "price": "118646.15000000", "time": "2025-07-13T15:38:43.260730Z", "fetched_at": "2025-07-13T15:39:37.262839+00:00", "symbol": "BTC-USD"}, {"trade_id": 848269080, "side": "buy", "size": "0.00001054", "price": "118647.65000000", "time": "2025-07-13T15:38:43.260730Z", "fetched_at": "2025-07-13T15:39:37.262839+00:00", "symbol": "BTC-USD"}, {"trade_id": 848269079, "side": "buy", "size": "0.00893842", "price": "118649.49000000", "time": "2025-07-13T15:38:43.260730Z", "fetched_at": "2025-07-13T15:39:37.262839+00:00", "symbol": "BTC-USD"}, {"trade_id": 848269078, "side": "buy", "size": "0.09106217", "price": "118649.49000000", "time": "2025-07-13T15:38:43.260730Z", "fetched_at": "2025-07-13T15:39:37.262839+00:00", "symbol": "BTC-USD"}, {"trade_id": 848269077, "side": "buy", "size": "0.00100000", "price": "118650.00000000", "time": "2025-07-13T15:38:43.260730Z", "fetched_at": "2025-07-13T15:39:37.262839+00:00", "symbol": "BTC-USD"}, {"trade_id": 848269076, "side": "buy", "size": "0.00793842", "price": "118652.00000000", "time": "2025-07-13T15:38:43.260730Z", "fetched_at": "2025-07-13T15:39:37.262839+00:00", "symbol": "BTC-USD"}, {"trade_id": 848269075, "side": "buy", "size": "0.00017754", "price": "118653.72000000", "time": "2025-07-13T15:38:43.245791Z", "fetched_at": "2025-07-13T15:39:37.262839+00:00", "symbol": "BTC-USD"}, {"trade_id": 848269074, "side": "buy", "size": "0.01655181", "price": "118653.72000000", "time": "2025-07-13T15:38:43.245770Z", "fetched_at": "2025-07-13T15:39:37.262839+00:00", "symbol": "BTC-USD"}, {"trade_id": 848269073, "side": "buy", "size": "0.00001000", "price": "118654.80000000", "time": "2025-07-13T15:38:43.245770Z", "fetched_at": "2025-07-13T15:39:37.262839+00:00", "symbol": "BTC-USD"}, {"trade_id": 848269072, "side": "buy", "size": "0.00016754", "price": "118656.71000000", "time": "2025-07-13T15:38:43.245770Z", "fetched_at": "2025-07-13T15:39:37.262839+00:00", "symbol": "BTC-USD"}, {"trade_id": 848269071, "side": "buy", "size": "0.00001000", "price": "118663.70000000", "time": "2025-07-13T15:38:43.204892Z", "fetched_at": "2025-07-13T15:39:37.262839+00:00", "symbol": "BTC-USD"}, {"trade_id": 848269070, "side": "sell", "size": "0.00050000", "price": "118663.71000000", "time": "2025-07-13T15:38:42.270240Z", "fetched_at": "2025-07-13T15:39:37.262839+00:00", "symbol": "BTC-USD"}, {"trade_id": 848269069, "side": "sell", "size": "0.00007990", "price": "118663.71000000", "time": "2025-07-13T15:38:41.997814Z", "fetched_at": "2025-07-13T15:39:37.262839+00:00", "symbol": "BTC-USD"}, {"trade_id": 848269068, "side": "sell", "size": "0.00003995", "price": "118663.71000000", "time": "2025-07-13T15:38:41.173094Z", "fetched_at": "2025-07-13T15:39:37.262839+00:00", "symbol": "BTC-USD"}, {"trade_id": 848269067, "side": "sell", "size": "0.00000168", "price": "118663.71000000", "time": "2025-07-13T15:38:40.638472Z", "fetched_at": "2025-07-13T15:39:37.262839+00:00", "symbol": "BTC-USD"}, {"trade_id": 848269066, "side": "buy", "size": "0.00001000", "price": "118672.60000000", "time": "2025-07-13T15:38:40.520892Z", "fetched_at": "2025-07-13T15:39:37.262839+00:00", "symbol": "BTC-USD"}, {"trade_id": 848269065, "side": "buy", "size": "0.00000438", "price": "118673.72000000", "time": "2025-07-13T15:38:40.520892Z", "fetched_at": "2025-07-13T15:39:37.262839+00:00", "symbol": "BTC-USD"}, {"trade_id": 848269064, "side": "buy", "size": "0.00000151", "price": "118673.72000000", "time": "2025-07-13T15:38:40.520892Z", "fetched_at": "2025-07-13T15:39:37.262839+00:00", "symbol": "BTC-USD"}, {"trade_id": 848269063, "side": "buy", "size": "0.00533473", "price": "118673.72000000", "time": "2025-07-13T15:38:40.520892Z", "fetched_at": "2025-07-13T15:39:37.262839+00:00", "symbol": "BTC-USD"}, {"trade_id": 848269062, "side": "buy", "size": "0.01984354", "price": "118673.72000000", "time": "2025-07-13T15:38:40.520864Z", "fetched_at": "2025-07-13T15:39:37.262839+00:00", "symbol": "BTC-USD"}, {"trade_id": 848269061, "side": "buy", "size": "0.00001000", "price": "118681.50000000", "time": "2025-07-13T15:38:40.096816Z", "fetched_at": "2025-07-13T15:39:37.262839+00:00", "symbol": "BTC-USD"}, {"trade_id": 848269060, "side": "buy", "size": "0.00008052", "price": "118685.00000000", "time": "2025-07-13T15:38:40.093338Z", "fetched_at": "2025-07-13T15:39:37.262839+00:00", "symbol": "BTC-USD"}, {"trade_id": 848269059, "side": "buy", "size": "0.02020941", "price": "118685.00000000", "time": "2025-07-13T15:38:40.093338Z", "fetched_at": "2025-07-13T15:39:37.262839+00:00", "symbol": "BTC-USD"}, {"trade_id": 848269058, "side": "buy", "size": "0.00042000", "price": "118685.00000000", "time": "2025-07-13T15:38:40.092418Z", "fetched_at": "2025-07-13T15:39:37.262839+00:00", "symbol": "BTC-USD"}, {"trade_id": 848269057, "side": "buy", "size": "0.00042000", "price": "118685.00000000", "time": "2025-07-13T15:38:40.091465Z", "fetched_at": "2025-07-13T15:39:37.262839+00:00", "symbol": "BTC-USD"}, {"trade_id": 848269056, "side": "sell", "size": "0.00001059", "price": "118685.01000000", "time": "2025-07-13T15:38:39.629714Z", "fetched_at": "2025-07-13T15:39:37.262839+00:00", "symbol": "BTC-USD"}, {"trade_id": 848269055, "side": "sell", "size": "0.00039763", "price": "118686.39000000", "time": "2025-07-13T15:38:38.893428Z", "fetched_at": "2025-07-13T15:39:37.262839+00:00", "symbol": "BTC-USD"}, {"trade_id": 848269054, "side": "sell", "size": "0.00001937", "price": "118685.01000000", "time": "2025-07-13T15:38:38.893428Z", "fetched_at": "2025-07-13T15:39:37.262839+00:00", "symbol": "BTC-USD"}, {"trade_id": 848269053, "side": "sell", "size": "0.00081462", "price": "118686.40000000", "time": "2025-07-13T15:38:38.723589Z", "fetched_at": "2025-07-13T15:39:37.262839+00:00", "symbol": "BTC-USD"}, {"trade_id": 848269052, "side": "sell", "size": "0.00001937", "price": "118685.01000000", "time": "2025-07-13T15:38:38.723589Z", "fetched_at": "2025-07-13T15:39:37.262839+00:00", "symbol": "BTC-USD"}, {"trade_id": 848269051, "side": "buy", "size": "0.00084035", "price": "118700.00000000", "time": "2025-07-13T15:38:38.375863Z", "fetched_at": "2025-07-13T15:39:37.262839+00:00", "symbol": "BTC-USD"}, {"trade_id": 848269050, "side": "buy", "size": "0.02494909", "price": "118700.00000000", "time": "2025-07-13T15:38:38.375863Z", "fetched_at": "2025-07-13T15:39:37.262839+00:00", "symbol": "BTC-USD"}, {"trade_id": 848269049, "side": "sell", "size": "0.00133439", "price": "118701.02000000", "time": "2025-07-13T15:38:38.342146Z", "fetched_at": "2025-07-13T15:39:37.262839+00:00", "symbol": "BTC-USD"}, {"trade_id": 848269048, "side": "sell", "size": "0.00019974", "price": "118709.69000000", "time": "2025-07-13T15:38:37.383560Z", "fetched_at": "2025-07-13T15:39:37.262839+00:00", "symbol": "BTC-USD"}, {"trade_id": 848269047, "side": "sell", "size": "0.00349400", "price": "118709.70000000", "time": "2025-07-13T15:38:37.326111Z", "fetched_at": "2025-07-13T15:39:37.262839+00:00", "symbol": "BTC-USD"}, {"trade_id": 848269046, "side": "sell", "size": "0.00050600", "price": "118700.34000000", "time": "2025-07-13T15:38:37.326111Z", "fetched_at": "2025-07-13T15:39:37.262839+00:00", "symbol": "BTC-USD"}, {"trade_id": 848269045, "side": "buy", "size": "0.00027821", "price": "118700.00000000", "time": "2025-07-13T15:38:36.866566Z", "fetched_at": "2025-07-13T15:39:37.262839+00:00", "symbol": "BTC-USD"}, {"trade_id": 848269044, "side": "buy", "size": "0.00008050", "price": "118704.98000000", "time": "2025-07-13T15:38:36.866566Z", "fetched_at": "2025-07-13T15:39:37.262839+00:00", "symbol": "BTC-USD"}, {"trade_id": 848269043, "side": "sell", "size": "0.00216799", "price": "118704.99000000", "time": "2025-07-13T15:38:36.842077Z", "fetched_at": "2025-07-13T15:39:37.262839+00:00", "symbol": "BTC-USD"}, {"trade_id": 848269042, "side": "sell", "size": "0.21437101", "price": "118709.76000000", "time": "2025-07-13T15:38:36.267514Z", "fetched_at": "2025-07-13T15:39:37.262839+00:00", "symbol": "BTC-USD"}, {"trade_id": 848269041, "side": "sell", "size": "0.23098386", "price": "118709.75000000", "time": "2025-07-13T15:38:36.267514Z", "fetched_at": "2025-07-13T15:39:37.262839+00:00", "symbol": "BTC-USD"}, {"trade_id": 848269040, "side": "sell", "size": "0.04697660", "price": "118709.43000000", "time": "2025-07-13T15:38:36.267514Z", "fetched_at": "2025-07-13T15:39:37.262839+00:00", "symbol": "BTC-USD"}, {"trade_id": 848269039, "side": "sell", "size": "0.02908083", "price": "118706.06000000", "time": "2025-07-13T15:38:36.267514Z", "fetched_at": "2025-07-13T15:39:37.262839+00:00", "symbol": "BTC-USD"}, {"trade_id": 848269038, "side": "sell", "size": "0.06656044", "price": "118705.39000000", "time": "2025-07-13T15:38:36.267514Z", "fetched_at": "2025-07-13T15:39:37.262839+00:00", "symbol": "BTC-USD"}, {"trade_id": 848269037, "side": "sell", "size": "0.00001796", "price": "118705.38000000", "time": "2025-07-13T15:38:36.267514Z", "fetched_at": "2025-07-13T15:39:37.262839+00:00", "symbol": "BTC-USD"}, {"trade_id": 848269036, "side": "sell", "size": "0.06003594", "price": "118705.15000000", "time": "2025-07-13T15:38:36.267514Z", "fetched_at": "2025-07-13T15:39:37.262839+00:00", "symbol": "BTC-USD"}, {"trade_id": 848269035, "side": "sell", "size": "0.01872395", "price": "118705.06000000", "time": "2025-07-13T15:38:36.267514Z", "fetched_at": "2025-07-13T15:39:37.262839+00:00", "symbol": "BTC-USD"}, {"trade_id": 848269034, "side": "sell", "size": "0.00842424", "price": "118705.01000000", "time": "2025-07-13T15:38:36.267514Z", "fetched_at": "2025-07-13T15:39:37.262839+00:00", "symbol": "BTC-USD"}, {"trade_id": 848269033, "side": "buy", "size": "0.00000269", "price": "118700.01000000", "time": "2025-07-13T15:38:36.230879Z", "fetched_at": "2025-07-13T15:39:37.262839+00:00", "symbol": "BTC-USD"}, {"trade_id": 848269032, "side": "sell", "size": "0.00163730", "price": "118705.12000000", "time": "2025-07-13T15:38:36.142837Z", "fetched_at": "2025-07-13T15:39:37.262839+00:00", "symbol": "BTC-USD"}, {"trade_id": 848269031, "side": "buy", "size": "0.01686621", "price": "118700.00000000", "time": "2025-07-13T15:38:35.530217Z", "fetched_at": "2025-07-13T15:39:37.262839+00:00", "symbol": "BTC-USD"}, {"trade_id": 848269030, "side": "buy", "size": "0.00006447", "price": "118700.00000000", "time": "2025-07-13T15:38:35.530217Z", "fetched_at": "2025-07-13T15:39:37.262839+00:00", "symbol": "BTC-USD"}, {"trade_id": 848269029, "side": "buy", "size": "0.00008051", "price": "118700.01000000", "time": "2025-07-13T15:38:35.530217Z", "fetched_at": "2025-07-13T15:39:37.262839+00:00", "symbol": "BTC-USD"}, {"trade_id": 848269028, "side": "buy", "size": "0.00000050", "price": "118700.02000000", "time": "2025-07-13T15:38:35.530217Z", "fetched_at": "2025-07-13T15:39:37.262839+00:00", "symbol": "BTC-USD"}, {"trade_id": 848269027, "side": "buy", "size": "0.00000143", "price": "118700.02000000", "time": "2025-07-13T15:38:35.530217Z", "fetched_at": "2025-07-13T15:39:37.262839+00:00", "symbol": "BTC-USD"}, {"trade_id": 848269026, "side": "sell", "size": "0.00011049", "price": "118705.44000000", "time": "2025-07-13T15:38:35.127419Z", "fetched_at": "2025-07-13T15:39:37.262839+00:00", "symbol": "BTC-USD"}, {"trade_id": 848269025, "side": "sell", "size": "0.00001461", "price": "118705.43000000", "time": "2025-07-13T15:38:35.127419Z", "fetched_at": "2025-07-13T15:39:37.262839+00:00", "symbol": "BTC-USD"}, {"trade_id": 848269024, "side": "sell", "size": "0.00818648", "price": "118705.95000000", "time": "2025-07-13T15:38:34.396412Z", "fetched_at": "2025-07-13T15:39:37.262839+00:00", "symbol": "BTC-USD"}, {"trade_id": 848269023, "side": "buy", "size": "0.00014583", "price": "118700.00000000", "time": "2025-07-13T15:38:34.041359Z", "fetched_at": "2025-07-13T15:39:37.262839+00:00", "symbol": "BTC-USD"}, {"trade_id": 848269022, "side": "buy", "size": "0.00008051", "price": "118700.01000000", "time": "2025-07-13T15:38:34.041359Z", "fetched_at": "2025-07-13T15:39:37.262839+00:00", "symbol": "BTC-USD"}, {"trade_id": 848269021, "side": "buy", "size": "0.00083233", "price": "118702.27000000", "time": "2025-07-13T15:38:34.041359Z", "fetched_at": "2025-07-13T15:39:37.262839+00:00", "symbol": "BTC-USD"}, {"trade_id": 848269020, "side": "buy", "size": "0.00000353", "price": "118705.97000000", "time": "2025-07-13T15:38:34.041359Z", "fetched_at": "2025-07-13T15:39:37.262839+00:00", "symbol": "BTC-USD"}, {"trade_id": 848269019, "side": "buy", "size": "0.00000117", "price": "118705.97000000", "time": "2025-07-13T15:38:34.041359Z", "fetched_at": "2025-07-13T15:39:37.262839+00:00", "symbol": "BTC-USD"}, {"trade_id": 848269018, "side": "buy", "size": "0.00116162", "price": "118705.97000000", "time": "2025-07-13T15:38:32.764612Z", "fetched_at": "2025-07-13T15:39:37.262839+00:00", "symbol": "BTC-USD"}, {"trade_id": 848269017, "side": "buy", "size": "0.00002651", "price": "118705.97000000", "time": "2025-07-13T15:38:32.764612Z", "fetched_at": "2025-07-13T15:39:37.262839+00:00", "symbol": "BTC-USD"}, {"trade_id": 848269016, "side": "buy", "size": "0.00000345", "price": "118705.97000000", "time": "2025-07-13T15:38:32.764612Z", "fetched_at": "2025-07-13T15:39:37.262839+00:00", "symbol": "BTC-USD"}, {"trade_id": 848269015, "side": "buy", "size": "0.00000117", "price": "118705.97000000", "time": "2025-07-13T15:38:32.764612Z", "fetched_at": "2025-07-13T15:39:37.262839+00:00", "symbol": "BTC-USD"}, {"trade_id": 848269014, "side": "sell", "size": "0.00036834", "price": "118705.98000000", "time": "2025-07-13T15:38:31.111015Z", "fetched_at": "2025-07-13T15:39:37.262839+00:00", "symbol": "BTC-USD"}, {"trade_id": 848269013, "side": "sell", "size": "0.00189000", "price": "118705.98000000", "time": "2025-07-13T15:38:29.459267Z", "fetched_at": "2025-07-13T15:39:37.262839+00:00", "symbol": "BTC-USD"}, {"trade_id": 848269012, "side": "sell", "size": "0.00010956", "price": "118705.98000000", "time": "2025-07-13T15:38:27.450609Z", "fetched_at": "2025-07-13T15:39:37.262839+00:00", "symbol": "BTC-USD"}, {"trade_id": 848269011, "side": "sell", "size": "0.00000834", "price": "118705.98000000", "time": "2025-07-13T15:38:26.138409Z", "fetched_at": "2025-07-13T15:39:37.262839+00:00", "symbol": "BTC-USD"}, {"trade_id": 848269010, "side": "sell", "size": "0.00001709", "price": "118705.98000000", "time": "2025-07-13T15:38:25.935770Z", "fetched_at": "2025-07-13T15:39:37.262839+00:00", "symbol": "BTC-USD"}, {"trade_id": 848269009, "side": "sell", "size": "0.00832676", "price": "118717.53000000", "time": "2025-07-13T15:38:25.603485Z", "fetched_at": "2025-07-13T15:39:37.262839+00:00", "symbol": "BTC-USD"}, {"trade_id": 848269008, "side": "sell", "size": "0.00001167", "price": "118717.53000000", "time": "2025-07-13T15:38:25.603485Z", "fetched_at": "2025-07-13T15:39:37.262839+00:00", "symbol": "BTC-USD"}, {"trade_id": 848269007, "side": "sell", "size": "0.00158809", "price": "118717.55000000", "time": "2025-07-13T15:38:25.562969Z", "fetched_at": "2025-07-13T15:39:37.262839+00:00", "symbol": "BTC-USD"}, {"trade_id": 848269006, "side": "sell", "size": "0.00000962", "price": "118715.36000000", "time": "2025-07-13T15:38:25.562969Z", "fetched_at": "2025-07-13T15:39:37.262839+00:00", "symbol": "BTC-USD"}, {"trade_id": 848269005, "side": "buy", "size": "0.00032922", "price": "118711.15000000", "time": "2025-07-13T15:38:23.506367Z", "fetched_at": "2025-07-13T15:39:37.262839+00:00", "symbol": "BTC-USD"}, {"trade_id": 848269004, "side": "buy", "size": "0.00008050", "price": "118717.54000000", "time": "2025-07-13T15:38:23.506367Z", "fetched_at": "2025-07-13T15:39:37.262839+00:00", "symbol": "BTC-USD"}, {"trade_id": 848269003, "side": "sell", "size": "0.00163634", "price": "118717.55000000", "time": "2025-07-13T15:38:22.901665Z", "fetched_at": "2025-07-13T15:39:37.262839+00:00", "symbol": "BTC-USD"}, {"trade_id": 848269002, "side": "sell", "size": "0.00041948", "price": "118717.55000000", "time": "2025-07-13T15:38:22.858558Z", "fetched_at": "2025-07-13T15:39:37.262839+00:00", "symbol": "BTC-USD"}, {"trade_id": 848269001, "side": "buy", "size": "0.03360864", "price": "118705.97000000", "time": "2025-07-13T15:38:22.040532Z", "fetched_at": "2025-07-13T15:39:37.262839+00:00", "symbol": "BTC-USD"}, {"trade_id": 848269000, "side": "buy", "size": "0.00842416", "price": "118706.08000000", "time": "2025-07-13T15:38:22.040532Z", "fetched_at": "2025-07-13T15:39:37.262839+00:00", "symbol": "BTC-USD"}, {"trade_id": 848268999, "side": "buy", "size": "0.00008050", "price": "118717.42000000", "time": "2025-07-13T15:38:22.040532Z", "fetched_at": "2025-07-13T15:39:37.262839+00:00", "symbol": "BTC-USD"}, {"trade_id": 848268998, "side": "buy", "size": "0.00021249", "price": "118705.97000000", "time": "2025-07-13T15:38:21.973829Z", "fetched_at": "2025-07-13T15:39:37.262839+00:00", "symbol": "BTC-USD"}, {"trade_id": 848268997, "side": "buy", "size": "0.00008050", "price": "118717.54000000", "time": "2025-07-13T15:38:21.973829Z", "fetched_at": "2025-07-13T15:39:37.262839+00:00", "symbol": "BTC-USD"}, {"trade_id": 848268996, "side": "buy", "size": "0.00000345", "price": "118717.54000000", "time": "2025-07-13T15:38:21.973829Z", "fetched_at": "2025-07-13T15:39:37.262839+00:00", "symbol": "BTC-USD"}, {"trade_id": 848268995, "side": "buy", "size": "0.00000117", "price": "118717.54000000", "time": "2025-07-13T15:38:21.973829Z", "fetched_at": "2025-07-13T15:39:37.262839+00:00", "symbol": "BTC-USD"}, {"trade_id": 848268994, "side": "sell", "size": "0.00000835", "price": "118717.55000000", "time": "2025-07-13T15:38:21.567472Z", "fetched_at": "2025-07-13T15:39:37.262839+00:00", "symbol": "BTC-USD"}, {"trade_id": 848268993, "side": "buy", "size": "0.40962719", "price": "118705.84000000", "time": "2025-07-13T15:38:20.770531Z", "fetched_at": "2025-07-13T15:39:37.262839+00:00", "symbol": "BTC-USD"}, {"trade_id": 848268992, "side": "buy", "size": "0.00001264", "price": "118706.57000000", "time": "2025-07-13T15:38:20.770531Z", "fetched_at": "2025-07-13T15:39:37.262839+00:00", "symbol": "BTC-USD"}, {"trade_id": 848268991, "side": "buy", "size": "0.08424123", "price": "118706.70000000", "time": "2025-07-13T15:38:20.770531Z", "fetched_at": "2025-07-13T15:39:37.262839+00:00", "symbol": "BTC-USD"}, {"trade_id": 848268990, "side": "buy", "size": "0.06480000", "price": "118706.99000000", "time": "2025-07-13T15:38:20.770531Z", "fetched_at": "2025-07-13T15:39:37.262839+00:00", "symbol": "BTC-USD"}, {"trade_id": 848268989, "side": "buy", "size": "0.00841062", "price": "118707.00000000", "time": "2025-07-13T15:38:20.770531Z", "fetched_at": "2025-07-13T15:39:37.262839+00:00", "symbol": "BTC-USD"}, {"trade_id": 848268988, "side": "buy", "size": "0.00001000", "price": "118707.93000000", "time": "2025-07-13T15:38:20.770531Z", "fetched_at": "2025-07-13T15:39:37.262839+00:00", "symbol": "BTC-USD"}, {"trade_id": 848268987, "side": "buy", "size": "0.00499996", "price": "118711.73000000", "time": "2025-07-13T15:38:20.770531Z", "fetched_at": "2025-07-13T15:39:37.262839+00:00", "symbol": "BTC-USD"}, {"trade_id": 848268986, "side": "buy", "size": "0.12428380", "price": "118713.30000000", "time": "2025-07-13T15:38:20.770531Z", "fetched_at": "2025-07-13T15:39:37.262839+00:00", "symbol": "BTC-USD"}, {"trade_id": 848268985, "side": "buy", "size": "0.03381329", "price": "118713.38000000", "time": "2025-07-13T15:38:20.770531Z", "fetched_at": "2025-07-13T15:39:37.262839+00:00", "symbol": "BTC-USD"}, {"trade_id": 848268984, "side": "buy", "size": "0.04800000", "price": "118713.47000000", "time": "2025-07-13T15:38:20.770531Z", "fetched_at": "2025-07-13T15:39:37.262839+00:00", "symbol": "BTC-USD"}, {"trade_id": 848268983, "side": "buy", "size": "0.07249988", "price": "118714.19000000", "time": "2025-07-13T15:38:20.770531Z", "fetched_at": "2025-07-13T15:39:37.262839+00:00", "symbol": "BTC-USD"}, {"trade_id": 848268982, "side": "buy", "size": "0.00421167", "price": "118716.26000000", "time": "2025-07-13T15:38:20.770531Z", "fetched_at": "2025-07-13T15:39:37.262839+00:00", "symbol": "BTC-USD"}, {"trade_id": 848268981, "side": "buy", "size": "0.06359731", "price": "118716.81000000", "time": "2025-07-13T15:38:20.770531Z", "fetched_at": "2025-07-13T15:39:37.262839+00:00", "symbol": "BTC-USD"}, {"trade_id": 848268980, "side": "buy", "size": "0.00001000", "price": "118716.84000000", "time": "2025-07-13T15:38:20.770531Z", "fetched_at": "2025-07-13T15:39:37.262839+00:00", "symbol": "BTC-USD"}, {"trade_id": 848268979, "side": "buy", "size": "0.00084208", "price": "118716.85000000", "time": "2025-07-13T15:38:20.770531Z", "fetched_at": "2025-07-13T15:39:37.262839+00:00", "symbol": "BTC-USD"}, {"trade_id": 848268978, "side": "buy", "size": "0.04369194", "price": "118716.86000000", "time": "2025-07-13T15:38:20.770531Z", "fetched_at": "2025-07-13T15:39:37.262839+00:00", "symbol": "BTC-USD"}, {"trade_id": 848268977, "side": "buy", "size": "0.02169999", "price": "118716.87000000", "time": "2025-07-13T15:38:20.770531Z", "fetched_at": "2025-07-13T15:39:37.262839+00:00", "symbol": "BTC-USD"}, {"trade_id": 848268976, "side": "buy", "size": "0.00673715", "price": "118718.60000000", "time": "2025-07-13T15:38:20.770531Z", "fetched_at": "2025-07-13T15:39:37.262839+00:00", "symbol": "BTC-USD"}, {"trade_id": 848268975, "side": "buy", "size": "0.00842323", "price": "118719.20000000", "time": "2025-07-13T15:38:20.770531Z", "fetched_at": "2025-07-13T15:39:37.262839+00:00", "symbol": "BTC-USD"}, {"trade_id": 848268974, "side": "buy", "size": "0.00000522", "price": "118721.67000000", "time": "2025-07-13T15:38:20.770531Z", "fetched_at": "2025-07-13T15:39:37.262839+00:00", "symbol": "BTC-USD"}, {"trade_id": 848268973, "side": "buy", "size": "0.00008049", "price": "118727.63000000", "time": "2025-07-13T15:38:20.770531Z", "fetched_at": "2025-07-13T15:39:37.262839+00:00", "symbol": "BTC-USD"}, {"trade_id": 848268972, "side": "sell", "size": "0.00070022", "price": "118727.64000000", "time": "2025-07-13T15:38:20.618333Z", "fetched_at": "2025-07-13T15:39:37.262839+00:00", "symbol": "BTC-USD"}, {"trade_id": 848268971, "side": "sell", "size": "0.00245524", "price": "118727.64000000", "time": "2025-07-13T15:38:20.369246Z", "fetched_at": "2025-07-13T15:39:37.262839+00:00", "symbol": "BTC-USD"}, {"trade_id": 848268970, "side": "sell", "size": "0.00415221", "price": "118727.63000000", "time": "2025-07-13T15:38:20.293294Z", "fetched_at": "2025-07-13T15:39:37.262839+00:00", "symbol": "BTC-USD"}, {"trade_id": 848268969, "side": "sell", "size": "0.00001675", "price": "118727.62000000", "time": "2025-07-13T15:38:20.293294Z", "fetched_at": "2025-07-13T15:39:37.262839+00:00", "symbol": "BTC-USD"}, {"trade_id": 848268968, "side": "sell", "size": "0.00030936", "price": "118727.63000000", "time": "2025-07-13T15:38:20.163573Z", "fetched_at": "2025-07-13T15:39:37.262839+00:00", "symbol": "BTC-USD"}, {"trade_id": 848268967, "side": "sell", "size": "0.00001788", "price": "118727.62000000", "time": "2025-07-13T15:38:20.163573Z", "fetched_at": "2025-07-13T15:39:37.262839+00:00", "symbol": "BTC-USD"}, {"trade_id": 848268966, "side": "sell", "size": "0.00001238", "price": "118727.62000000", "time": "2025-07-13T15:38:20.109404Z", "fetched_at": "2025-07-13T15:39:37.262839+00:00", "symbol": "BTC-USD"}, {"trade_id": 848268965, "side": "sell", "size": "0.00028442", "price": "118727.52000000", "time": "2025-07-13T15:38:19.264256Z", "fetched_at": "2025-07-13T15:39:37.262839+00:00", "symbol": "BTC-USD"}, {"trade_id": 848268964, "side": "sell", "size": "0.00003501", "price": "118727.51000000", "time": "2025-07-13T15:38:19.264256Z", "fetched_at": "2025-07-13T15:39:37.262839+00:00", "symbol": "BTC-USD"}, {"trade_id": 848268963, "side": "buy", "size": "0.00001568", "price": "118721.82000000", "time": "2025-07-13T15:38:16.822048Z", "fetched_at": "2025-07-13T15:39:37.262839+00:00", "symbol": "BTC-USD"}, {"trade_id": 848268962, "side": "buy", "size": "0.00000117", "price": "118722.05000000", "time": "2025-07-13T15:38:16.822048Z", "fetched_at": "2025-07-13T15:39:37.262839+00:00", "symbol": "BTC-USD"}, {"trade_id": 848268961, "side": "sell", "size": "0.00025844", "price": "118729.23000000", "time": "2025-07-13T15:38:16.553567Z", "fetched_at": "2025-07-13T15:39:37.262839+00:00", "symbol": "BTC-USD"}, {"trade_id": 848268960, "side": "sell", "size": "0.00341444", "price": "118729.16000000", "time": "2025-07-13T15:38:16.363510Z", "fetched_at": "2025-07-13T15:39:37.262839+00:00", "symbol": "BTC-USD"}, {"trade_id": 848268959, "side": "sell", "size": "0.00842253", "price": "118729.16000000", "time": "2025-07-13T15:38:16.363510Z", "fetched_at": "2025-07-13T15:39:37.262839+00:00", "symbol": "BTC-USD"}, {"trade_id": 848268958, "side": "buy", "size": "0.00402788", "price": "118723.22000000", "time": "2025-07-13T15:38:16.023498Z", "fetched_at": "2025-07-13T15:39:37.262839+00:00", "symbol": "BTC-USD"}, {"trade_id": 848268957, "side": "buy", "size": "0.00084017", "price": "118725.00000000", "time": "2025-07-13T15:38:16.023498Z", "fetched_at": "2025-07-13T15:39:37.262839+00:00", "symbol": "BTC-USD"}, {"trade_id": 848268956, "side": "buy", "size": "0.00008049", "price": "118725.01000000", "time": "2025-07-13T15:38:16.023498Z", "fetched_at": "2025-07-13T15:39:37.262839+00:00", "symbol": "BTC-USD"}, {"trade_id": 848268955, "side": "sell", "size": "0.00019968", "price": "118734.56000000", "time": "2025-07-13T15:38:15.027937Z", "fetched_at": "2025-07-13T15:39:37.262839+00:00", "symbol": "BTC-USD"}, {"trade_id": 848268954, "side": "buy", "size": "0.00000264", "price": "118726.23000000", "time": "2025-07-13T15:38:14.398287Z", "fetched_at": "2025-07-13T15:39:37.262839+00:00", "symbol": "BTC-USD"}, {"trade_id": 848268953, "side": "buy", "size": "0.00008049", "price": "118726.24000000", "time": "2025-07-13T15:38:14.398287Z", "fetched_at": "2025-07-13T15:39:37.262839+00:00", "symbol": "BTC-USD"}, {"trade_id": 848268952, "side": "buy", "size": "0.00077012", "price": "118726.38000000", "time": "2025-07-13T15:38:14.195413Z", "fetched_at": "2025-07-13T15:39:37.262839+00:00", "symbol": "BTC-USD"}, {"trade_id": 848268951, "side": "buy", "size": "0.00008048", "price": "118734.64000000", "time": "2025-07-13T15:38:14.195413Z", "fetched_at": "2025-07-13T15:39:37.262839+00:00", "symbol": "BTC-USD"}, {"trade_id": 848268950, "side": "sell", "size": "0.00040919", "price": "118734.64000000", "time": "2025-07-13T15:38:13.468377Z", "fetched_at": "2025-07-13T15:39:37.262839+00:00", "symbol": "BTC-USD"}, {"trade_id": 848268949, "side": "sell", "size": "0.00040921", "price": "118734.64000000", "time": "2025-07-13T15:38:12.786219Z", "fetched_at": "2025-07-13T15:39:37.262839+00:00", "symbol": "BTC-USD"}, {"trade_id": 848268948, "side": "buy", "size": "0.00024704", "price": "118726.55000000", "time": "2025-07-13T15:38:12.494479Z", "fetched_at": "2025-07-13T15:39:37.262839+00:00", "symbol": "BTC-USD"}, {"trade_id": 848268947, "side": "buy", "size": "0.00008049", "price": "118726.56000000", "time": "2025-07-13T15:38:12.494479Z", "fetched_at": "2025-07-13T15:39:37.262839+00:00", "symbol": "BTC-USD"}, {"trade_id": 848268946, "side": "buy", "size": "0.00000109", "price": "118727.98000000", "time": "2025-07-13T15:38:12.494479Z", "fetched_at": "2025-07-13T15:39:37.262839+00:00", "symbol": "BTC-USD"}, {"trade_id": 848268945, "side": "buy", "size": "0.00000185", "price": "118727.98000000", "time": "2025-07-13T15:38:12.494479Z", "fetched_at": "2025-07-13T15:39:37.262839+00:00", "symbol": "BTC-USD"}, {"trade_id": 848268944, "side": "sell", "size": "0.00014690", "price": "118734.64000000", "time": "2025-07-13T15:38:12.278433Z", "fetched_at": "2025-07-13T15:39:37.262839+00:00", "symbol": "BTC-USD"}, {"trade_id": 848268943, "side": "sell", "size": "0.00079871", "price": "118734.64000000", "time": "2025-07-13T15:38:12.139673Z", "fetched_at": "2025-07-13T15:39:37.262839+00:00", "symbol": "BTC-USD"}, {"trade_id": 848268942, "side": "sell", "size": "0.00000129", "price": "118727.99000000", "time": "2025-07-13T15:38:11.549790Z", "fetched_at": "2025-07-13T15:39:37.262839+00:00", "symbol": "BTC-USD"}, {"trade_id": 848268941, "side": "buy", "size": "0.00114900", "price": "118721.63000000", "time": "2025-07-13T15:38:10.086509Z", "fetched_at": "2025-07-13T15:39:37.262839+00:00", "symbol": "BTC-USD"}, {"trade_id": 848268940, "side": "buy", "size": "0.00842299", "price": "118722.66000000", "time": "2025-07-13T15:38:10.086509Z", "fetched_at": "2025-07-13T15:39:37.262839+00:00", "symbol": "BTC-USD"}, {"trade_id": 848268939, "side": "buy", "size": "0.00673694", "price": "118723.81000000", "time": "2025-07-13T15:38:10.086509Z", "fetched_at": "2025-07-13T15:39:37.262839+00:00", "symbol": "BTC-USD"}, {"trade_id": 848268938, "side": "buy", "size": "0.00029887", "price": "118725.75000000", "time": "2025-07-13T15:38:10.086509Z", "fetched_at": "2025-07-13T15:39:37.262839+00:00", "symbol": "BTC-USD"}, {"trade_id": 848268937, "side": "buy", "size": "0.00008049", "price": "118727.98000000", "time": "2025-07-13T15:38:10.086509Z", "fetched_at": "2025-07-13T15:39:37.262839+00:00", "symbol": "BTC-USD"}, {"trade_id": 848268936, "side": "sell", "size": "0.00009896", "price": "118727.97000000", "time": "2025-07-13T15:38:09.894850Z", "fetched_at": "2025-07-13T15:39:37.262839+00:00", "symbol": "BTC-USD"}, {"trade_id": 848268935, "side": "buy", "size": "0.01501151", "price": "118720.26000000", "time": "2025-07-13T15:38:08.981161Z", "fetched_at": "2025-07-13T15:39:37.262839+00:00", "symbol": "BTC-USD"}, {"trade_id": 848268934, "side": "buy", "size": "0.00673694", "price": "118723.31000000", "time": "2025-07-13T15:38:08.981161Z", "fetched_at": "2025-07-13T15:39:37.262839+00:00", "symbol": "BTC-USD"}, {"trade_id": 848268933, "side": "buy", "size": "0.00000345", "price": "118727.98000000", "time": "2025-07-13T15:38:08.981161Z", "fetched_at": "2025-07-13T15:39:37.262839+00:00", "symbol": "BTC-USD"}, {"trade_id": 848268932, "side": "buy", "size": "0.00007914", "price": "118727.98000000", "time": "2025-07-13T15:38:08.981161Z", "fetched_at": "2025-07-13T15:39:37.262839+00:00", "symbol": "BTC-USD"}, {"trade_id": 848268931, "side": "sell", "size": "0.00003053", "price": "118727.99000000", "time": "2025-07-13T15:38:08.705606Z", "fetched_at": "2025-07-13T15:39:37.262839+00:00", "symbol": "BTC-USD"}, {"trade_id": 848268930, "side": "sell", "size": "0.00017566", "price": "118727.99000000", "time": "2025-07-13T15:38:08.327890Z", "fetched_at": "2025-07-13T15:39:37.262839+00:00", "symbol": "BTC-USD"}, {"trade_id": 848268929, "side": "buy", "size": "0.00002180", "price": "118734.66000000", "time": "2025-07-13T15:38:07.763437Z", "fetched_at": "2025-07-13T15:39:37.262839+00:00", "symbol": "BTC-USD"}, {"trade_id": 848268928, "side": "buy", "size": "0.00001000", "price": "118734.66000000", "time": "2025-07-13T15:38:07.763437Z", "fetched_at": "2025-07-13T15:39:37.262839+00:00", "symbol": "BTC-USD"}, {"trade_id": 848268927, "side": "sell", "size": "0.00020454", "price": "118734.67000000", "time": "2025-07-13T15:38:07.624439Z", "fetched_at": "2025-07-13T15:39:37.262839+00:00", "symbol": "BTC-USD"}, {"trade_id": 848268926, "side": "buy", "size": "0.00001389", "price": "118740.00000000", "time": "2025-07-13T15:38:07.395966Z", "fetched_at": "2025-07-13T15:39:37.262839+00:00", "symbol": "BTC-USD"}, {"trade_id": 848268925, "side": "buy", "size": "0.91663230", "price": "118740.00000000", "time": "2025-07-13T15:38:07.395966Z", "fetched_at": "2025-07-13T15:39:37.262839+00:00", "symbol": "BTC-USD"}, {"trade_id": 848268924, "side": "buy", "size": "0.00000134", "price": "118740.09000000", "time": "2025-07-13T15:38:07.395966Z", "fetched_at": "2025-07-13T15:39:37.262839+00:00", "symbol": "BTC-USD"}, {"trade_id": 848268923, "side": "sell", "size": "0.00013146", "price": "118740.10000000", "time": "2025-07-13T15:38:06.835835Z", "fetched_at": "2025-07-13T15:39:37.262839+00:00", "symbol": "BTC-USD"}, {"trade_id": 848268922, "side": "sell", "size": "0.00062000", "price": "118740.10000000", "time": "2025-07-13T15:38:06.558095Z", "fetched_at": "2025-07-13T15:39:37.262839+00:00", "symbol": "BTC-USD"}, {"trade_id": 848268921, "side": "sell", "size": "0.00018700", "price": "118740.10000000", "time": "2025-07-13T15:38:06.436095Z", "fetched_at": "2025-07-13T15:39:37.262839+00:00", "symbol": "BTC-USD"}, {"trade_id": 848268920, "side": "sell", "size": "0.00098199", "price": "118740.12000000", "time": "2025-07-13T15:38:06.079673Z", "fetched_at": "2025-07-13T15:39:37.262839+00:00", "symbol": "BTC-USD"}, {"trade_id": 848268919, "side": "buy", "size": "0.00300000", "price": "118740.00000000", "time": "2025-07-13T15:38:04.460825Z", "fetched_at": "2025-07-13T15:39:37.262839+00:00", "symbol": "BTC-USD"}, {"trade_id": 848268918, "side": "buy", "size": "0.05044435", "price": "118740.00000000", "time": "2025-07-13T15:38:04.408099Z", "fetched_at": "2025-07-13T15:39:37.262839+00:00", "symbol": "BTC-USD"}, {"trade_id": 848268917, "side": "buy", "size": "0.00008048", "price": "118740.72000000", "time": "2025-07-13T15:38:04.408099Z", "fetched_at": "2025-07-13T15:39:37.262839+00:00", "symbol": "BTC-USD"}, {"trade_id": 848268916, "side": "buy", "size": "0.00001263", "price": "118740.01000000", "time": "2025-07-13T15:38:03.875530Z", "fetched_at": "2025-07-13T15:39:37.262839+00:00", "symbol": "BTC-USD"}, {"trade_id": 848268915, "side": "sell", "size": "0.00040909", "price": "118742.47000000", "time": "2025-07-13T15:38:03.800850Z", "fetched_at": "2025-07-13T15:39:37.262839+00:00", "symbol": "BTC-USD"}, {"trade_id": 848268914, "side": "sell", "size": "0.00008127", "price": "118742.47000000", "time": "2025-07-13T15:38:03.574277Z", "fetched_at": "2025-07-13T15:39:37.262839+00:00", "symbol": "BTC-USD"}, {"trade_id": 848268913, "side": "sell", "size": "0.00020007", "price": "118746.16000000", "time": "2025-07-13T15:38:03.542304Z", "fetched_at": "2025-07-13T15:39:37.262839+00:00", "symbol": "BTC-USD"}, {"trade_id": 848268912, "side": "sell", "size": "0.03344037", "price": "118746.16000000", "time": "2025-07-13T15:38:03.427761Z", "fetched_at": "2025-07-13T15:39:37.262839+00:00", "symbol": "BTC-USD"}, {"trade_id": 848268911, "side": "sell", "size": "0.08355410", "price": "118746.16000000", "time": "2025-07-13T15:38:03.427761Z", "fetched_at": "2025-07-13T15:39:37.262839+00:00", "symbol": "BTC-USD"}, {"trade_id": 848268910, "side": "sell", "size": "0.00801242", "price": "118742.47000000", "time": "2025-07-13T15:38:03.427761Z", "fetched_at": "2025-07-13T15:39:37.262839+00:00", "symbol": "BTC-USD"}, {"trade_id": 848268909, "side": "sell", "size": "0.00040916", "price": "118742.47000000", "time": "2025-07-13T15:38:03.424520Z", "fetched_at": "2025-07-13T15:39:37.262839+00:00", "symbol": "BTC-USD"}, {"trade_id": 848268908, "side": "sell", "size": "0.00012270", "price": "118746.16000000", "time": "2025-07-13T15:38:03.226134Z", "fetched_at": "2025-07-13T15:39:37.262839+00:00", "symbol": "BTC-USD"}, {"trade_id": 848268907, "side": "sell", "size": "0.00798889", "price": "118744.78000000", "time": "2025-07-13T15:38:03.026917Z", "fetched_at": "2025-07-13T15:39:37.262839+00:00", "symbol": "BTC-USD"}, {"trade_id": 848268906, "side": "sell", "size": "0.00035000", "price": "118740.01000000", "time": "2025-07-13T15:38:02.611390Z", "fetched_at": "2025-07-13T15:39:37.262839+00:00", "symbol": "BTC-USD"}, {"trade_id": 848268905, "side": "sell", "size": "0.00000800", "price": "118740.01000000", "time": "2025-07-13T15:38:02.485478Z", "fetched_at": "2025-07-13T15:39:37.262839+00:00", "symbol": "BTC-USD"}, {"trade_id": 848268904, "side": "buy", "size": "0.00294716", "price": "118740.00000000", "time": "2025-07-13T15:38:01.925006Z", "fetched_at": "2025-07-13T15:39:37.262839+00:00", "symbol": "BTC-USD"}, {"trade_id": 848268903, "side": "buy", "size": "0.00999546", "price": "118740.00000000", "time": "2025-07-13T15:38:01.541269Z", "fetched_at": "2025-07-13T15:39:37.262839+00:00", "symbol": "BTC-USD"}, {"trade_id": 848268902, "side": "buy", "size": "0.00000101", "price": "118746.18000000", "time": "2025-07-13T15:38:01.541269Z", "fetched_at": "2025-07-13T15:39:37.262839+00:00", "symbol": "BTC-USD"}, {"trade_id": 848268901, "side": "buy", "size": "0.00000353", "price": "118746.18000000", "time": "2025-07-13T15:38:01.541269Z", "fetched_at": "2025-07-13T15:39:37.262839+00:00", "symbol": "BTC-USD"}, {"trade_id": 848268900, "side": "sell", "size": "0.00081817", "price": "118746.19000000", "time": "2025-07-13T15:38:01.307767Z", "fetched_at": "2025-07-13T15:39:37.262839+00:00", "symbol": "BTC-USD"}, {"trade_id": 848268899, "side": "sell", "size": "0.00000900", "price": "118748.82000000", "time": "2025-07-13T15:38:00.900536Z", "fetched_at": "2025-07-13T15:39:37.262839+00:00", "symbol": "BTC-USD"}, {"trade_id": 848268898, "side": "buy", "size": "0.00000126", "price": "118748.64000000", "time": "2025-07-13T15:38:00.868235Z", "fetched_at": "2025-07-13T15:39:37.262839+00:00", "symbol": "BTC-USD"}, {"trade_id": 848268897, "side": "buy", "size": "0.00164000", "price": "118751.34000000", "time": "2025-07-13T15:38:00.864129Z", "fetched_at": "2025-07-13T15:39:37.262839+00:00", "symbol": "BTC-USD"}, {"trade_id": 848268896, "side": "sell", "size": "0.00016670", "price": "118751.35000000", "time": "2025-07-13T15:38:00.773905Z", "fetched_at": "2025-07-13T15:39:37.262839+00:00", "symbol": "BTC-USD"}, {"trade_id": 848268895, "side": "sell", "size": "0.00081817", "price": "118751.35000000", "time": "2025-07-13T15:38:00.561160Z", "fetched_at": "2025-07-13T15:39:37.262839+00:00", "symbol": "BTC-USD"}, {"trade_id": 848268894, "side": "sell", "size": "0.00013996", "price": "118751.39000000", "time": "2025-07-13T15:37:59.766868Z", "fetched_at": "2025-07-13T15:39:37.262839+00:00", "symbol": "BTC-USD"}, {"trade_id": 848268893, "side": "buy", "size": "0.00025073", "price": "118751.38000000", "time": "2025-07-13T15:37:59.695185Z", "fetched_at": "2025-07-13T15:39:37.262839+00:00", "symbol": "BTC-USD"}, {"trade_id": 848268892, "side": "buy", "size": "0.00000900", "price": "118751.39000000", "time": "2025-07-13T15:37:59.695185Z", "fetched_at": "2025-07-13T15:39:37.262839+00:00", "symbol": "BTC-USD"}, {"trade_id": 848268891, "side": "sell", "size": "0.00003959", "price": "118756.68000000", "time": "2025-07-13T15:37:59.242133Z", "fetched_at": "2025-07-13T15:39:37.262839+00:00", "symbol": "BTC-USD"}, {"trade_id": 848268890, "side": "sell", "size": "0.00838698", "price": "118756.67000000", "time": "2025-07-13T15:37:58.857492Z", "fetched_at": "2025-07-13T15:39:37.262839+00:00", "symbol": "BTC-USD"}, {"trade_id": 848268889, "side": "sell", "size": "0.00083197", "price": "118756.67000000", "time": "2025-07-13T15:37:58.685381Z", "fetched_at": "2025-07-13T15:39:37.262839+00:00", "symbol": "BTC-USD"}, {"trade_id": 848268888, "side": "sell", "size": "0.00033586", "price": "118756.67000000", "time": "2025-07-13T15:37:58.674127Z", "fetched_at": "2025-07-13T15:39:37.262839+00:00", "symbol": "BTC-USD"}, {"trade_id": 848268887, "side": "sell", "size": "0.00008335", "price": "118756.67000000", "time": "2025-07-13T15:37:58.656433Z", "fetched_at": "2025-07-13T15:39:37.262839+00:00", "symbol": "BTC-USD"}, {"trade_id": 848268886, "side": "buy", "size": "0.00750602", "price": "118751.50000000", "time": "2025-07-13T15:37:58.276608Z", "fetched_at": "2025-07-13T15:39:37.262839+00:00", "symbol": "BTC-USD"}, {"trade_id": 848268885, "side": "sell", "size": "0.02127294", "price": "118753.54000000", "time": "2025-07-13T15:37:58.002538Z", "fetched_at": "2025-07-13T15:39:37.262839+00:00", "symbol": "BTC-USD"}, {"trade_id": 848268884, "side": "buy", "size": "0.00010670", "price": "118748.64000000", "time": "2025-07-13T15:37:57.620272Z", "fetched_at": "2025-07-13T15:39:37.262839+00:00", "symbol": "BTC-USD"}, {"trade_id": 848268883, "side": "buy", "size": "0.00000842", "price": "118748.65000000", "time": "2025-07-13T15:37:57.049762Z", "fetched_at": "2025-07-13T15:39:37.262839+00:00", "symbol": "BTC-USD"}, {"trade_id": 848268882, "side": "buy", "size": "0.00015287", "price": "118748.64000000", "time": "2025-07-13T15:37:55.860519Z", "fetched_at": "2025-07-13T15:39:37.262839+00:00", "symbol": "BTC-USD"}, {"trade_id": 848268881, "side": "buy", "size": "0.00000117", "price": "118748.64000000", "time": "2025-07-13T15:37:55.860519Z", "fetched_at": "2025-07-13T15:39:37.262839+00:00", "symbol": "BTC-USD"}, {"trade_id": 848268880, "side": "sell", "size": "0.00003959", "price": "118753.51000000", "time": "2025-07-13T15:37:55.276925Z", "fetched_at": "2025-07-13T15:39:37.262839+00:00", "symbol": "BTC-USD"}, {"trade_id": 848268879, "side": "buy", "size": "0.00017600", "price": "118747.72000000", "time": "2025-07-13T15:37:54.455154Z", "fetched_at": "2025-07-13T15:39:37.262839+00:00", "symbol": "BTC-USD"}, {"trade_id": 848268878, "side": "buy", "size": "0.00008048", "price": "118747.73000000", "time": "2025-07-13T15:37:54.455154Z", "fetched_at": "2025-07-13T15:39:37.262839+00:00", "symbol": "BTC-USD"}, {"trade_id": 848268877, "side": "buy", "size": "0.00000117", "price": "118748.54000000", "time": "2025-07-13T15:37:54.455154Z", "fetched_at": "2025-07-13T15:39:37.262839+00:00", "symbol": "BTC-USD"}, {"trade_id": 848268876, "side": "buy", "size": "0.00004000", "price": "118748.64000000", "time": "2025-07-13T15:37:54.455154Z", "fetched_at": "2025-07-13T15:39:37.262839+00:00", "symbol": "BTC-USD"}, {"trade_id": 848268875, "side": "buy", "size": "0.00004304", "price": "118756.80000000", "time": "2025-07-13T15:37:51.782800Z", "fetched_at": "2025-07-13T15:39:37.262839+00:00", "symbol": "BTC-USD"}, {"trade_id": 848268874, "side": "sell", "size": "0.00040919", "price": "118759.01000000", "time": "2025-07-13T15:37:50.230982Z", "fetched_at": "2025-07-13T15:39:37.262839+00:00", "symbol": "BTC-USD"}, {"trade_id": 848268873, "side": "buy", "size": "0.05338433", "price": "118757.94000000", "time": "2025-07-13T15:37:49.428972Z", "fetched_at": "2025-07-13T15:39:37.262839+00:00", "symbol": "BTC-USD"}, {"trade_id": 848268872, "side": "buy", "size": "0.03084946", "price": "118757.94000000", "time": "2025-07-13T15:37:49.410836Z", "fetched_at": "2025-07-13T15:39:37.262839+00:00", "symbol": "BTC-USD"}, {"trade_id": 848268871, "side": "buy", "size": "0.00002650", "price": "118761.23000000", "time": "2025-07-13T15:37:49.410836Z", "fetched_at": "2025-07-13T15:39:37.262839+00:00", "symbol": "BTC-USD"}, {"trade_id": 848268870, "side": "buy", "size": "0.00000117", "price": "118761.23000000", "time": "2025-07-13T15:37:49.410836Z", "fetched_at": "2025-07-13T15:39:37.262839+00:00", "symbol": "BTC-USD"}, {"trade_id": 848268869, "side": "buy", "size": "0.00048700", "price": "118765.56000000", "time": "2025-07-13T15:37:49.410836Z", "fetched_at": "2025-07-13T15:39:37.262839+00:00", "symbol": "BTC-USD"}, {"trade_id": 848268868, "side": "buy", "size": "0.00297493", "price": "118765.55000000", "time": "2025-07-13T15:37:49.008574Z", "fetched_at": "2025-07-13T15:39:37.262839+00:00", "symbol": "BTC-USD"}, {"trade_id": 848268867, "side": "sell", "size": "0.00036435", "price": "118775.09000000", "time": "2025-07-13T15:37:48.456715Z", "fetched_at": "2025-07-13T15:39:37.262839+00:00", "symbol": "BTC-USD"}, {"trade_id": 848268866, "side": "sell", "size": "0.00001034", "price": "118770.30000000", "time": "2025-07-13T15:37:48.456715Z", "fetched_at": "2025-07-13T15:39:37.262839+00:00", "symbol": "BTC-USD"}, {"trade_id": 848268865, "side": "sell", "size": "0.00000661", "price": "118770.30000000", "time": "2025-07-13T15:37:48.456715Z", "fetched_at": "2025-07-13T15:39:37.262839+00:00", "symbol": "BTC-USD"}, {"trade_id": 848268864, "side": "sell", "size": "0.00000151", "price": "118770.30000000", "time": "2025-07-13T15:37:48.456715Z", "fetched_at": "2025-07-13T15:39:37.262839+00:00", "symbol": "BTC-USD"}, {"trade_id": 848268863, "side": "sell", "size": "0.00001000", "price": "118770.30000000", "time": "2025-07-13T15:37:48.456715Z", "fetched_at": "2025-07-13T15:39:37.262839+00:00", "symbol": "BTC-USD"}, {"trade_id": 848268862, "side": "sell", "size": "0.00002656", "price": "118766.73000000", "time": "2025-07-13T15:37:46.299261Z", "fetched_at": "2025-07-13T15:39:37.262839+00:00", "symbol": "BTC-USD"}, {"trade_id": 848268861, "side": "sell", "size": "0.00000850", "price": "118766.73000000", "time": "2025-07-13T15:37:46.299261Z", "fetched_at": "2025-07-13T15:39:37.262839+00:00", "symbol": "BTC-USD"}, {"trade_id": 848268860, "side": "sell", "size": "0.00001033", "price": "118766.73000000", "time": "2025-07-13T15:37:46.299261Z", "fetched_at": "2025-07-13T15:39:37.262839+00:00", "symbol": "BTC-USD"}, {"trade_id": 848268859, "side": "sell", "size": "0.00695868", "price": "118766.73000000", "time": "2025-07-13T15:37:46.299261Z", "fetched_at": "2025-07-13T15:39:37.262839+00:00", "symbol": "BTC-USD"}, {"trade_id": 848268858, "side": "buy", "size": "0.00280381", "price": "118766.72000000", "time": "2025-07-13T15:37:46.131788Z", "fetched_at": "2025-07-13T15:39:37.262839+00:00", "symbol": "BTC-USD"}, {"trade_id": 848268857, "side": "sell", "size": "0.00081850", "price": "118766.73000000", "time": "2025-07-13T15:37:46.062159Z", "fetched_at": "2025-07-13T15:39:37.262839+00:00", "symbol": "BTC-USD"}, {"trade_id": 848268856, "side": "sell", "size": "0.00020463", "price": "118766.73000000", "time": "2025-07-13T15:37:45.945269Z", "fetched_at": "2025-07-13T15:39:37.262839+00:00", "symbol": "BTC-USD"}, {"trade_id": 848268855, "side": "buy", "size": "0.00092482", "price": "118766.72000000", "time": "2025-07-13T15:37:45.832534Z", "fetched_at": "2025-07-13T15:39:37.262839+00:00", "symbol": "BTC-USD"}, {"trade_id": 848268854, "side": "buy", "size": "0.00003175", "price": "118766.72000000", "time": "2025-07-13T15:37:45.339788Z", "fetched_at": "2025-07-13T15:39:37.262839+00:00", "symbol": "BTC-USD"}, {"trade_id": 848268853, "side": "buy", "size": "0.00011504", "price": "118766.72000000", "time": "2025-07-13T15:37:45.270665Z", "fetched_at": "2025-07-13T15:39:37.262839+00:00", "symbol": "BTC-USD"}, {"trade_id": 848268852, "side": "sell", "size": "0.00001255", "price": "118766.73000000", "time": "2025-07-13T15:37:44.968764Z", "fetched_at": "2025-07-13T15:39:37.262839+00:00", "symbol": "BTC-USD"}, {"trade_id": 848268851, "side": "sell", "size": "0.00016755", "price": "118766.73000000", "time": "2025-07-13T15:37:44.672185Z", "fetched_at": "2025-07-13T15:39:37.262839+00:00", "symbol": "BTC-USD"}, {"trade_id": 848268850, "side": "sell", "size": "0.00008180", "price": "118766.73000000", "time": "2025-07-13T15:37:44.026730Z", "fetched_at": "2025-07-13T15:39:37.262839+00:00", "symbol": "BTC-USD"}, {"trade_id": 848268849, "side": "sell", "size": "0.00119681", "price": "118766.73000000", "time": "2025-07-13T15:37:43.197399Z", "fetched_at": "2025-07-13T15:39:37.262839+00:00", "symbol": "BTC-USD"}, {"trade_id": 848268848, "side": "buy", "size": "0.00009995", "price": "118766.72000000", "time": "2025-07-13T15:37:43.077660Z", "fetched_at": "2025-07-13T15:39:37.262839+00:00", "symbol": "BTC-USD"}, {"trade_id": 848268847, "side": "sell", "size": "0.00001000", "price": "118761.39000000", "time": "2025-07-13T15:37:42.980281Z", "fetched_at": "2025-07-13T15:39:37.262839+00:00", "symbol": "BTC-USD"}, {"trade_id": 848268846, "side": "sell", "size": "0.00000872", "price": "118761.24000000", "time": "2025-07-13T15:37:42.980281Z", "fetched_at": "2025-07-13T15:39:37.262839+00:00", "symbol": "BTC-USD"}, {"trade_id": 848268845, "side": "sell", "size": "0.00000479", "price": "118761.24000000", "time": "2025-07-13T15:37:42.980281Z", "fetched_at": "2025-07-13T15:39:37.262839+00:00", "symbol": "BTC-USD"}, {"trade_id": 848268844, "side": "sell", "size": "0.00001451", "price": "118752.49000000", "time": "2025-07-13T15:37:42.564876Z", "fetched_at": "2025-07-13T15:39:37.262839+00:00", "symbol": "BTC-USD"}, {"trade_id": 848268843, "side": "sell", "size": "0.00001251", "price": "118749.29000000", "time": "2025-07-13T15:37:42.384271Z", "fetched_at": "2025-07-13T15:39:37.262839+00:00", "symbol": "BTC-USD"}, {"trade_id": 848268842, "side": "sell", "size": "0.00792094", "price": "118749.29000000", "time": "2025-07-13T15:37:42.384271Z", "fetched_at": "2025-07-13T15:39:37.262839+00:00", "symbol": "BTC-USD"}, {"trade_id": 848268841, "side": "sell", "size": "0.00050016", "price": "118749.29000000", "time": "2025-07-13T15:37:42.339257Z", "fetched_at": "2025-07-13T15:39:37.262839+00:00", "symbol": "BTC-USD"}, {"trade_id": 848268840, "side": "sell", "size": "0.00015972", "price": "118752.48000000", "time": "2025-07-13T15:37:41.889330Z", "fetched_at": "2025-07-13T15:39:37.262839+00:00", "symbol": "BTC-USD"}, {"trade_id": 848268839, "side": "sell", "size": "0.00135074", "price": "118748.95000000", "time": "2025-07-13T15:37:41.486168Z", "fetched_at": "2025-07-13T15:39:37.262839+00:00", "symbol": "BTC-USD"}, {"trade_id": 848268838, "side": "buy", "size": "0.00640816", "price": "118742.83000000", "time": "2025-07-13T15:37:40.957043Z", "fetched_at": "2025-07-13T15:39:37.262839+00:00", "symbol": "BTC-USD"}, {"trade_id": 848268837, "side": "buy", "size": "0.00006053", "price": "118746.18000000", "time": "2025-07-13T15:37:40.957043Z", "fetched_at": "2025-07-13T15:39:37.262839+00:00", "symbol": "BTC-USD"}, {"trade_id": 848268836, "side": "buy", "size": "0.00004210", "price": "118742.84000000", "time": "2025-07-13T15:37:40.824967Z", "fetched_at": "2025-07-13T15:39:37.262839+00:00", "symbol": "BTC-USD"}, {"trade_id": 848268835, "side": "sell", "size": "0.00008319", "price": "118746.19000000", "time": "2025-07-13T15:37:40.531281Z", "fetched_at": "2025-07-13T15:39:37.262839+00:00", "symbol": "BTC-USD"}, {"trade_id": 848268834, "side": "sell", "size": "0.00555498", "price": "118741.94000000", "time": "2025-07-13T15:37:39.016294Z", "fetched_at": "2025-07-13T15:39:37.262839+00:00", "symbol": "BTC-USD"}, {"trade_id": 848268833, "side": "sell", "size": "0.00326745", "price": "118741.94000000", "time": "2025-07-13T15:37:38.488162Z", "fetched_at": "2025-07-13T15:39:37.262839+00:00", "symbol": "BTC-USD"}, {"trade_id": 848268832, "side": "buy", "size": "0.00013419", "price": "118741.93000000", "time": "2025-07-13T15:37:38.386495Z", "fetched_at": "2025-07-13T15:39:37.262839+00:00", "symbol": "BTC-USD"}, {"trade_id": 848268831, "side": "buy", "size": "0.00000900", "price": "118741.93000000", "time": "2025-07-13T15:37:38.386495Z", "fetched_at": "2025-07-13T15:39:37.262839+00:00", "symbol": "BTC-USD"}, {"trade_id": 848268830, "side": "buy", "size": "0.00000842", "price": "118741.93000000", "time": "2025-07-13T15:37:38.386495Z", "fetched_at": "2025-07-13T15:39:37.262839+00:00", "symbol": "BTC-USD"}, {"trade_id": 848268829, "side": "buy", "size": "0.00168158", "price": "118741.93000000", "time": "2025-07-13T15:37:38.330229Z", "fetched_at": "2025-07-13T15:39:37.262839+00:00", "symbol": "BTC-USD"}, {"trade_id": 848268828, "side": "buy", "size": "0.00000345", "price": "118741.93000000", "time": "2025-07-13T15:37:38.330229Z", "fetched_at": "2025-07-13T15:39:37.262839+00:00", "symbol": "BTC-USD"}, {"trade_id": 848268827, "side": "buy", "size": "0.00491138", "price": "118741.93000000", "time": "2025-07-13T15:37:38.330229Z", "fetched_at": "2025-07-13T15:39:37.262839+00:00", "symbol": "BTC-USD"}, {"trade_id": 848268826, "side": "buy", "size": "0.00003678", "price": "118741.93000000", "time": "2025-07-13T15:37:37.659339Z", "fetched_at": "2025-07-13T15:39:37.262839+00:00", "symbol": "BTC-USD"}, {"trade_id": 848268825, "side": "buy", "size": "0.00005180", "price": "118741.93000000", "time": "2025-07-13T15:37:37.361010Z", "fetched_at": "2025-07-13T15:39:37.262839+00:00", "symbol": "BTC-USD"}, {"trade_id": 848268824, "side": "sell", "size": "0.00001000", "price": "118741.94000000", "time": "2025-07-13T15:37:36.977269Z", "fetched_at": "2025-07-13T15:39:37.262839+00:00", "symbol": "BTC-USD"}, {"trade_id": 848268823, "side": "sell", "size": "0.00002792", "price": "118744.21000000", "time": "2025-07-13T15:37:36.824408Z", "fetched_at": "2025-07-13T15:39:37.262839+00:00", "symbol": "BTC-USD"}, {"trade_id": 848268822, "side": "buy", "size": "0.00000109", "price": "118752.48000000", "time": "2025-07-13T15:37:36.734102Z", "fetched_at": "2025-07-13T15:39:37.262839+00:00", "symbol": "BTC-USD"}, {"trade_id": 848268821, "side": "buy", "size": "0.00618800", "price": "118752.48000000", "time": "2025-07-13T15:37:36.734102Z", "fetched_at": "2025-07-13T15:39:37.262839+00:00", "symbol": "BTC-USD"}, {"trade_id": 848268820, "side": "buy", "size": "0.04346914", "price": "118752.48000000", "time": "2025-07-13T15:37:36.734102Z", "fetched_at": "2025-07-13T15:39:37.262839+00:00", "symbol": "BTC-USD"}, {"trade_id": 848268819, "side": "sell", "size": "0.00006571", "price": "118756.93000000", "time": "2025-07-13T15:37:35.096057Z", "fetched_at": "2025-07-13T15:39:37.262839+00:00", "symbol": "BTC-USD"}, {"trade_id": 848268818, "side": "sell", "size": "0.00000616", "price": "118752.49000000", "time": "2025-07-13T15:37:35.096057Z", "fetched_at": "2025-07-13T15:39:37.262839+00:00", "symbol": "BTC-USD"}, {"trade_id": 848268817, "side": "sell", "size": "0.00001000", "price": "118752.48000000", "time": "2025-07-13T15:37:35.096057Z", "fetched_at": "2025-07-13T15:39:37.262839+00:00", "symbol": "BTC-USD"}, {"trade_id": 848268816, "side": "buy", "size": "0.00024077", "price": "118752.47000000", "time": "2025-07-13T15:37:34.949459Z", "fetched_at": "2025-07-13T15:39:37.262839+00:00", "symbol": "BTC-USD"}, {"trade_id": 848268815, "side": "sell", "size": "0.06329513", "price": "118735.09000000", "time": "2025-07-13T15:37:33.712845Z", "fetched_at": "2025-07-13T15:39:37.262839+00:00", "symbol": "BTC-USD"}, {"trade_id": 848268814, "side": "sell", "size": "0.05000000", "price": "118735.08000000", "time": "2025-07-13T15:37:33.712845Z", "fetched_at": "2025-07-13T15:39:37.262839+00:00", "symbol": "BTC-USD"}, {"trade_id": 848268813, "side": "sell", "size": "0.00657096", "price": "118726.83000000", "time": "2025-07-13T15:37:33.676368Z", "fetched_at": "2025-07-13T15:39:37.262839+00:00", "symbol": "BTC-USD"}, {"trade_id": 848268812, "side": "buy", "size": "0.00168418", "price": "118725.77000000", "time": "2025-07-13T15:37:33.260940Z", "fetched_at": "2025-07-13T15:39:37.262839+00:00", "symbol": "BTC-USD"}, {"trade_id": 848268811, "side": "buy", "size": "0.00000927", "price": "118726.73000000", "time": "2025-07-13T15:37:32.575120Z", "fetched_at": "2025-07-13T15:39:37.262839+00:00", "symbol": "BTC-USD"}, {"trade_id": 848268810, "side": "buy", "size": "0.00000345", "price": "118726.73000000", "time": "2025-07-13T15:37:32.575120Z", "fetched_at": "2025-07-13T15:39:37.262839+00:00", "symbol": "BTC-USD"}