[{"trade_id": 848277885, "side": "sell", "size": "0.00069620", "price": "118902.72000000", "time": "2025-07-13T16:10:46.212363Z", "fetched_at": "2025-07-13T16:10:49.758046+00:00", "symbol": "BTC-USD"}, {"trade_id": 848277884, "side": "sell", "size": "0.00006380", "price": "118902.72000000", "time": "2025-07-13T16:10:46.212363Z", "fetched_at": "2025-07-13T16:10:49.758046+00:00", "symbol": "BTC-USD"}, {"trade_id": 848277883, "side": "sell", "size": "0.00000916", "price": "118902.72000000", "time": "2025-07-13T16:10:45.661050Z", "fetched_at": "2025-07-13T16:10:49.758046+00:00", "symbol": "BTC-USD"}, {"trade_id": 848277882, "side": "buy", "size": "0.00491259", "price": "118902.71000000", "time": "2025-07-13T16:10:45.501504Z", "fetched_at": "2025-07-13T16:10:49.758046+00:00", "symbol": "BTC-USD"}, {"trade_id": 848277881, "side": "buy", "size": "0.00008206", "price": "118902.71000000", "time": "2025-07-13T16:10:45.501504Z", "fetched_at": "2025-07-13T16:10:49.758046+00:00", "symbol": "BTC-USD"}, {"trade_id": 848277880, "side": "buy", "size": "0.00003473", "price": "118902.71000000", "time": "2025-07-13T16:10:45.501504Z", "fetched_at": "2025-07-13T16:10:49.758046+00:00", "symbol": "BTC-USD"}, {"trade_id": 848277879, "side": "buy", "size": "0.00001169", "price": "118902.71000000", "time": "2025-07-13T16:10:45.501504Z", "fetched_at": "2025-07-13T16:10:49.758046+00:00", "symbol": "BTC-USD"}, {"trade_id": 848277878, "side": "sell", "size": "0.00000008", "price": "118902.72000000", "time": "2025-07-13T16:10:44.793394Z", "fetched_at": "2025-07-13T16:10:49.758046+00:00", "symbol": "BTC-USD"}, {"trade_id": 848277877, "side": "sell", "size": "0.00000100", "price": "118902.72000000", "time": "2025-07-13T16:10:44.770900Z", "fetched_at": "2025-07-13T16:10:49.758046+00:00", "symbol": "BTC-USD"}, {"trade_id": 848277876, "side": "sell", "size": "0.00249674", "price": "118903.42000000", "time": "2025-07-13T16:10:44.749765Z", "fetched_at": "2025-07-13T16:10:49.758046+00:00", "symbol": "BTC-USD"}, {"trade_id": 848277875, "side": "sell", "size": "0.00359522", "price": "118905.69000000", "time": "2025-07-13T16:10:44.441805Z", "fetched_at": "2025-07-13T16:10:49.758046+00:00", "symbol": "BTC-USD"}, {"trade_id": 848277874, "side": "sell", "size": "0.00241000", "price": "118905.69000000", "time": "2025-07-13T16:10:44.441805Z", "fetched_at": "2025-07-13T16:10:49.758046+00:00", "symbol": "BTC-USD"}, {"trade_id": 848277873, "side": "sell", "size": "0.02145863", "price": "118905.69000000", "time": "2025-07-13T16:10:44.441805Z", "fetched_at": "2025-07-13T16:10:49.758046+00:00", "symbol": "BTC-USD"}, {"trade_id": 848277872, "side": "buy", "size": "0.00188900", "price": "118902.12000000", "time": "2025-07-13T16:10:44.420154Z", "fetched_at": "2025-07-13T16:10:49.758046+00:00", "symbol": "BTC-USD"}, {"trade_id": 848277871, "side": "buy", "size": "0.00001000", "price": "118903.60000000", "time": "2025-07-13T16:10:44.420154Z", "fetched_at": "2025-07-13T16:10:49.758046+00:00", "symbol": "BTC-USD"}, {"trade_id": 848277870, "side": "buy", "size": "0.00008206", "price": "118905.68000000", "time": "2025-07-13T16:10:44.420154Z", "fetched_at": "2025-07-13T16:10:49.758046+00:00", "symbol": "BTC-USD"}, {"trade_id": 848277869, "side": "buy", "size": "0.01626046", "price": "118907.95000000", "time": "2025-07-13T16:10:43.846476Z", "fetched_at": "2025-07-13T16:10:49.758046+00:00", "symbol": "BTC-USD"}, {"trade_id": 848277868, "side": "buy", "size": "0.00499989", "price": "118908.46000000", "time": "2025-07-13T16:10:43.846476Z", "fetched_at": "2025-07-13T16:10:49.758046+00:00", "symbol": "BTC-USD"}, {"trade_id": 848277867, "side": "buy", "size": "0.00000647", "price": "118911.95000000", "time": "2025-07-13T16:10:43.846476Z", "fetched_at": "2025-07-13T16:10:49.758046+00:00", "symbol": "BTC-USD"}, {"trade_id": 848277866, "side": "buy", "size": "0.00000193", "price": "118911.95000000", "time": "2025-07-13T16:10:43.846476Z", "fetched_at": "2025-07-13T16:10:49.758046+00:00", "symbol": "BTC-USD"}, {"trade_id": 848277865, "side": "buy", "size": "0.00008205", "price": "118918.53000000", "time": "2025-07-13T16:10:43.830752Z", "fetched_at": "2025-07-13T16:10:49.758046+00:00", "symbol": "BTC-USD"}, {"trade_id": 848277864, "side": "buy", "size": "0.00109664", "price": "118918.53000000", "time": "2025-07-13T16:10:43.830752Z", "fetched_at": "2025-07-13T16:10:49.758046+00:00", "symbol": "BTC-USD"}, {"trade_id": 848277863, "side": "buy", "size": "0.00130336", "price": "118918.53000000", "time": "2025-07-13T16:10:43.814224Z", "fetched_at": "2025-07-13T16:10:49.758046+00:00", "symbol": "BTC-USD"}, {"trade_id": 848277862, "side": "sell", "size": "0.00087407", "price": "118918.54000000", "time": "2025-07-13T16:10:43.808369Z", "fetched_at": "2025-07-13T16:10:49.758046+00:00", "symbol": "BTC-USD"}, {"trade_id": 848277861, "side": "sell", "size": "0.00000009", "price": "118918.54000000", "time": "2025-07-13T16:10:43.491863Z", "fetched_at": "2025-07-13T16:10:49.758046+00:00", "symbol": "BTC-USD"}, {"trade_id": 848277860, "side": "buy", "size": "0.00796512", "price": "118923.45000000", "time": "2025-07-13T16:10:43.467874Z", "fetched_at": "2025-07-13T16:10:49.758046+00:00", "symbol": "BTC-USD"}, {"trade_id": 848277859, "side": "sell", "size": "0.00020430", "price": "118923.46000000", "time": "2025-07-13T16:10:43.256669Z", "fetched_at": "2025-07-13T16:10:49.758046+00:00", "symbol": "BTC-USD"}, {"trade_id": 848277858, "side": "buy", "size": "0.00007592", "price": "118923.45000000", "time": "2025-07-13T16:10:43.182810Z", "fetched_at": "2025-07-13T16:10:49.758046+00:00", "symbol": "BTC-USD"}, {"trade_id": 848277857, "side": "buy", "size": "0.00415031", "price": "118923.45000000", "time": "2025-07-13T16:10:42.663190Z", "fetched_at": "2025-07-13T16:10:49.758046+00:00", "symbol": "BTC-USD"}, {"trade_id": 848277856, "side": "buy", "size": "0.00296852", "price": "118923.45000000", "time": "2025-07-13T16:10:42.374446Z", "fetched_at": "2025-07-13T16:10:49.758046+00:00", "symbol": "BTC-USD"}, {"trade_id": 848277855, "side": "buy", "size": "0.00008493", "price": "118923.45000000", "time": "2025-07-13T16:10:41.808958Z", "fetched_at": "2025-07-13T16:10:49.758046+00:00", "symbol": "BTC-USD"}, {"trade_id": 848277854, "side": "sell", "size": "0.00003555", "price": "118923.46000000", "time": "2025-07-13T16:10:41.668676Z", "fetched_at": "2025-07-13T16:10:49.758046+00:00", "symbol": "BTC-USD"}, {"trade_id": 848277853, "side": "sell", "size": "0.00007975", "price": "118923.46000000", "time": "2025-07-13T16:10:41.160985Z", "fetched_at": "2025-07-13T16:10:49.758046+00:00", "symbol": "BTC-USD"}, {"trade_id": 848277852, "side": "buy", "size": "0.01040396", "price": "118923.45000000", "time": "2025-07-13T16:10:40.057703Z", "fetched_at": "2025-07-13T16:10:49.758046+00:00", "symbol": "BTC-USD"}, {"trade_id": 848277851, "side": "sell", "size": "0.00008325", "price": "118923.46000000", "time": "2025-07-13T16:10:39.701477Z", "fetched_at": "2025-07-13T16:10:49.758046+00:00", "symbol": "BTC-USD"}, {"trade_id": 848277850, "side": "buy", "size": "0.00000008", "price": "118923.45000000", "time": "2025-07-13T16:10:39.027388Z", "fetched_at": "2025-07-13T16:10:49.758046+00:00", "symbol": "BTC-USD"}, {"trade_id": 848277849, "side": "sell", "size": "0.00307667", "price": "118923.46000000", "time": "2025-07-13T16:10:38.612858Z", "fetched_at": "2025-07-13T16:10:49.758046+00:00", "symbol": "BTC-USD"}, {"trade_id": 848277848, "side": "sell", "size": "0.00058974", "price": "118923.46000000", "time": "2025-07-13T16:10:38.228779Z", "fetched_at": "2025-07-13T16:10:49.758046+00:00", "symbol": "BTC-USD"}, {"trade_id": 848277847, "side": "sell", "size": "0.00001014", "price": "118923.46000000", "time": "2025-07-13T16:10:36.556759Z", "fetched_at": "2025-07-13T16:10:49.758046+00:00", "symbol": "BTC-USD"}, {"trade_id": 848277846, "side": "sell", "size": "0.00089891", "price": "118923.46000000", "time": "2025-07-13T16:10:36.368857Z", "fetched_at": "2025-07-13T16:10:49.758046+00:00", "symbol": "BTC-USD"}, {"trade_id": 848277845, "side": "sell", "size": "0.00087425", "price": "118923.46000000", "time": "2025-07-13T16:10:35.870320Z", "fetched_at": "2025-07-13T16:10:49.758046+00:00", "symbol": "BTC-USD"}, {"trade_id": 848277844, "side": "sell", "size": "0.00020412", "price": "118923.46000000", "time": "2025-07-13T16:10:35.598198Z", "fetched_at": "2025-07-13T16:10:49.758046+00:00", "symbol": "BTC-USD"}, {"trade_id": 848277843, "side": "sell", "size": "0.00164825", "price": "118923.46000000", "time": "2025-07-13T16:10:35.203278Z", "fetched_at": "2025-07-13T16:10:49.758046+00:00", "symbol": "BTC-USD"}, {"trade_id": 848277842, "side": "sell", "size": "0.00010822", "price": "118923.46000000", "time": "2025-07-13T16:10:34.720074Z", "fetched_at": "2025-07-13T16:10:49.758046+00:00", "symbol": "BTC-USD"}, {"trade_id": 848277841, "side": "sell", "size": "0.00078005", "price": "118923.46000000", "time": "2025-07-13T16:10:34.610984Z", "fetched_at": "2025-07-13T16:10:49.758046+00:00", "symbol": "BTC-USD"}, {"trade_id": 848277840, "side": "buy", "size": "0.00004707", "price": "118913.96000000", "time": "2025-07-13T16:10:34.384480Z", "fetched_at": "2025-07-13T16:10:49.758046+00:00", "symbol": "BTC-USD"}, {"trade_id": 848277839, "side": "buy", "size": "0.00007982", "price": "118923.45000000", "time": "2025-07-13T16:10:34.384480Z", "fetched_at": "2025-07-13T16:10:49.758046+00:00", "symbol": "BTC-USD"}, {"trade_id": 848277838, "side": "sell", "size": "0.00624338", "price": "118923.46000000", "time": "2025-07-13T16:10:34.301517Z", "fetched_at": "2025-07-13T16:10:49.758046+00:00", "symbol": "BTC-USD"}, {"trade_id": 848277837, "side": "buy", "size": "0.00510646", "price": "118913.97000000", "time": "2025-07-13T16:10:33.618422Z", "fetched_at": "2025-07-13T16:10:49.758046+00:00", "symbol": "BTC-USD"}, {"trade_id": 848277836, "side": "buy", "size": "0.03206238", "price": "118913.98000000", "time": "2025-07-13T16:10:33.618422Z", "fetched_at": "2025-07-13T16:10:49.758046+00:00", "symbol": "BTC-USD"}, {"trade_id": 848277835, "side": "buy", "size": "0.00002588", "price": "118918.52000000", "time": "2025-07-13T16:10:33.618422Z", "fetched_at": "2025-07-13T16:10:49.758046+00:00", "symbol": "BTC-USD"}, {"trade_id": 848277834, "side": "buy", "size": "0.00519871", "price": "118918.52000000", "time": "2025-07-13T16:10:33.618422Z", "fetched_at": "2025-07-13T16:10:49.758046+00:00", "symbol": "BTC-USD"}, {"trade_id": 848277833, "side": "buy", "size": "0.00007186", "price": "118923.55000000", "time": "2025-07-13T16:10:33.618422Z", "fetched_at": "2025-07-13T16:10:49.758046+00:00", "symbol": "BTC-USD"}, {"trade_id": 848277832, "side": "sell", "size": "0.00020431", "price": "118923.56000000", "time": "2025-07-13T16:10:32.218748Z", "fetched_at": "2025-07-13T16:10:49.758046+00:00", "symbol": "BTC-USD"}, {"trade_id": 848277831, "side": "sell", "size": "0.00416237", "price": "118923.56000000", "time": "2025-07-13T16:10:32.055307Z", "fetched_at": "2025-07-13T16:10:49.758046+00:00", "symbol": "BTC-USD"}, {"trade_id": 848277830, "side": "sell", "size": "0.00057199", "price": "118923.56000000", "time": "2025-07-13T16:10:31.751975Z", "fetched_at": "2025-07-13T16:10:49.758046+00:00", "symbol": "BTC-USD"}, {"trade_id": 848277829, "side": "buy", "size": "0.00020956", "price": "118918.52000000", "time": "2025-07-13T16:10:31.674710Z", "fetched_at": "2025-07-13T16:10:49.758046+00:00", "symbol": "BTC-USD"}, {"trade_id": 848277828, "side": "buy", "size": "0.00008205", "price": "118921.20000000", "time": "2025-07-13T16:10:31.674710Z", "fetched_at": "2025-07-13T16:10:49.758046+00:00", "symbol": "BTC-USD"}, {"trade_id": 848277827, "side": "sell", "size": "0.00329975", "price": "118923.56000000", "time": "2025-07-13T16:10:31.673106Z", "fetched_at": "2025-07-13T16:10:49.758046+00:00", "symbol": "BTC-USD"}, {"trade_id": 848277826, "side": "sell", "size": "0.00216359", "price": "118921.21000000", "time": "2025-07-13T16:10:31.665258Z", "fetched_at": "2025-07-13T16:10:49.758046+00:00", "symbol": "BTC-USD"}, {"trade_id": 848277825, "side": "sell", "size": "0.00054829", "price": "118921.19000000", "time": "2025-07-13T16:10:31.665258Z", "fetched_at": "2025-07-13T16:10:49.758046+00:00", "symbol": "BTC-USD"}, {"trade_id": 848277824, "side": "sell", "size": "0.00020429", "price": "118921.19000000", "time": "2025-07-13T16:10:31.617841Z", "fetched_at": "2025-07-13T16:10:49.758046+00:00", "symbol": "BTC-USD"}, {"trade_id": 848277823, "side": "sell", "size": "0.00008117", "price": "118921.19000000", "time": "2025-07-13T16:10:31.580797Z", "fetched_at": "2025-07-13T16:10:49.758046+00:00", "symbol": "BTC-USD"}, {"trade_id": 848277822, "side": "buy", "size": "0.00020072", "price": "118918.52000000", "time": "2025-07-13T16:10:31.575274Z", "fetched_at": "2025-07-13T16:10:49.758046+00:00", "symbol": "BTC-USD"}, {"trade_id": 848277821, "side": "buy", "size": "0.00418766", "price": "118920.55000000", "time": "2025-07-13T16:10:31.575274Z", "fetched_at": "2025-07-13T16:10:49.758046+00:00", "symbol": "BTC-USD"}, {"trade_id": 848277820, "side": "buy", "size": "0.00008205", "price": "118923.55000000", "time": "2025-07-13T16:10:31.575274Z", "fetched_at": "2025-07-13T16:10:49.758046+00:00", "symbol": "BTC-USD"}, {"trade_id": 848277819, "side": "sell", "size": "0.00005344", "price": "118925.86000000", "time": "2025-07-13T16:10:30.529937Z", "fetched_at": "2025-07-13T16:10:49.758046+00:00", "symbol": "BTC-USD"}, {"trade_id": 848277818, "side": "sell", "size": "0.00204307", "price": "118925.82000000", "time": "2025-07-13T16:10:30.501082Z", "fetched_at": "2025-07-13T16:10:49.758046+00:00", "symbol": "BTC-USD"}, {"trade_id": 848277817, "side": "sell", "size": "0.00122447", "price": "118930.28000000", "time": "2025-07-13T16:10:30.207546Z", "fetched_at": "2025-07-13T16:10:49.758046+00:00", "symbol": "BTC-USD"}, {"trade_id": 848277816, "side": "sell", "size": "0.00000967", "price": "118927.98000000", "time": "2025-07-13T16:10:30.207546Z", "fetched_at": "2025-07-13T16:10:49.758046+00:00", "symbol": "BTC-USD"}, {"trade_id": 848277815, "side": "sell", "size": "0.00000210", "price": "118926.02000000", "time": "2025-07-13T16:10:30.207546Z", "fetched_at": "2025-07-13T16:10:49.758046+00:00", "symbol": "BTC-USD"}, {"trade_id": 848277814, "side": "sell", "size": "0.00867457", "price": "118925.91000000", "time": "2025-07-13T16:10:30.193210Z", "fetched_at": "2025-07-13T16:10:49.758046+00:00", "symbol": "BTC-USD"}, {"trade_id": 848277813, "side": "sell", "size": "0.00807576", "price": "118923.63000000", "time": "2025-07-13T16:10:30.193210Z", "fetched_at": "2025-07-13T16:10:49.758046+00:00", "symbol": "BTC-USD"}, {"trade_id": 848277812, "side": "sell", "size": "0.00033299", "price": "118923.63000000", "time": "2025-07-13T16:10:30.135310Z", "fetched_at": "2025-07-13T16:10:49.758046+00:00", "symbol": "BTC-USD"}, {"trade_id": 848277811, "side": "buy", "size": "0.00008171", "price": "118921.08000000", "time": "2025-07-13T16:10:29.883564Z", "fetched_at": "2025-07-13T16:10:49.758046+00:00", "symbol": "BTC-USD"}, {"trade_id": 848277810, "side": "buy", "size": "0.00008205", "price": "118921.09000000", "time": "2025-07-13T16:10:29.883564Z", "fetched_at": "2025-07-13T16:10:49.758046+00:00", "symbol": "BTC-USD"}, {"trade_id": 848277809, "side": "sell", "size": "0.00408583", "price": "118925.92000000", "time": "2025-07-13T16:10:29.834588Z", "fetched_at": "2025-07-13T16:10:49.758046+00:00", "symbol": "BTC-USD"}, {"trade_id": 848277808, "side": "sell", "size": "0.00018664", "price": "118925.92000000", "time": "2025-07-13T16:10:29.261147Z", "fetched_at": "2025-07-13T16:10:49.758046+00:00", "symbol": "BTC-USD"}, {"trade_id": 848277807, "side": "sell", "size": "0.00041624", "price": "118925.92000000", "time": "2025-07-13T16:10:28.788357Z", "fetched_at": "2025-07-13T16:10:49.758046+00:00", "symbol": "BTC-USD"}, {"trade_id": 848277806, "side": "sell", "size": "0.00004083", "price": "118925.92000000", "time": "2025-07-13T16:10:27.788211Z", "fetched_at": "2025-07-13T16:10:49.758046+00:00", "symbol": "BTC-USD"}, {"trade_id": 848277805, "side": "sell", "size": "0.00122575", "price": "118925.87000000", "time": "2025-07-13T16:10:27.427677Z", "fetched_at": "2025-07-13T16:10:49.758046+00:00", "symbol": "BTC-USD"}, {"trade_id": 848277804, "side": "sell", "size": "0.00008175", "price": "118925.43000000", "time": "2025-07-13T16:10:27.215335Z", "fetched_at": "2025-07-13T16:10:49.758046+00:00", "symbol": "BTC-USD"}, {"trade_id": 848277803, "side": "buy", "size": "0.00261742", "price": "118921.08000000", "time": "2025-07-13T16:10:26.759538Z", "fetched_at": "2025-07-13T16:10:49.758046+00:00", "symbol": "BTC-USD"}, {"trade_id": 848277802, "side": "buy", "size": "0.00008204", "price": "118925.96000000", "time": "2025-07-13T16:10:26.759538Z", "fetched_at": "2025-07-13T16:10:49.758046+00:00", "symbol": "BTC-USD"}, {"trade_id": 848277801, "side": "buy", "size": "0.00001045", "price": "118921.08000000", "time": "2025-07-13T16:10:26.110190Z", "fetched_at": "2025-07-13T16:10:49.758046+00:00", "symbol": "BTC-USD"}, {"trade_id": 848277800, "side": "buy", "size": "0.00008205", "price": "118921.09000000", "time": "2025-07-13T16:10:26.110190Z", "fetched_at": "2025-07-13T16:10:49.758046+00:00", "symbol": "BTC-USD"}, {"trade_id": 848277799, "side": "sell", "size": "0.00408567", "price": "118925.93000000", "time": "2025-07-13T16:10:26.100567Z", "fetched_at": "2025-07-13T16:10:49.758046+00:00", "symbol": "BTC-USD"}, {"trade_id": 848277798, "side": "buy", "size": "0.00002778", "price": "118921.09000000", "time": "2025-07-13T16:10:25.985650Z", "fetched_at": "2025-07-13T16:10:49.758046+00:00", "symbol": "BTC-USD"}, {"trade_id": 848277797, "side": "sell", "size": "0.00000840", "price": "118925.95000000", "time": "2025-07-13T16:10:25.956557Z", "fetched_at": "2025-07-13T16:10:49.758046+00:00", "symbol": "BTC-USD"}, {"trade_id": 848277796, "side": "buy", "size": "0.00269946", "price": "118921.08000000", "time": "2025-07-13T16:10:25.805603Z", "fetched_at": "2025-07-13T16:10:49.758046+00:00", "symbol": "BTC-USD"}, {"trade_id": 848277795, "side": "sell", "size": "0.00249743", "price": "118925.92000000", "time": "2025-07-13T16:10:25.617991Z", "fetched_at": "2025-07-13T16:10:49.758046+00:00", "symbol": "BTC-USD"}, {"trade_id": 848277794, "side": "buy", "size": "0.00261742", "price": "118921.08000000", "time": "2025-07-13T16:10:25.485526Z", "fetched_at": "2025-07-13T16:10:49.758046+00:00", "symbol": "BTC-USD"}, {"trade_id": 848277793, "side": "buy", "size": "0.00008204", "price": "118925.96000000", "time": "2025-07-13T16:10:25.485526Z", "fetched_at": "2025-07-13T16:10:49.758046+00:00", "symbol": "BTC-USD"}, {"trade_id": 848277792, "side": "sell", "size": "0.00024975", "price": "118926.02000000", "time": "2025-07-13T16:10:22.854651Z", "fetched_at": "2025-07-13T16:10:49.758046+00:00", "symbol": "BTC-USD"}, {"trade_id": 848277791, "side": "buy", "size": "0.00261741", "price": "118922.54000000", "time": "2025-07-13T16:10:22.795116Z", "fetched_at": "2025-07-13T16:10:49.758046+00:00", "symbol": "BTC-USD"}, {"trade_id": 848277790, "side": "buy", "size": "0.00008205", "price": "118922.55000000", "time": "2025-07-13T16:10:22.795116Z", "fetched_at": "2025-07-13T16:10:49.758046+00:00", "symbol": "BTC-USD"}, {"trade_id": 848277789, "side": "buy", "size": "0.00269946", "price": "118922.52000000", "time": "2025-07-13T16:10:22.441797Z", "fetched_at": "2025-07-13T16:10:49.758046+00:00", "symbol": "BTC-USD"}, {"trade_id": 848277788, "side": "sell", "size": "0.00016000", "price": "118922.53000000", "time": "2025-07-13T16:10:22.397032Z", "fetched_at": "2025-07-13T16:10:49.758046+00:00", "symbol": "BTC-USD"}, {"trade_id": 848277787, "side": "sell", "size": "0.00008325", "price": "118922.53000000", "time": "2025-07-13T16:10:22.151897Z", "fetched_at": "2025-07-13T16:10:49.758046+00:00", "symbol": "BTC-USD"}, {"trade_id": 848277786, "side": "buy", "size": "0.00004535", "price": "118918.52000000", "time": "2025-07-13T16:10:21.582540Z", "fetched_at": "2025-07-13T16:10:49.758046+00:00", "symbol": "BTC-USD"}, {"trade_id": 848277785, "side": "buy", "size": "0.00008205", "price": "118918.53000000", "time": "2025-07-13T16:10:21.582540Z", "fetched_at": "2025-07-13T16:10:49.758046+00:00", "symbol": "BTC-USD"}, {"trade_id": 848277784, "side": "sell", "size": "0.00136105", "price": "118922.56000000", "time": "2025-07-13T16:10:21.485810Z", "fetched_at": "2025-07-13T16:10:49.758046+00:00", "symbol": "BTC-USD"}, {"trade_id": 848277783, "side": "buy", "size": "0.00261741", "price": "118918.52000000", "time": "2025-07-13T16:10:21.213175Z", "fetched_at": "2025-07-13T16:10:49.758046+00:00", "symbol": "BTC-USD"}, {"trade_id": 848277782, "side": "buy", "size": "0.00008205", "price": "118918.53000000", "time": "2025-07-13T16:10:21.213175Z", "fetched_at": "2025-07-13T16:10:49.758046+00:00", "symbol": "BTC-USD"}, {"trade_id": 848277781, "side": "buy", "size": "0.00269946", "price": "118918.52000000", "time": "2025-07-13T16:10:20.854990Z", "fetched_at": "2025-07-13T16:10:49.758046+00:00", "symbol": "BTC-USD"}, {"trade_id": 848277780, "side": "sell", "size": "0.00024753", "price": "118921.27000000", "time": "2025-07-13T16:10:19.815601Z", "fetched_at": "2025-07-13T16:10:49.758046+00:00", "symbol": "BTC-USD"}, {"trade_id": 848277779, "side": "sell", "size": "0.00031900", "price": "118921.27000000", "time": "2025-07-13T16:10:19.709198Z", "fetched_at": "2025-07-13T16:10:49.758046+00:00", "symbol": "BTC-USD"}, {"trade_id": 848277778, "side": "buy", "size": "0.00261741", "price": "118918.52000000", "time": "2025-07-13T16:10:19.563547Z", "fetched_at": "2025-07-13T16:10:49.758046+00:00", "symbol": "BTC-USD"}, {"trade_id": 848277777, "side": "buy", "size": "0.00008205", "price": "118918.53000000", "time": "2025-07-13T16:10:19.563547Z", "fetched_at": "2025-07-13T16:10:49.758046+00:00", "symbol": "BTC-USD"}, {"trade_id": 848277776, "side": "sell", "size": "0.00414733", "price": "118918.53000000", "time": "2025-07-13T16:10:19.071481Z", "fetched_at": "2025-07-13T16:10:49.758046+00:00", "symbol": "BTC-USD"}, {"trade_id": 848277775, "side": "sell", "size": "0.00004162", "price": "118918.53000000", "time": "2025-07-13T16:10:18.608998Z", "fetched_at": "2025-07-13T16:10:49.758046+00:00", "symbol": "BTC-USD"}, {"trade_id": 848277774, "side": "sell", "size": "0.00003545", "price": "118918.53000000", "time": "2025-07-13T16:10:18.117025Z", "fetched_at": "2025-07-13T16:10:49.758046+00:00", "symbol": "BTC-USD"}, {"trade_id": 848277773, "side": "sell", "size": "0.00000210", "price": "118918.53000000", "time": "2025-07-13T16:10:18.117025Z", "fetched_at": "2025-07-13T16:10:49.758046+00:00", "symbol": "BTC-USD"}, {"trade_id": 848277772, "side": "sell", "size": "0.00002810", "price": "118921.37000000", "time": "2025-07-13T16:10:16.691957Z", "fetched_at": "2025-07-13T16:10:49.758046+00:00", "symbol": "BTC-USD"}, {"trade_id": 848277771, "side": "sell", "size": "0.00091300", "price": "118925.97000000", "time": "2025-07-13T16:10:16.409503Z", "fetched_at": "2025-07-13T16:10:49.758046+00:00", "symbol": "BTC-USD"}, {"trade_id": 848277770, "side": "sell", "size": "0.00001670", "price": "118925.96000000", "time": "2025-07-13T16:10:16.409503Z", "fetched_at": "2025-07-13T16:10:49.758046+00:00", "symbol": "BTC-USD"}, {"trade_id": 848277769, "side": "sell", "size": "0.00043775", "price": "118926.49000000", "time": "2025-07-13T16:10:15.787360Z", "fetched_at": "2025-07-13T16:10:49.758046+00:00", "symbol": "BTC-USD"}, {"trade_id": 848277768, "side": "sell", "size": "0.00000843", "price": "118918.53000000", "time": "2025-07-13T16:10:15.787360Z", "fetched_at": "2025-07-13T16:10:49.758046+00:00", "symbol": "BTC-USD"}, {"trade_id": 848277767, "side": "buy", "size": "0.00233594", "price": "118918.52000000", "time": "2025-07-13T16:10:15.744523Z", "fetched_at": "2025-07-13T16:10:49.758046+00:00", "symbol": "BTC-USD"}, {"trade_id": 848277766, "side": "sell", "size": "0.00521872", "price": "118926.47000000", "time": "2025-07-13T16:10:15.735948Z", "fetched_at": "2025-07-13T16:10:49.758046+00:00", "symbol": "BTC-USD"}, {"trade_id": 848277765, "side": "sell", "size": "0.00500000", "price": "118926.45000000", "time": "2025-07-13T16:10:15.735948Z", "fetched_at": "2025-07-13T16:10:49.758046+00:00", "symbol": "BTC-USD"}, {"trade_id": 848277764, "side": "sell", "size": "0.03381631", "price": "118926.44000000", "time": "2025-07-13T16:10:15.735948Z", "fetched_at": "2025-07-13T16:10:49.758046+00:00", "symbol": "BTC-USD"}, {"trade_id": 848277763, "side": "sell", "size": "0.00420468", "price": "118924.67000000", "time": "2025-07-13T16:10:15.735948Z", "fetched_at": "2025-07-13T16:10:49.758046+00:00", "symbol": "BTC-USD"}, {"trade_id": 848277762, "side": "sell", "size": "0.00054125", "price": "118923.48000000", "time": "2025-07-13T16:10:15.735948Z", "fetched_at": "2025-07-13T16:10:49.758046+00:00", "symbol": "BTC-USD"}, {"trade_id": 848277761, "side": "sell", "size": "0.00841100", "price": "118923.43000000", "time": "2025-07-13T16:10:15.735948Z", "fetched_at": "2025-07-13T16:10:49.758046+00:00", "symbol": "BTC-USD"}, {"trade_id": 848277760, "side": "sell", "size": "0.00000846", "price": "118918.53000000", "time": "2025-07-13T16:10:15.735948Z", "fetched_at": "2025-07-13T16:10:49.758046+00:00", "symbol": "BTC-USD"}, {"trade_id": 848277759, "side": "buy", "size": "0.00000008", "price": "118918.52000000", "time": "2025-07-13T16:10:15.392542Z", "fetched_at": "2025-07-13T16:10:49.758046+00:00", "symbol": "BTC-USD"}, {"trade_id": 848277758, "side": "buy", "size": "0.01221364", "price": "118918.52000000", "time": "2025-07-13T16:10:15.371038Z", "fetched_at": "2025-07-13T16:10:49.758046+00:00", "symbol": "BTC-USD"}, {"trade_id": 848277757, "side": "buy", "size": "0.00392344", "price": "118919.04000000", "time": "2025-07-13T16:10:15.371038Z", "fetched_at": "2025-07-13T16:10:49.758046+00:00", "symbol": "BTC-USD"}, {"trade_id": 848277756, "side": "sell", "size": "0.00003346", "price": "118919.05000000", "time": "2025-07-13T16:10:15.302110Z", "fetched_at": "2025-07-13T16:10:49.758046+00:00", "symbol": "BTC-USD"}, {"trade_id": 848277755, "side": "buy", "size": "0.00487356", "price": "118919.04000000", "time": "2025-07-13T16:10:14.790022Z", "fetched_at": "2025-07-13T16:10:49.758046+00:00", "symbol": "BTC-USD"}, {"trade_id": 848277754, "side": "buy", "size": "0.00083138", "price": "118918.52000000", "time": "2025-07-13T16:10:14.229228Z", "fetched_at": "2025-07-13T16:10:49.758046+00:00", "symbol": "BTC-USD"}, {"trade_id": 848277753, "side": "buy", "size": "0.00007567", "price": "118919.04000000", "time": "2025-07-13T16:10:14.229228Z", "fetched_at": "2025-07-13T16:10:49.758046+00:00", "symbol": "BTC-USD"}, {"trade_id": 848277752, "side": "buy", "size": "0.00413021", "price": "118918.52000000", "time": "2025-07-13T16:10:13.984976Z", "fetched_at": "2025-07-13T16:10:49.758046+00:00", "symbol": "BTC-USD"}, {"trade_id": 848277751, "side": "buy", "size": "0.00007434", "price": "118919.04000000", "time": "2025-07-13T16:10:13.984976Z", "fetched_at": "2025-07-13T16:10:49.758046+00:00", "symbol": "BTC-USD"}, {"trade_id": 848277750, "side": "sell", "size": "0.00028212", "price": "118919.05000000", "time": "2025-07-13T16:10:13.867308Z", "fetched_at": "2025-07-13T16:10:49.758046+00:00", "symbol": "BTC-USD"}, {"trade_id": 848277749, "side": "sell", "size": "0.00000210", "price": "118919.05000000", "time": "2025-07-13T16:10:13.867308Z", "fetched_at": "2025-07-13T16:10:49.758046+00:00", "symbol": "BTC-USD"}, {"trade_id": 848277748, "side": "sell", "size": "0.00001578", "price": "118918.53000000", "time": "2025-07-13T16:10:13.867308Z", "fetched_at": "2025-07-13T16:10:49.758046+00:00", "symbol": "BTC-USD"}, {"trade_id": 848277747, "side": "sell", "size": "0.00283860", "price": "118924.33000000", "time": "2025-07-13T16:10:11.604847Z", "fetched_at": "2025-07-13T16:10:49.758046+00:00", "symbol": "BTC-USD"}, {"trade_id": 848277746, "side": "buy", "size": "0.00034465", "price": "118918.53000000", "time": "2025-07-13T16:10:10.822291Z", "fetched_at": "2025-07-13T16:10:49.758046+00:00", "symbol": "BTC-USD"}, {"trade_id": 848277745, "side": "buy", "size": "0.00007579", "price": "118918.53000000", "time": "2025-07-13T16:10:10.822291Z", "fetched_at": "2025-07-13T16:10:49.758046+00:00", "symbol": "BTC-USD"}, {"trade_id": 848277744, "side": "sell", "size": "0.00000133", "price": "118918.53000000", "time": "2025-07-13T16:10:10.154757Z", "fetched_at": "2025-07-13T16:10:49.758046+00:00", "symbol": "BTC-USD"}, {"trade_id": 848277743, "side": "sell", "size": "0.00027000", "price": "118918.53000000", "time": "2025-07-13T16:10:09.959476Z", "fetched_at": "2025-07-13T16:10:49.758046+00:00", "symbol": "BTC-USD"}, {"trade_id": 848277742, "side": "sell", "size": "0.00039876", "price": "118918.53000000", "time": "2025-07-13T16:10:09.615757Z", "fetched_at": "2025-07-13T16:10:49.758046+00:00", "symbol": "BTC-USD"}, {"trade_id": 848277741, "side": "buy", "size": "0.01100000", "price": "118918.52000000", "time": "2025-07-13T16:10:09.471093Z", "fetched_at": "2025-07-13T16:10:49.758046+00:00", "symbol": "BTC-USD"}, {"trade_id": 848277740, "side": "buy", "size": "0.00002176", "price": "118924.34000000", "time": "2025-07-13T16:10:09.422416Z", "fetched_at": "2025-07-13T16:10:49.758046+00:00", "symbol": "BTC-USD"}, {"trade_id": 848277739, "side": "buy", "size": "0.00001100", "price": "118924.34000000", "time": "2025-07-13T16:10:09.422416Z", "fetched_at": "2025-07-13T16:10:49.758046+00:00", "symbol": "BTC-USD"}, {"trade_id": 848277738, "side": "buy", "size": "0.00008792", "price": "118924.36000000", "time": "2025-07-13T16:10:09.422416Z", "fetched_at": "2025-07-13T16:10:49.758046+00:00", "symbol": "BTC-USD"}, {"trade_id": 848277737, "side": "sell", "size": "0.00239296", "price": "118926.19000000", "time": "2025-07-13T16:10:09.035772Z", "fetched_at": "2025-07-13T16:10:49.758046+00:00", "symbol": "BTC-USD"}, {"trade_id": 848277736, "side": "sell", "size": "0.00001034", "price": "118924.37000000", "time": "2025-07-13T16:10:09.035772Z", "fetched_at": "2025-07-13T16:10:49.758046+00:00", "symbol": "BTC-USD"}, {"trade_id": 848277735, "side": "sell", "size": "0.00000210", "price": "118924.37000000", "time": "2025-07-13T16:10:09.035772Z", "fetched_at": "2025-07-13T16:10:49.758046+00:00", "symbol": "BTC-USD"}, {"trade_id": 848277734, "side": "buy", "size": "0.00042719", "price": "118924.36000000", "time": "2025-07-13T16:10:08.760582Z", "fetched_at": "2025-07-13T16:10:49.758046+00:00", "symbol": "BTC-USD"}, {"trade_id": 848277733, "side": "sell", "size": "0.00266351", "price": "118930.81000000", "time": "2025-07-13T16:10:07.103533Z", "fetched_at": "2025-07-13T16:10:49.758046+00:00", "symbol": "BTC-USD"}, {"trade_id": 848277732, "side": "sell", "size": "0.00001000", "price": "118930.36000000", "time": "2025-07-13T16:10:07.103533Z", "fetched_at": "2025-07-13T16:10:49.758046+00:00", "symbol": "BTC-USD"}, {"trade_id": 848277731, "side": "sell", "size": "0.00002765", "price": "118924.35000000", "time": "2025-07-13T16:10:07.103533Z", "fetched_at": "2025-07-13T16:10:49.758046+00:00", "symbol": "BTC-USD"}, {"trade_id": 848277730, "side": "sell", "size": "0.00000210", "price": "118924.35000000", "time": "2025-07-13T16:10:07.103533Z", "fetched_at": "2025-07-13T16:10:49.758046+00:00", "symbol": "BTC-USD"}, {"trade_id": 848277729, "side": "sell", "size": "0.00001033", "price": "118924.35000000", "time": "2025-07-13T16:10:07.103533Z", "fetched_at": "2025-07-13T16:10:49.758046+00:00", "symbol": "BTC-USD"}, {"trade_id": 848277728, "side": "sell", "size": "0.00559524", "price": "118924.35000000", "time": "2025-07-13T16:10:07.103533Z", "fetched_at": "2025-07-13T16:10:49.758046+00:00", "symbol": "BTC-USD"}, {"trade_id": 848277727, "side": "sell", "size": "0.00050247", "price": "118924.35000000", "time": "2025-07-13T16:10:04.429785Z", "fetched_at": "2025-07-13T16:10:49.758046+00:00", "symbol": "BTC-USD"}, {"trade_id": 848277726, "side": "sell", "size": "0.00001942", "price": "118924.35000000", "time": "2025-07-13T16:10:03.537048Z", "fetched_at": "2025-07-13T16:10:49.758046+00:00", "symbol": "BTC-USD"}, {"trade_id": 848277725, "side": "buy", "size": "0.00748628", "price": "118924.34000000", "time": "2025-07-13T16:10:02.521337Z", "fetched_at": "2025-07-13T16:10:49.758046+00:00", "symbol": "BTC-USD"}, {"trade_id": 848277724, "side": "buy", "size": "0.00008156", "price": "118924.34000000", "time": "2025-07-13T16:10:02.521337Z", "fetched_at": "2025-07-13T16:10:49.758046+00:00", "symbol": "BTC-USD"}, {"trade_id": 848277723, "side": "sell", "size": "0.00000867", "price": "118924.35000000", "time": "2025-07-13T16:10:02.498980Z", "fetched_at": "2025-07-13T16:10:49.758046+00:00", "symbol": "BTC-USD"}, {"trade_id": 848277722, "side": "sell", "size": "0.00001034", "price": "118924.22000000", "time": "2025-07-13T16:10:02.498980Z", "fetched_at": "2025-07-13T16:10:49.758046+00:00", "symbol": "BTC-USD"}, {"trade_id": 848277721, "side": "buy", "size": "0.00008118", "price": "118924.21000000", "time": "2025-07-13T16:10:00.734866Z", "fetched_at": "2025-07-13T16:10:49.758046+00:00", "symbol": "BTC-USD"}, {"trade_id": 848277720, "side": "buy", "size": "0.00406871", "price": "118918.10000000", "time": "2025-07-13T16:10:00.278909Z", "fetched_at": "2025-07-13T16:10:49.758046+00:00", "symbol": "BTC-USD"}, {"trade_id": 848277719, "side": "buy", "size": "0.00008157", "price": "118918.11000000", "time": "2025-07-13T16:10:00.278909Z", "fetched_at": "2025-07-13T16:10:49.758046+00:00", "symbol": "BTC-USD"}, {"trade_id": 848277718, "side": "buy", "size": "0.00046798", "price": "118918.10000000", "time": "2025-07-13T16:10:00.086790Z", "fetched_at": "2025-07-13T16:10:49.758046+00:00", "symbol": "BTC-USD"}, {"trade_id": 848277717, "side": "buy", "size": "0.00054743", "price": "118918.51000000", "time": "2025-07-13T16:10:00.086790Z", "fetched_at": "2025-07-13T16:10:49.758046+00:00", "symbol": "BTC-USD"}, {"trade_id": 848277716, "side": "buy", "size": "0.00008157", "price": "118918.52000000", "time": "2025-07-13T16:10:00.086790Z", "fetched_at": "2025-07-13T16:10:49.758046+00:00", "symbol": "BTC-USD"}, {"trade_id": 848277715, "side": "buy", "size": "0.00000900", "price": "118924.13000000", "time": "2025-07-13T16:10:00.086790Z", "fetched_at": "2025-07-13T16:10:49.758046+00:00", "symbol": "BTC-USD"}, {"trade_id": 848277714, "side": "buy", "size": "0.00254813", "price": "118924.15000000", "time": "2025-07-13T16:09:59.510671Z", "fetched_at": "2025-07-13T16:10:49.758046+00:00", "symbol": "BTC-USD"}, {"trade_id": 848277713, "side": "sell", "size": "0.00010262", "price": "118924.15000000", "time": "2025-07-13T16:09:59.114750Z", "fetched_at": "2025-07-13T16:10:49.758046+00:00", "symbol": "BTC-USD"}, {"trade_id": 848277712, "side": "sell", "size": "0.00001701", "price": "118924.14000000", "time": "2025-07-13T16:09:59.114750Z", "fetched_at": "2025-07-13T16:10:49.758046+00:00", "symbol": "BTC-USD"}, {"trade_id": 848277711, "side": "buy", "size": "0.00004619", "price": "118917.81000000", "time": "2025-07-13T16:09:58.786395Z", "fetched_at": "2025-07-13T16:10:49.758046+00:00", "symbol": "BTC-USD"}, {"trade_id": 848277710, "side": "sell", "size": "0.02507536", "price": "118923.83000000", "time": "2025-07-13T16:09:57.812674Z", "fetched_at": "2025-07-13T16:10:49.758046+00:00", "symbol": "BTC-USD"}, {"trade_id": 848277709, "side": "sell", "size": "0.00840892", "price": "118921.29000000", "time": "2025-07-13T16:09:57.812674Z", "fetched_at": "2025-07-13T16:10:49.758046+00:00", "symbol": "BTC-USD"}, {"trade_id": 848277708, "side": "sell", "size": "0.00000210", "price": "118921.28000000", "time": "2025-07-13T16:09:57.812674Z", "fetched_at": "2025-07-13T16:10:49.758046+00:00", "symbol": "BTC-USD"}, {"trade_id": 848277707, "side": "sell", "size": "0.00001701", "price": "118921.28000000", "time": "2025-07-13T16:09:57.812674Z", "fetched_at": "2025-07-13T16:10:49.758046+00:00", "symbol": "BTC-USD"}, {"trade_id": 848277706, "side": "buy", "size": "0.00263033", "price": "118914.60000000", "time": "2025-07-13T16:09:53.743791Z", "fetched_at": "2025-07-13T16:10:49.758046+00:00", "symbol": "BTC-USD"}, {"trade_id": 848277705, "side": "buy", "size": "0.00008157", "price": "118914.61000000", "time": "2025-07-13T16:09:53.743791Z", "fetched_at": "2025-07-13T16:10:49.758046+00:00", "symbol": "BTC-USD"}, {"trade_id": 848277704, "side": "buy", "size": "0.00008100", "price": "118916.59000000", "time": "2025-07-13T16:09:53.743791Z", "fetched_at": "2025-07-13T16:10:49.758046+00:00", "symbol": "BTC-USD"}, {"trade_id": 848277703, "side": "buy", "size": "0.00005015", "price": "118916.59000000", "time": "2025-07-13T16:09:53.743791Z", "fetched_at": "2025-07-13T16:10:49.758046+00:00", "symbol": "BTC-USD"}, {"trade_id": 848277702, "side": "buy", "size": "0.00000900", "price": "118924.34000000", "time": "2025-07-13T16:09:53.743791Z", "fetched_at": "2025-07-13T16:10:49.758046+00:00", "symbol": "BTC-USD"}, {"trade_id": 848277701, "side": "sell", "size": "0.01202288", "price": "118924.35000000", "time": "2025-07-13T16:09:53.210026Z", "fetched_at": "2025-07-13T16:10:49.758046+00:00", "symbol": "BTC-USD"}, {"trade_id": 848277700, "side": "sell", "size": "0.00840870", "price": "118924.32000000", "time": "2025-07-13T16:09:53.210026Z", "fetched_at": "2025-07-13T16:10:49.758046+00:00", "symbol": "BTC-USD"}, {"trade_id": 848277699, "side": "sell", "size": "0.00079825", "price": "118924.32000000", "time": "2025-07-13T16:09:52.843166Z", "fetched_at": "2025-07-13T16:10:49.758046+00:00", "symbol": "BTC-USD"}, {"trade_id": 848277698, "side": "sell", "size": "0.00000210", "price": "118924.31000000", "time": "2025-07-13T16:09:52.843166Z", "fetched_at": "2025-07-13T16:10:49.758046+00:00", "symbol": "BTC-USD"}, {"trade_id": 848277697, "side": "sell", "size": "0.00001670", "price": "118924.28000000", "time": "2025-07-13T16:09:52.843166Z", "fetched_at": "2025-07-13T16:10:49.758046+00:00", "symbol": "BTC-USD"}, {"trade_id": 848277696, "side": "sell", "size": "0.00038276", "price": "118921.83000000", "time": "2025-07-13T16:09:52.513275Z", "fetched_at": "2025-07-13T16:10:49.758046+00:00", "symbol": "BTC-USD"}, {"trade_id": 848277695, "side": "sell", "size": "0.00001595", "price": "118921.82000000", "time": "2025-07-13T16:09:52.513275Z", "fetched_at": "2025-07-13T16:10:49.758046+00:00", "symbol": "BTC-USD"}, {"trade_id": 848277694, "side": "sell", "size": "0.00019936", "price": "118921.86000000", "time": "2025-07-13T16:09:52.119020Z", "fetched_at": "2025-07-13T16:10:49.758046+00:00", "symbol": "BTC-USD"}, {"trade_id": 848277693, "side": "sell", "size": "0.00000832", "price": "118921.96000000", "time": "2025-07-13T16:09:51.655610Z", "fetched_at": "2025-07-13T16:10:49.758046+00:00", "symbol": "BTC-USD"}, {"trade_id": 848277692, "side": "buy", "size": "0.00000151", "price": "118911.94000000", "time": "2025-07-13T16:09:51.300087Z", "fetched_at": "2025-07-13T16:10:49.758046+00:00", "symbol": "BTC-USD"}, {"trade_id": 848277691, "side": "sell", "size": "0.00079767", "price": "118921.22000000", "time": "2025-07-13T16:09:51.046052Z", "fetched_at": "2025-07-13T16:10:49.758046+00:00", "symbol": "BTC-USD"}, {"trade_id": 848277690, "side": "sell", "size": "0.00163409", "price": "118921.22000000", "time": "2025-07-13T16:09:51.025789Z", "fetched_at": "2025-07-13T16:10:49.758046+00:00", "symbol": "BTC-USD"}, {"trade_id": 848277689, "side": "buy", "size": "0.00998637", "price": "118910.58000000", "time": "2025-07-13T16:09:50.983353Z", "fetched_at": "2025-07-13T16:10:49.758046+00:00", "symbol": "BTC-USD"}, {"trade_id": 848277688, "side": "buy", "size": "0.00002176", "price": "118912.03000000", "time": "2025-07-13T16:09:50.983353Z", "fetched_at": "2025-07-13T16:10:49.758046+00:00", "symbol": "BTC-USD"}, {"trade_id": 848277687, "side": "buy", "size": "0.00672615", "price": "118912.03000000", "time": "2025-07-13T16:09:50.983353Z", "fetched_at": "2025-07-13T16:10:49.758046+00:00", "symbol": "BTC-USD"}, {"trade_id": 848277686, "side": "buy", "size": "0.00008156", "price": "118921.24000000", "time": "2025-07-13T16:09:50.983353Z", "fetched_at": "2025-07-13T16:10:49.758046+00:00", "symbol": "BTC-USD"}, {"trade_id": 848277685, "side": "sell", "size": "0.00408334", "price": "118921.25000000", "time": "2025-07-13T16:09:50.974885Z", "fetched_at": "2025-07-13T16:10:49.758046+00:00", "symbol": "BTC-USD"}, {"trade_id": 848277684, "side": "sell", "size": "0.00000210", "price": "118921.07000000", "time": "2025-07-13T16:09:50.974885Z", "fetched_at": "2025-07-13T16:10:49.758046+00:00", "symbol": "BTC-USD"}, {"trade_id": 848277683, "side": "sell", "size": "0.00157451", "price": "118921.06000000", "time": "2025-07-13T16:09:50.442247Z", "fetched_at": "2025-07-13T16:10:49.758046+00:00", "symbol": "BTC-USD"}, {"trade_id": 848277682, "side": "sell", "size": "0.00001268", "price": "118916.58000000", "time": "2025-07-13T16:09:50.442247Z", "fetched_at": "2025-07-13T16:10:49.758046+00:00", "symbol": "BTC-USD"}, {"trade_id": 848277681, "side": "buy", "size": "0.00001413", "price": "118916.57000000", "time": "2025-07-13T16:09:50.068230Z", "fetched_at": "2025-07-13T16:10:49.758046+00:00", "symbol": "BTC-USD"}, {"trade_id": 848277680, "side": "buy", "size": "0.00119745", "price": "118904.13000000", "time": "2025-07-13T16:09:49.006292Z", "fetched_at": "2025-07-13T16:10:49.758046+00:00", "symbol": "BTC-USD"}, {"trade_id": 848277679, "side": "buy", "size": "0.00500000", "price": "118904.14000000", "time": "2025-07-13T16:09:49.006292Z", "fetched_at": "2025-07-13T16:10:49.758046+00:00", "symbol": "BTC-USD"}, {"trade_id": 848277678, "side": "buy", "size": "0.00332198", "price": "118908.45000000", "time": "2025-07-13T16:09:49.006292Z", "fetched_at": "2025-07-13T16:10:49.758046+00:00", "symbol": "BTC-USD"}, {"trade_id": 848277677, "side": "buy", "size": "0.00000900", "price": "118921.06000000", "time": "2025-07-13T16:09:49.006292Z", "fetched_at": "2025-07-13T16:10:49.758046+00:00", "symbol": "BTC-USD"}, {"trade_id": 848277676, "side": "buy", "size": "0.00038100", "price": "118921.06000000", "time": "2025-07-13T16:09:49.006292Z", "fetched_at": "2025-07-13T16:10:49.758046+00:00", "symbol": "BTC-USD"}, {"trade_id": 848277675, "side": "buy", "size": "0.00000900", "price": "118921.06000000", "time": "2025-07-13T16:09:49.006292Z", "fetched_at": "2025-07-13T16:10:49.758046+00:00", "symbol": "BTC-USD"}, {"trade_id": 848277674, "side": "buy", "size": "0.00008157", "price": "118921.06000000", "time": "2025-07-13T16:09:49.006292Z", "fetched_at": "2025-07-13T16:10:49.758046+00:00", "symbol": "BTC-USD"}, {"trade_id": 848277673, "side": "sell", "size": "0.00125096", "price": "118921.07000000", "time": "2025-07-13T16:09:48.937982Z", "fetched_at": "2025-07-13T16:10:49.758046+00:00", "symbol": "BTC-USD"}, {"trade_id": 848277672, "side": "sell", "size": "0.00105929", "price": "118921.07000000", "time": "2025-07-13T16:09:47.985077Z", "fetched_at": "2025-07-13T16:10:49.758046+00:00", "symbol": "BTC-USD"}, {"trade_id": 848277671, "side": "sell", "size": "0.00000208", "price": "118921.07000000", "time": "2025-07-13T16:09:47.637014Z", "fetched_at": "2025-07-13T16:10:49.758046+00:00", "symbol": "BTC-USD"}, {"trade_id": 848277670, "side": "sell", "size": "0.00057606", "price": "118921.71000000", "time": "2025-07-13T16:09:47.402098Z", "fetched_at": "2025-07-13T16:10:49.758046+00:00", "symbol": "BTC-USD"}, {"trade_id": 848277669, "side": "sell", "size": "0.00001903", "price": "118921.11000000", "time": "2025-07-13T16:09:47.402098Z", "fetched_at": "2025-07-13T16:10:49.758046+00:00", "symbol": "BTC-USD"}, {"trade_id": 848277668, "side": "sell", "size": "0.00015286", "price": "118918.22000000", "time": "2025-07-13T16:09:47.402098Z", "fetched_at": "2025-07-13T16:10:49.758046+00:00", "symbol": "BTC-USD"}, {"trade_id": 848277667, "side": "sell", "size": "0.00024423", "price": "118918.22000000", "time": "2025-07-13T16:09:47.402098Z", "fetched_at": "2025-07-13T16:10:49.758046+00:00", "symbol": "BTC-USD"}, {"trade_id": 848277666, "side": "sell", "size": "0.00029782", "price": "118918.04000000", "time": "2025-07-13T16:09:47.402098Z", "fetched_at": "2025-07-13T16:10:49.758046+00:00", "symbol": "BTC-USD"}, {"trade_id": 848277665, "side": "buy", "size": "0.01125499", "price": "118909.83000000", "time": "2025-07-13T16:09:47.275855Z", "fetched_at": "2025-07-13T16:10:49.758046+00:00", "symbol": "BTC-USD"}, {"trade_id": 848277664, "side": "buy", "size": "0.00971508", "price": "118909.86000000", "time": "2025-07-13T16:09:47.275855Z", "fetched_at": "2025-07-13T16:10:49.758046+00:00", "symbol": "BTC-USD"}, {"trade_id": 848277663, "side": "buy", "size": "0.02097007", "price": "118909.87000000", "time": "2025-07-13T16:09:47.267526Z", "fetched_at": "2025-07-13T16:10:49.758046+00:00", "symbol": "BTC-USD"}, {"trade_id": 848277662, "side": "buy", "size": "0.00008156", "price": "118923.54000000", "time": "2025-07-13T16:09:47.259748Z", "fetched_at": "2025-07-13T16:10:49.758046+00:00", "symbol": "BTC-USD"}, {"trade_id": 848277661, "side": "buy", "size": "0.00012863", "price": "118909.81000000", "time": "2025-07-13T16:09:47.204158Z", "fetched_at": "2025-07-13T16:10:49.758046+00:00", "symbol": "BTC-USD"}, {"trade_id": 848277660, "side": "buy", "size": "0.00008157", "price": "118920.82000000", "time": "2025-07-13T16:09:47.204158Z", "fetched_at": "2025-07-13T16:10:49.758046+00:00", "symbol": "BTC-USD"}, {"trade_id": 848277659, "side": "sell", "size": "0.00040562", "price": "118920.97000000", "time": "2025-07-13T16:09:47.203811Z", "fetched_at": "2025-07-13T16:10:49.758046+00:00", "symbol": "BTC-USD"}, {"trade_id": 848277658, "side": "sell", "size": "0.00791854", "price": "118920.83000000", "time": "2025-07-13T16:09:47.203811Z", "fetched_at": "2025-07-13T16:10:49.758046+00:00", "symbol": "BTC-USD"}, {"trade_id": 848277657, "side": "sell", "size": "0.00049041", "price": "118920.83000000", "time": "2025-07-13T16:09:47.115729Z", "fetched_at": "2025-07-13T16:10:49.758046+00:00", "symbol": "BTC-USD"}, {"trade_id": 848277656, "side": "buy", "size": "0.01919922", "price": "118909.79000000", "time": "2025-07-13T16:09:47.056171Z", "fetched_at": "2025-07-13T16:10:49.758046+00:00", "symbol": "BTC-USD"}, {"trade_id": 848277655, "side": "buy", "size": "0.05401687", "price": "118909.80000000", "time": "2025-07-13T16:09:47.056171Z", "fetched_at": "2025-07-13T16:10:49.758046+00:00", "symbol": "BTC-USD"}, {"trade_id": 848277654, "side": "buy", "size": "0.04500000", "price": "118910.94000000", "time": "2025-07-13T16:09:47.056171Z", "fetched_at": "2025-07-13T16:10:49.758046+00:00", "symbol": "BTC-USD"}, {"trade_id": 848277653, "side": "buy", "size": "0.04269243", "price": "118910.95000000", "time": "2025-07-13T16:09:47.056171Z", "fetched_at": "2025-07-13T16:10:49.758046+00:00", "symbol": "BTC-USD"}, {"trade_id": 848277652, "side": "buy", "size": "0.00001000", "price": "118912.52000000", "time": "2025-07-13T16:09:47.056171Z", "fetched_at": "2025-07-13T16:10:49.758046+00:00", "symbol": "BTC-USD"}, {"trade_id": 848277651, "side": "buy", "size": "0.00404471", "price": "118914.25000000", "time": "2025-07-13T16:09:47.056171Z", "fetched_at": "2025-07-13T16:10:49.758046+00:00", "symbol": "BTC-USD"}, {"trade_id": 848277650, "side": "buy", "size": "0.03330384", "price": "118916.58000000", "time": "2025-07-13T16:09:47.056171Z", "fetched_at": "2025-07-13T16:10:49.758046+00:00", "symbol": "BTC-USD"}, {"trade_id": 848277649, "side": "buy", "size": "0.00339000", "price": "118920.96000000", "time": "2025-07-13T16:09:47.056171Z", "fetched_at": "2025-07-13T16:10:49.758046+00:00", "symbol": "BTC-USD"}, {"trade_id": 848277648, "side": "buy", "size": "0.00008157", "price": "118920.96000000", "time": "2025-07-13T16:09:47.056171Z", "fetched_at": "2025-07-13T16:10:49.758046+00:00", "symbol": "BTC-USD"}, {"trade_id": 848277647, "side": "sell", "size": "0.00407407", "price": "118938.62000000", "time": "2025-07-13T16:09:46.474459Z", "fetched_at": "2025-07-13T16:10:49.758046+00:00", "symbol": "BTC-USD"}, {"trade_id": 848277646, "side": "sell", "size": "0.00001138", "price": "118938.45000000", "time": "2025-07-13T16:09:46.474459Z", "fetched_at": "2025-07-13T16:10:49.758046+00:00", "symbol": "BTC-USD"}, {"trade_id": 848277645, "side": "sell", "size": "0.00162046", "price": "118938.62000000", "time": "2025-07-13T16:09:46.442334Z", "fetched_at": "2025-07-13T16:10:49.758046+00:00", "symbol": "BTC-USD"}, {"trade_id": 848277644, "side": "sell", "size": "0.00001138", "price": "118938.61000000", "time": "2025-07-13T16:09:46.442334Z", "fetched_at": "2025-07-13T16:10:49.758046+00:00", "symbol": "BTC-USD"}, {"trade_id": 848277643, "side": "buy", "size": "0.01214589", "price": "118916.57000000", "time": "2025-07-13T16:09:46.396335Z", "fetched_at": "2025-07-13T16:10:49.758046+00:00", "symbol": "BTC-USD"}, {"trade_id": 848277642, "side": "buy", "size": "0.12300730", "price": "118916.57000000", "time": "2025-07-13T16:09:46.396335Z", "fetched_at": "2025-07-13T16:10:49.758046+00:00", "symbol": "BTC-USD"}, {"trade_id": 848277641, "side": "buy", "size": "0.05957961", "price": "118916.57000000", "time": "2025-07-13T16:09:46.396039Z", "fetched_at": "2025-07-13T16:10:49.758046+00:00", "symbol": "BTC-USD"}, {"trade_id": 848277640, "side": "buy", "size": "0.04590645", "price": "118916.59000000", "time": "2025-07-13T16:09:46.396039Z", "fetched_at": "2025-07-13T16:10:49.758046+00:00", "symbol": "BTC-USD"}, {"trade_id": 848277639, "side": "buy", "size": "0.12552240", "price": "118917.12000000", "time": "2025-07-13T16:09:46.396039Z", "fetched_at": "2025-07-13T16:10:49.758046+00:00", "symbol": "BTC-USD"}, {"trade_id": 848277638, "side": "buy", "size": "0.00840904", "price": "118919.52000000", "time": "2025-07-13T16:09:46.396039Z", "fetched_at": "2025-07-13T16:10:49.758046+00:00", "symbol": "BTC-USD"}, {"trade_id": 848277637, "side": "buy", "size": "0.00672564", "price": "118920.66000000", "time": "2025-07-13T16:09:46.396039Z", "fetched_at": "2025-07-13T16:10:49.758046+00:00", "symbol": "BTC-USD"}, {"trade_id": 848277636, "side": "buy", "size": "0.06400852", "price": "118921.48000000", "time": "2025-07-13T16:09:46.396039Z", "fetched_at": "2025-07-13T16:10:49.758046+00:00", "symbol": "BTC-USD"}, {"trade_id": 848277635, "side": "buy", "size": "0.03119945", "price": "118921.96000000", "time": "2025-07-13T16:09:46.396039Z", "fetched_at": "2025-07-13T16:10:49.758046+00:00", "symbol": "BTC-USD"}, {"trade_id": 848277634, "side": "buy", "size": "0.07271393", "price": "118921.98000000", "time": "2025-07-13T16:09:46.396039Z", "fetched_at": "2025-07-13T16:10:49.758046+00:00", "symbol": "BTC-USD"}, {"trade_id": 848277633, "side": "buy", "size": "0.06116017", "price": "118921.98000000", "time": "2025-07-13T16:09:46.396039Z", "fetched_at": "2025-07-13T16:10:49.758046+00:00", "symbol": "BTC-USD"}, {"trade_id": 848277632, "side": "buy", "size": "0.04141575", "price": "118924.34000000", "time": "2025-07-13T16:09:46.396039Z", "fetched_at": "2025-07-13T16:10:49.758046+00:00", "symbol": "BTC-USD"}, {"trade_id": 848277631, "side": "buy", "size": "0.00355413", "price": "118924.49000000", "time": "2025-07-13T16:09:46.396039Z", "fetched_at": "2025-07-13T16:10:49.758046+00:00", "symbol": "BTC-USD"}, {"trade_id": 848277630, "side": "buy", "size": "0.00000042", "price": "118925.20000000", "time": "2025-07-13T16:09:46.396039Z", "fetched_at": "2025-07-13T16:10:49.758046+00:00", "symbol": "BTC-USD"}, {"trade_id": 848277629, "side": "buy", "size": "0.00473000", "price": "118925.59000000", "time": "2025-07-13T16:09:46.396039Z", "fetched_at": "2025-07-13T16:10:49.758046+00:00", "symbol": "BTC-USD"}, {"trade_id": 848277628, "side": "buy", "size": "0.01600351", "price": "118927.11000000", "time": "2025-07-13T16:09:46.396039Z", "fetched_at": "2025-07-13T16:10:49.758046+00:00", "symbol": "BTC-USD"}, {"trade_id": 848277627, "side": "buy", "size": "0.00008156", "price": "118927.18000000", "time": "2025-07-13T16:09:46.396039Z", "fetched_at": "2025-07-13T16:10:49.758046+00:00", "symbol": "BTC-USD"}, {"trade_id": 848277626, "side": "buy", "size": "0.06094168", "price": "118927.20000000", "time": "2025-07-13T16:09:46.396039Z", "fetched_at": "2025-07-13T16:10:49.758046+00:00", "symbol": "BTC-USD"}, {"trade_id": 848277625, "side": "buy", "size": "0.03578410", "price": "118927.21000000", "time": "2025-07-13T16:09:46.396039Z", "fetched_at": "2025-07-13T16:10:49.758046+00:00", "symbol": "BTC-USD"}, {"trade_id": 848277624, "side": "sell", "size": "0.00282782", "price": "118938.66000000", "time": "2025-07-13T16:09:45.790898Z", "fetched_at": "2025-07-13T16:10:49.758046+00:00", "symbol": "BTC-USD"}, {"trade_id": 848277623, "side": "sell", "size": "0.00001063", "price": "118938.51000000", "time": "2025-07-13T16:09:45.790898Z", "fetched_at": "2025-07-13T16:10:49.758046+00:00", "symbol": "BTC-USD"}, {"trade_id": 848277622, "side": "buy", "size": "0.00612122", "price": "118927.46000000", "time": "2025-07-13T16:09:45.484877Z", "fetched_at": "2025-07-13T16:10:49.758046+00:00", "symbol": "BTC-USD"}, {"trade_id": 848277621, "side": "buy", "size": "0.00008156", "price": "118927.47000000", "time": "2025-07-13T16:09:45.484877Z", "fetched_at": "2025-07-13T16:10:49.758046+00:00", "symbol": "BTC-USD"}, {"trade_id": 848277620, "side": "sell", "size": "0.00017446", "price": "118938.08000000", "time": "2025-07-13T16:09:43.996828Z", "fetched_at": "2025-07-13T16:10:49.758046+00:00", "symbol": "BTC-USD"}, {"trade_id": 848277619, "side": "sell", "size": "0.00026790", "price": "118938.22000000", "time": "2025-07-13T16:09:43.422568Z", "fetched_at": "2025-07-13T16:10:49.758046+00:00", "symbol": "BTC-USD"}, {"trade_id": 848277618, "side": "sell", "size": "0.00001739", "price": "118938.21000000", "time": "2025-07-13T16:09:43.422568Z", "fetched_at": "2025-07-13T16:10:49.758046+00:00", "symbol": "BTC-USD"}, {"trade_id": 848277617, "side": "sell", "size": "0.00002364", "price": "118938.20000000", "time": "2025-07-13T16:09:43.422568Z", "fetched_at": "2025-07-13T16:10:49.758046+00:00", "symbol": "BTC-USD"}, {"trade_id": 848277616, "side": "sell", "size": "0.00024978", "price": "118938.22000000", "time": "2025-07-13T16:09:43.169473Z", "fetched_at": "2025-07-13T16:10:49.758046+00:00", "symbol": "BTC-USD"}, {"trade_id": 848277615, "side": "buy", "size": "0.00597495", "price": "118924.51000000", "time": "2025-07-13T16:09:43.053160Z", "fetched_at": "2025-07-13T16:10:49.758046+00:00", "symbol": "BTC-USD"}, {"trade_id": 848277614, "side": "buy", "size": "0.00008155", "price": "118938.18000000", "time": "2025-07-13T16:09:43.053160Z", "fetched_at": "2025-07-13T16:10:49.758046+00:00", "symbol": "BTC-USD"}, {"trade_id": 848277613, "side": "sell", "size": "0.00078410", "price": "118938.21000000", "time": "2025-07-13T16:09:42.847936Z", "fetched_at": "2025-07-13T16:10:49.758046+00:00", "symbol": "BTC-USD"}, {"trade_id": 848277612, "side": "sell", "size": "0.00002149", "price": "118938.20000000", "time": "2025-07-13T16:09:42.847936Z", "fetched_at": "2025-07-13T16:10:49.758046+00:00", "symbol": "BTC-USD"}, {"trade_id": 848277611, "side": "sell", "size": "0.00000218", "price": "118932.73000000", "time": "2025-07-13T16:09:42.847936Z", "fetched_at": "2025-07-13T16:10:49.758046+00:00", "symbol": "BTC-USD"}, {"trade_id": 848277610, "side": "sell", "size": "0.00000943", "price": "118932.73000000", "time": "2025-07-13T16:09:42.847936Z", "fetched_at": "2025-07-13T16:10:49.758046+00:00", "symbol": "BTC-USD"}, {"trade_id": 848277609, "side": "buy", "size": "0.01299405", "price": "118924.48000000", "time": "2025-07-13T16:09:42.798474Z", "fetched_at": "2025-07-13T16:10:49.758046+00:00", "symbol": "BTC-USD"}, {"trade_id": 848277608, "side": "buy", "size": "0.00292389", "price": "118926.03000000", "time": "2025-07-13T16:09:42.798474Z", "fetched_at": "2025-07-13T16:10:49.758046+00:00", "symbol": "BTC-USD"}, {"trade_id": 848277607, "side": "buy", "size": "0.00000050", "price": "118932.72000000", "time": "2025-07-13T16:09:42.798474Z", "fetched_at": "2025-07-13T16:10:49.758046+00:00", "symbol": "BTC-USD"}, {"trade_id": 848277606, "side": "buy", "size": "0.00008156", "price": "118932.72000000", "time": "2025-07-13T16:09:42.798474Z", "fetched_at": "2025-07-13T16:10:49.758046+00:00", "symbol": "BTC-USD"}, {"trade_id": 848277605, "side": "buy", "size": "0.00003963", "price": "118926.03000000", "time": "2025-07-13T16:09:42.721680Z", "fetched_at": "2025-07-13T16:10:49.758046+00:00", "symbol": "BTC-USD"}, {"trade_id": 848277604, "side": "buy", "size": "0.00000697", "price": "118930.36000000", "time": "2025-07-13T16:09:42.721680Z", "fetched_at": "2025-07-13T16:10:49.758046+00:00", "symbol": "BTC-USD"}, {"trade_id": 848277603, "side": "buy", "size": "0.00008156", "price": "118932.72000000", "time": "2025-07-13T16:09:42.721680Z", "fetched_at": "2025-07-13T16:10:49.758046+00:00", "symbol": "BTC-USD"}, {"trade_id": 848277602, "side": "buy", "size": "0.00002085", "price": "118932.72000000", "time": "2025-07-13T16:09:42.721680Z", "fetched_at": "2025-07-13T16:10:49.758046+00:00", "symbol": "BTC-USD"}, {"trade_id": 848277601, "side": "buy", "size": "0.00072636", "price": "118927.35000000", "time": "2025-07-13T16:09:42.368304Z", "fetched_at": "2025-07-13T16:10:49.758046+00:00", "symbol": "BTC-USD"}, {"trade_id": 848277600, "side": "buy", "size": "0.00000815", "price": "118930.36000000", "time": "2025-07-13T16:09:42.368304Z", "fetched_at": "2025-07-13T16:10:49.758046+00:00", "symbol": "BTC-USD"}, {"trade_id": 848277599, "side": "buy", "size": "0.00002429", "price": "118930.36000000", "time": "2025-07-13T16:09:42.368304Z", "fetched_at": "2025-07-13T16:10:49.758046+00:00", "symbol": "BTC-USD"}, {"trade_id": 848277598, "side": "buy", "size": "0.00008156", "price": "118932.72000000", "time": "2025-07-13T16:09:42.368304Z", "fetched_at": "2025-07-13T16:10:49.758046+00:00", "symbol": "BTC-USD"}, {"trade_id": 848277597, "side": "sell", "size": "0.00032687", "price": "118930.37000000", "time": "2025-07-13T16:09:41.086147Z", "fetched_at": "2025-07-13T16:10:49.758046+00:00", "symbol": "BTC-USD"}, {"trade_id": 848277596, "side": "sell", "size": "0.00000824", "price": "118930.37000000", "time": "2025-07-13T16:09:40.138332Z", "fetched_at": "2025-07-13T16:10:49.758046+00:00", "symbol": "BTC-USD"}, {"trade_id": 848277595, "side": "sell", "size": "0.00019941", "price": "118930.37000000", "time": "2025-07-13T16:09:39.903340Z", "fetched_at": "2025-07-13T16:10:49.758046+00:00", "symbol": "BTC-USD"}, {"trade_id": 848277594, "side": "sell", "size": "0.00040862", "price": "118930.37000000", "time": "2025-07-13T16:09:39.855343Z", "fetched_at": "2025-07-13T16:10:49.758046+00:00", "symbol": "BTC-USD"}, {"trade_id": 848277593, "side": "sell", "size": "0.00010055", "price": "118930.37000000", "time": "2025-07-13T16:09:39.848954Z", "fetched_at": "2025-07-13T16:10:49.758046+00:00", "symbol": "BTC-USD"}, {"trade_id": 848277592, "side": "sell", "size": "0.00081726", "price": "118932.18000000", "time": "2025-07-13T16:09:39.122787Z", "fetched_at": "2025-07-13T16:10:49.758046+00:00", "symbol": "BTC-USD"}, {"trade_id": 848277591, "side": "sell", "size": "0.00024978", "price": "118932.18000000", "time": "2025-07-13T16:09:38.969084Z", "fetched_at": "2025-07-13T16:10:49.758046+00:00", "symbol": "BTC-USD"}, {"trade_id": 848277590, "side": "sell", "size": "0.00007976", "price": "118932.18000000", "time": "2025-07-13T16:09:38.612095Z", "fetched_at": "2025-07-13T16:10:49.758046+00:00", "symbol": "BTC-USD"}, {"trade_id": 848277589, "side": "sell", "size": "0.00042239", "price": "118936.95000000", "time": "2025-07-13T16:09:37.958532Z", "fetched_at": "2025-07-13T16:10:49.758046+00:00", "symbol": "BTC-USD"}, {"trade_id": 848277588, "side": "sell", "size": "0.00002448", "price": "118936.94000000", "time": "2025-07-13T16:09:37.958532Z", "fetched_at": "2025-07-13T16:10:49.758046+00:00", "symbol": "BTC-USD"}, {"trade_id": 848277587, "side": "sell", "size": "0.00000210", "price": "118930.37000000", "time": "2025-07-13T16:09:37.958532Z", "fetched_at": "2025-07-13T16:10:49.758046+00:00", "symbol": "BTC-USD"}, {"trade_id": 848277586, "side": "sell", "size": "0.00098073", "price": "118930.37000000", "time": "2025-07-13T16:09:37.885474Z", "fetched_at": "2025-07-13T16:10:49.758046+00:00", "symbol": "BTC-USD"}, {"trade_id": 848277585, "side": "sell", "size": "0.00032069", "price": "118930.37000000", "time": "2025-07-13T16:09:37.418257Z", "fetched_at": "2025-07-13T16:10:49.758046+00:00", "symbol": "BTC-USD"}, {"trade_id": 848277584, "side": "sell", "size": "0.00001000", "price": "118930.36000000", "time": "2025-07-13T16:09:37.418257Z", "fetched_at": "2025-07-13T16:10:49.758046+00:00", "symbol": "BTC-USD"}, {"trade_id": 848277583, "side": "sell", "size": "0.00171254", "price": "118926.04000000", "time": "2025-07-13T16:09:37.418257Z", "fetched_at": "2025-07-13T16:10:49.758046+00:00", "symbol": "BTC-USD"}, {"trade_id": 848277582, "side": "buy", "size": "0.00491844", "price": "118926.03000000", "time": "2025-07-13T16:09:37.032862Z", "fetched_at": "2025-07-13T16:10:49.758046+00:00", "symbol": "BTC-USD"}, {"trade_id": 848277581, "side": "buy", "size": "0.00008156", "price": "118926.03000000", "time": "2025-07-13T16:09:37.032862Z", "fetched_at": "2025-07-13T16:10:49.758046+00:00", "symbol": "BTC-USD"}, {"trade_id": 848277580, "side": "sell", "size": "0.00039007", "price": "118926.04000000", "time": "2025-07-13T16:09:36.511505Z", "fetched_at": "2025-07-13T16:10:49.758046+00:00", "symbol": "BTC-USD"}, {"trade_id": 848277579, "side": "sell", "size": "0.00000385", "price": "118923.47000000", "time": "2025-07-13T16:09:36.511505Z", "fetched_at": "2025-07-13T16:10:49.758046+00:00", "symbol": "BTC-USD"}, {"trade_id": 848277578, "side": "sell", "size": "0.00001471", "price": "118921.44000000", "time": "2025-07-13T16:09:36.511505Z", "fetched_at": "2025-07-13T16:10:49.758046+00:00", "symbol": "BTC-USD"}, {"trade_id": 848277577, "side": "sell", "size": "0.00840931", "price": "118915.72000000", "time": "2025-07-13T16:09:35.800239Z", "fetched_at": "2025-07-13T16:10:49.758046+00:00", "symbol": "BTC-USD"}, {"trade_id": 848277576, "side": "sell", "size": "0.00000093", "price": "118915.72000000", "time": "2025-07-13T16:09:35.800239Z", "fetched_at": "2025-07-13T16:10:49.758046+00:00", "symbol": "BTC-USD"}, {"trade_id": 848277575, "side": "sell", "size": "0.00008176", "price": "118915.72000000", "time": "2025-07-13T16:09:35.251601Z", "fetched_at": "2025-07-13T16:10:49.758046+00:00", "symbol": "BTC-USD"}, {"trade_id": 848277574, "side": "sell", "size": "0.00003988", "price": "118915.72000000", "time": "2025-07-13T16:09:34.994178Z", "fetched_at": "2025-07-13T16:10:49.758046+00:00", "symbol": "BTC-USD"}, {"trade_id": 848277573, "side": "sell", "size": "0.00008717", "price": "118915.72000000", "time": "2025-07-13T16:09:34.805279Z", "fetched_at": "2025-07-13T16:10:49.758046+00:00", "symbol": "BTC-USD"}, {"trade_id": 848277572, "side": "sell", "size": "0.00007235", "price": "118915.72000000", "time": "2025-07-13T16:09:34.805279Z", "fetched_at": "2025-07-13T16:10:49.758046+00:00", "symbol": "BTC-USD"}, {"trade_id": 848277571, "side": "sell", "size": "0.00553001", "price": "118923.52000000", "time": "2025-07-13T16:09:34.387647Z", "fetched_at": "2025-07-13T16:10:49.758046+00:00", "symbol": "BTC-USD"}, {"trade_id": 848277570, "side": "sell", "size": "0.03500000", "price": "118923.48000000", "time": "2025-07-13T16:09:34.387647Z", "fetched_at": "2025-07-13T16:10:49.758046+00:00", "symbol": "BTC-USD"}, {"trade_id": 848277569, "side": "sell", "size": "0.00001448", "price": "118923.47000000", "time": "2025-07-13T16:09:34.387647Z", "fetched_at": "2025-07-13T16:10:49.758046+00:00", "symbol": "BTC-USD"}, {"trade_id": 848277568, "side": "sell", "size": "0.00001613", "price": "118923.43000000", "time": "2025-07-13T16:09:34.387647Z", "fetched_at": "2025-07-13T16:10:49.758046+00:00", "symbol": "BTC-USD"}, {"trade_id": 848277567, "side": "sell", "size": "0.00000260", "price": "118923.43000000", "time": "2025-07-13T16:09:34.387647Z", "fetched_at": "2025-07-13T16:10:49.758046+00:00", "symbol": "BTC-USD"}, {"trade_id": 848277566, "side": "sell", "size": "0.00002656", "price": "118921.44000000", "time": "2025-07-13T16:09:34.387647Z", "fetched_at": "2025-07-13T16:10:49.758046+00:00", "symbol": "BTC-USD"}, {"trade_id": 848277565, "side": "sell", "size": "0.00001000", "price": "118921.44000000", "time": "2025-07-13T16:09:34.387647Z", "fetched_at": "2025-07-13T16:10:49.758046+00:00", "symbol": "BTC-USD"}, {"trade_id": 848277564, "side": "sell", "size": "0.00840931", "price": "118915.72000000", "time": "2025-07-13T16:09:34.387647Z", "fetched_at": "2025-07-13T16:10:49.758046+00:00", "symbol": "BTC-USD"}, {"trade_id": 848277563, "side": "buy", "size": "0.00075946", "price": "118910.55000000", "time": "2025-07-13T16:09:33.256310Z", "fetched_at": "2025-07-13T16:10:49.758046+00:00", "symbol": "BTC-USD"}, {"trade_id": 848277562, "side": "buy", "size": "0.00008157", "price": "118910.56000000", "time": "2025-07-13T16:09:33.256310Z", "fetched_at": "2025-07-13T16:10:49.758046+00:00", "symbol": "BTC-USD"}, {"trade_id": 848277561, "side": "buy", "size": "0.06007530", "price": "118910.55000000", "time": "2025-07-13T16:09:33.199740Z", "fetched_at": "2025-07-13T16:10:49.758046+00:00", "symbol": "BTC-USD"}, {"trade_id": 848277560, "side": "buy", "size": "0.00004117", "price": "118910.55000000", "time": "2025-07-13T16:09:33.199740Z", "fetched_at": "2025-07-13T16:10:49.758046+00:00", "symbol": "BTC-USD"}, {"trade_id": 848277559, "side": "buy", "size": "0.05104082", "price": "118910.56000000", "time": "2025-07-13T16:09:33.199740Z", "fetched_at": "2025-07-13T16:10:49.758046+00:00", "symbol": "BTC-USD"}, {"trade_id": 848277558, "side": "buy", "size": "0.00115630", "price": "118911.94000000", "time": "2025-07-13T16:09:33.199740Z", "fetched_at": "2025-07-13T16:10:49.758046+00:00", "symbol": "BTC-USD"}, {"trade_id": 848277557, "side": "buy", "size": "0.00086723", "price": "118911.96000000", "time": "2025-07-13T16:09:33.199740Z", "fetched_at": "2025-07-13T16:10:49.758046+00:00", "symbol": "BTC-USD"}, {"trade_id": 848277556, "side": "buy", "size": "0.01882112", "price": "118911.98000000", "time": "2025-07-13T16:09:33.199740Z", "fetched_at": "2025-07-13T16:10:49.758046+00:00", "symbol": "BTC-USD"}, {"trade_id": 848277555, "side": "buy", "size": "0.00008157", "price": "118911.99000000", "time": "2025-07-13T16:09:33.199740Z", "fetched_at": "2025-07-13T16:10:49.758046+00:00", "symbol": "BTC-USD"}, {"trade_id": 848277554, "side": "sell", "size": "0.00014680", "price": "118916.67000000", "time": "2025-07-13T16:09:33.093505Z", "fetched_at": "2025-07-13T16:10:49.758046+00:00", "symbol": "BTC-USD"}, {"trade_id": 848277553, "side": "sell", "size": "0.00001000", "price": "118912.52000000", "time": "2025-07-13T16:09:33.093505Z", "fetched_at": "2025-07-13T16:10:49.758046+00:00", "symbol": "BTC-USD"}, {"trade_id": 848277552, "side": "sell", "size": "0.00000664", "price": "118910.56000000", "time": "2025-07-13T16:09:33.093505Z", "fetched_at": "2025-07-13T16:10:49.758046+00:00", "symbol": "BTC-USD"}, {"trade_id": 848277551, "side": "buy", "size": "0.01524376", "price": "118910.55000000", "time": "2025-07-13T16:09:32.709781Z", "fetched_at": "2025-07-13T16:10:49.758046+00:00", "symbol": "BTC-USD"}, {"trade_id": 848277550, "side": "buy", "size": "0.00075624", "price": "118910.55000000", "time": "2025-07-13T16:09:32.709781Z", "fetched_at": "2025-07-13T16:10:49.758046+00:00", "symbol": "BTC-USD"}, {"trade_id": 848277549, "side": "sell", "size": "0.00005478", "price": "118903.57000000", "time": "2025-07-13T16:09:31.225763Z", "fetched_at": "2025-07-13T16:10:49.758046+00:00", "symbol": "BTC-USD"}, {"trade_id": 848277548, "side": "buy", "size": "0.00037720", "price": "118897.19000000", "time": "2025-07-13T16:09:31.002470Z", "fetched_at": "2025-07-13T16:10:49.758046+00:00", "symbol": "BTC-USD"}, {"trade_id": 848277547, "side": "buy", "size": "0.00008158", "price": "118903.56000000", "time": "2025-07-13T16:09:31.002470Z", "fetched_at": "2025-07-13T16:10:49.758046+00:00", "symbol": "BTC-USD"}, {"trade_id": 848277546, "side": "sell", "size": "0.00037386", "price": "118903.57000000", "time": "2025-07-13T16:09:30.953144Z", "fetched_at": "2025-07-13T16:10:49.758046+00:00", "symbol": "BTC-USD"}, {"trade_id": 848277545, "side": "sell", "size": "0.00003479", "price": "118903.57000000", "time": "2025-07-13T16:09:30.953144Z", "fetched_at": "2025-07-13T16:10:49.758046+00:00", "symbol": "BTC-USD"}, {"trade_id": 848277544, "side": "sell", "size": "0.00004901", "price": "118903.57000000", "time": "2025-07-13T16:09:30.502312Z", "fetched_at": "2025-07-13T16:10:49.758046+00:00", "symbol": "BTC-USD"}, {"trade_id": 848277543, "side": "buy", "size": "0.00004339", "price": "118897.16000000", "time": "2025-07-13T16:09:30.114737Z", "fetched_at": "2025-07-13T16:10:49.758046+00:00", "symbol": "BTC-USD"}, {"trade_id": 848277542, "side": "buy", "size": "0.00000824", "price": "118899.38000000", "time": "2025-07-13T16:09:29.944868Z", "fetched_at": "2025-07-13T16:10:49.758046+00:00", "symbol": "BTC-USD"}, {"trade_id": 848277541, "side": "sell", "size": "0.00798508", "price": "118903.58000000", "time": "2025-07-13T16:09:29.798548Z", "fetched_at": "2025-07-13T16:10:49.758046+00:00", "symbol": "BTC-USD"}, {"trade_id": 848277540, "side": "sell", "size": "0.00001492", "price": "118903.57000000", "time": "2025-07-13T16:09:29.798548Z", "fetched_at": "2025-07-13T16:10:49.758046+00:00", "symbol": "BTC-USD"}, {"trade_id": 848277539, "side": "sell", "size": "0.00175868", "price": "118908.47000000", "time": "2025-07-13T16:09:29.559390Z", "fetched_at": "2025-07-13T16:10:49.758046+00:00", "symbol": "BTC-USD"}, {"trade_id": 848277538, "side": "sell", "size": "0.00001487", "price": "118908.46000000", "time": "2025-07-13T16:09:29.559390Z", "fetched_at": "2025-07-13T16:10:49.758046+00:00", "symbol": "BTC-USD"}, {"trade_id": 848277537, "side": "sell", "size": "0.00182366", "price": "118908.50000000", "time": "2025-07-13T16:09:29.363092Z", "fetched_at": "2025-07-13T16:10:49.758046+00:00", "symbol": "BTC-USD"}, {"trade_id": 848277536, "side": "sell", "size": "0.00000911", "price": "118908.50000000", "time": "2025-07-13T16:09:29.363092Z", "fetched_at": "2025-07-13T16:10:49.758046+00:00", "symbol": "BTC-USD"}, {"trade_id": 848277535, "side": "buy", "size": "0.00005998", "price": "118897.19000000", "time": "2025-07-13T16:09:29.340323Z", "fetched_at": "2025-07-13T16:10:49.758046+00:00", "symbol": "BTC-USD"}, {"trade_id": 848277534, "side": "buy", "size": "0.00719712", "price": "118897.18000000", "time": "2025-07-13T16:09:29.314727Z", "fetched_at": "2025-07-13T16:10:49.758046+00:00", "symbol": "BTC-USD"}, {"trade_id": 848277533, "side": "buy", "size": "0.00008158", "price": "118897.19000000", "time": "2025-07-13T16:09:29.314727Z", "fetched_at": "2025-07-13T16:10:49.758046+00:00", "symbol": "BTC-USD"}, {"trade_id": 848277532, "side": "buy", "size": "0.00018175", "price": "118897.10000000", "time": "2025-07-13T16:09:29.047908Z", "fetched_at": "2025-07-13T16:10:49.758046+00:00", "symbol": "BTC-USD"}, {"trade_id": 848277531, "side": "buy", "size": "0.00008158", "price": "118897.11000000", "time": "2025-07-13T16:09:29.047908Z", "fetched_at": "2025-07-13T16:10:49.758046+00:00", "symbol": "BTC-USD"}, {"trade_id": 848277530, "side": "sell", "size": "0.00019176", "price": "118908.52000000", "time": "2025-07-13T16:09:28.711723Z", "fetched_at": "2025-07-13T16:10:49.758046+00:00", "symbol": "BTC-USD"}, {"trade_id": 848277529, "side": "sell", "size": "0.00001256", "price": "118908.51000000", "time": "2025-07-13T16:09:28.711723Z", "fetched_at": "2025-07-13T16:10:49.758046+00:00", "symbol": "BTC-USD"}, {"trade_id": 848277528, "side": "sell", "size": "0.00023721", "price": "118908.52000000", "time": "2025-07-13T16:09:28.662278Z", "fetched_at": "2025-07-13T16:10:49.758046+00:00", "symbol": "BTC-USD"}, {"trade_id": 848277527, "side": "sell", "size": "0.00001256", "price": "118908.51000000", "time": "2025-07-13T16:09:28.662278Z", "fetched_at": "2025-07-13T16:10:49.758046+00:00", "symbol": "BTC-USD"}, {"trade_id": 848277526, "side": "sell", "size": "0.00007136", "price": "118908.36000000", "time": "2025-07-13T16:09:28.605782Z", "fetched_at": "2025-07-13T16:10:49.758046+00:00", "symbol": "BTC-USD"}, {"trade_id": 848277525, "side": "sell", "size": "0.00001190", "price": "118908.35000000", "time": "2025-07-13T16:09:28.605782Z", "fetched_at": "2025-07-13T16:10:49.758046+00:00", "symbol": "BTC-USD"}, {"trade_id": 848277524, "side": "sell", "size": "0.00002986", "price": "118908.36000000", "time": "2025-07-13T16:09:28.304682Z", "fetched_at": "2025-07-13T16:10:49.758046+00:00", "symbol": "BTC-USD"}, {"trade_id": 848277523, "side": "sell", "size": "0.00002009", "price": "118908.36000000", "time": "2025-07-13T16:09:28.304682Z", "fetched_at": "2025-07-13T16:10:49.758046+00:00", "symbol": "BTC-USD"}, {"trade_id": 848277522, "side": "buy", "size": "0.00023187", "price": "118897.08000000", "time": "2025-07-13T16:09:27.562931Z", "fetched_at": "2025-07-13T16:10:49.758046+00:00", "symbol": "BTC-USD"}, {"trade_id": 848277521, "side": "buy", "size": "0.01658743", "price": "118897.10000000", "time": "2025-07-13T16:09:27.562931Z", "fetched_at": "2025-07-13T16:10:49.758046+00:00", "symbol": "BTC-USD"}, {"trade_id": 848277520, "side": "buy", "size": "0.00000051", "price": "118897.75000000", "time": "2025-07-13T16:09:27.069245Z", "fetched_at": "2025-07-13T16:10:49.758046+00:00", "symbol": "BTC-USD"}, {"trade_id": 848277519, "side": "sell", "size": "0.00817240", "price": "118903.62000000", "time": "2025-07-13T16:09:26.669475Z", "fetched_at": "2025-07-13T16:10:49.758046+00:00", "symbol": "BTC-USD"}, {"trade_id": 848277518, "side": "buy", "size": "0.00003398", "price": "118896.98000000", "time": "2025-07-13T16:09:23.502032Z", "fetched_at": "2025-07-13T16:10:49.758046+00:00", "symbol": "BTC-USD"}, {"trade_id": 848277517, "side": "sell", "size": "0.00500000", "price": "118901.59000000", "time": "2025-07-13T16:09:23.002859Z", "fetched_at": "2025-07-13T16:10:49.758046+00:00", "symbol": "BTC-USD"}, {"trade_id": 848277516, "side": "sell", "size": "0.00005969", "price": "118901.59000000", "time": "2025-07-13T16:09:22.846608Z", "fetched_at": "2025-07-13T16:10:49.758046+00:00", "symbol": "BTC-USD"}, {"trade_id": 848277515, "side": "sell", "size": "0.00011165", "price": "118901.59000000", "time": "2025-07-13T16:09:22.692740Z", "fetched_at": "2025-07-13T16:10:49.758046+00:00", "symbol": "BTC-USD"}, {"trade_id": 848277514, "side": "sell", "size": "0.00004471", "price": "118901.59000000", "time": "2025-07-13T16:09:22.297999Z", "fetched_at": "2025-07-13T16:10:49.758046+00:00", "symbol": "BTC-USD"}, {"trade_id": 848277513, "side": "sell", "size": "0.00258969", "price": "118901.59000000", "time": "2025-07-13T16:09:22.157424Z", "fetched_at": "2025-07-13T16:10:49.758046+00:00", "symbol": "BTC-USD"}, {"trade_id": 848277512, "side": "sell", "size": "0.00841031", "price": "118901.59000000", "time": "2025-07-13T16:09:22.157424Z", "fetched_at": "2025-07-13T16:10:49.758046+00:00", "symbol": "BTC-USD"}, {"trade_id": 848277511, "side": "buy", "size": "0.00000555", "price": "118900.50000000", "time": "2025-07-13T16:09:21.937954Z", "fetched_at": "2025-07-13T16:10:49.758046+00:00", "symbol": "BTC-USD"}, {"trade_id": 848277510, "side": "sell", "size": "0.00000960", "price": "118910.02000000", "time": "2025-07-13T16:09:21.582349Z", "fetched_at": "2025-07-13T16:10:49.758046+00:00", "symbol": "BTC-USD"}, {"trade_id": 848277509, "side": "sell", "size": "0.00283913", "price": "118903.33000000", "time": "2025-07-13T16:09:20.787337Z", "fetched_at": "2025-07-13T16:10:49.758046+00:00", "symbol": "BTC-USD"}, {"trade_id": 848277508, "side": "sell", "size": "0.00000833", "price": "118902.85000000", "time": "2025-07-13T16:09:19.612055Z", "fetched_at": "2025-07-13T16:10:49.758046+00:00", "symbol": "BTC-USD"}, {"trade_id": 848277507, "side": "sell", "size": "0.00020815", "price": "118902.85000000", "time": "2025-07-13T16:09:19.542588Z", "fetched_at": "2025-07-13T16:10:49.758046+00:00", "symbol": "BTC-USD"}, {"trade_id": 848277506, "side": "sell", "size": "0.00183868", "price": "118909.89000000", "time": "2025-07-13T16:09:18.710387Z", "fetched_at": "2025-07-13T16:10:49.758046+00:00", "symbol": "BTC-USD"}, {"trade_id": 848277505, "side": "sell", "size": "0.02560000", "price": "118909.86000000", "time": "2025-07-13T16:09:18.710387Z", "fetched_at": "2025-07-13T16:10:49.758046+00:00", "symbol": "BTC-USD"}, {"trade_id": 848277504, "side": "sell", "size": "0.00500000", "price": "118909.84000000", "time": "2025-07-13T16:09:18.710387Z", "fetched_at": "2025-07-13T16:10:49.758046+00:00", "symbol": "BTC-USD"}, {"trade_id": 848277503, "side": "sell", "size": "0.00841100", "price": "118909.84000000", "time": "2025-07-13T16:09:18.710387Z", "fetched_at": "2025-07-13T16:10:49.758046+00:00", "symbol": "BTC-USD"}, {"trade_id": 848277502, "side": "sell", "size": "0.00001182", "price": "118909.83000000", "time": "2025-07-13T16:09:18.710387Z", "fetched_at": "2025-07-13T16:10:49.758046+00:00", "symbol": "BTC-USD"}, {"trade_id": 848277501, "side": "sell", "size": "0.00002904", "price": "118910.23000000", "time": "2025-07-13T16:09:17.780630Z", "fetched_at": "2025-07-13T16:10:49.758046+00:00", "symbol": "BTC-USD"}, {"trade_id": 848277500, "side": "sell", "size": "0.00001184", "price": "118910.23000000", "time": "2025-07-13T16:09:17.780630Z", "fetched_at": "2025-07-13T16:10:49.758046+00:00", "symbol": "BTC-USD"}, {"trade_id": 848277499, "side": "buy", "size": "0.00000797", "price": "118900.89000000", "time": "2025-07-13T16:09:16.982967Z", "fetched_at": "2025-07-13T16:10:49.758046+00:00", "symbol": "BTC-USD"}, {"trade_id": 848277498, "side": "sell", "size": "0.00039881", "price": "118905.14000000", "time": "2025-07-13T16:09:16.397109Z", "fetched_at": "2025-07-13T16:10:49.758046+00:00", "symbol": "BTC-USD"}, {"trade_id": 848277497, "side": "buy", "size": "0.00010194", "price": "118904.73000000", "time": "2025-07-13T16:09:16.144095Z", "fetched_at": "2025-07-13T16:10:49.758046+00:00", "symbol": "BTC-USD"}, {"trade_id": 848277496, "side": "buy", "size": "0.00003675", "price": "118904.73000000", "time": "2025-07-13T16:09:15.631128Z", "fetched_at": "2025-07-13T16:10:49.758046+00:00", "symbol": "BTC-USD"}, {"trade_id": 848277495, "side": "buy", "size": "0.00008158", "price": "118904.74000000", "time": "2025-07-13T16:09:15.631128Z", "fetched_at": "2025-07-13T16:10:49.758046+00:00", "symbol": "BTC-USD"}, {"trade_id": 848277494, "side": "buy", "size": "0.00000849", "price": "118904.73000000", "time": "2025-07-13T16:09:15.044058Z", "fetched_at": "2025-07-13T16:10:49.758046+00:00", "symbol": "BTC-USD"}, {"trade_id": 848277493, "side": "buy", "size": "0.00019812", "price": "118905.03000000", "time": "2025-07-13T16:09:14.736063Z", "fetched_at": "2025-07-13T16:10:49.758046+00:00", "symbol": "BTC-USD"}, {"trade_id": 848277492, "side": "buy", "size": "0.00028302", "price": "118905.03000000", "time": "2025-07-13T16:09:14.560177Z", "fetched_at": "2025-07-13T16:10:49.758046+00:00", "symbol": "BTC-USD"}, {"trade_id": 848277491, "side": "sell", "size": "0.00245653", "price": "118907.63000000", "time": "2025-07-13T16:09:13.755907Z", "fetched_at": "2025-07-13T16:10:49.758046+00:00", "symbol": "BTC-USD"}, {"trade_id": 848277490, "side": "buy", "size": "0.00350543", "price": "118906.41000000", "time": "2025-07-13T16:09:12.894220Z", "fetched_at": "2025-07-13T16:10:49.758046+00:00", "symbol": "BTC-USD"}, {"trade_id": 848277489, "side": "sell", "size": "0.00651923", "price": "118906.65000000", "time": "2025-07-13T16:09:12.401114Z", "fetched_at": "2025-07-13T16:10:49.758046+00:00", "symbol": "BTC-USD"}, {"trade_id": 848277488, "side": "buy", "size": "0.00004205", "price": "118904.73000000", "time": "2025-07-13T16:09:12.298636Z", "fetched_at": "2025-07-13T16:10:49.758046+00:00", "symbol": "BTC-USD"}, {"trade_id": 848277487, "side": "sell", "size": "0.00101782", "price": "118910.57000000", "time": "2025-07-13T16:09:11.478285Z", "fetched_at": "2025-07-13T16:10:49.758046+00:00", "symbol": "BTC-USD"}, {"trade_id": 848277486, "side": "sell", "size": "0.00002279", "price": "118910.56000000", "time": "2025-07-13T16:09:11.478285Z", "fetched_at": "2025-07-13T16:10:49.758046+00:00", "symbol": "BTC-USD"}, {"trade_id": 848277485, "side": "sell", "size": "0.03241502", "price": "118910.25000000", "time": "2025-07-13T16:09:11.180857Z", "fetched_at": "2025-07-13T16:10:49.758046+00:00", "symbol": "BTC-USD"}, {"trade_id": 848277484, "side": "sell", "size": "0.00000664", "price": "118906.09000000", "time": "2025-07-13T16:09:11.180857Z", "fetched_at": "2025-07-13T16:10:49.758046+00:00", "symbol": "BTC-USD"}, {"trade_id": 848277483, "side": "sell", "size": "0.00841200", "price": "118906.03000000", "time": "2025-07-13T16:09:11.180857Z", "fetched_at": "2025-07-13T16:10:49.758046+00:00", "symbol": "BTC-USD"}, {"trade_id": 848277482, "side": "sell", "size": "0.00002271", "price": "118899.69000000", "time": "2025-07-13T16:09:11.180857Z", "fetched_at": "2025-07-13T16:10:49.758046+00:00", "symbol": "BTC-USD"}, {"trade_id": 848277481, "side": "buy", "size": "0.00500000", "price": "118899.68000000", "time": "2025-07-13T16:09:10.343347Z", "fetched_at": "2025-07-13T16:10:49.758046+00:00", "symbol": "BTC-USD"}, {"trade_id": 848277480, "side": "sell", "size": "0.00005498", "price": "118902.76000000", "time": "2025-07-13T16:09:09.863265Z", "fetched_at": "2025-07-13T16:10:49.758046+00:00", "symbol": "BTC-USD"}, {"trade_id": 848277479, "side": "sell", "size": "0.00002602", "price": "118899.69000000", "time": "2025-07-13T16:09:09.863265Z", "fetched_at": "2025-07-13T16:10:49.758046+00:00", "symbol": "BTC-USD"}, {"trade_id": 848277478, "side": "sell", "size": "0.00002618", "price": "118899.69000000", "time": "2025-07-13T16:09:09.753913Z", "fetched_at": "2025-07-13T16:10:49.758046+00:00", "symbol": "BTC-USD"}, {"trade_id": 848277477, "side": "buy", "size": "0.00008176", "price": "118899.68000000", "time": "2025-07-13T16:09:09.670475Z", "fetched_at": "2025-07-13T16:10:49.758046+00:00", "symbol": "BTC-USD"}, {"trade_id": 848277476, "side": "sell", "size": "0.00038247", "price": "118902.76000000", "time": "2025-07-13T16:09:09.325296Z", "fetched_at": "2025-07-13T16:10:49.758046+00:00", "symbol": "BTC-USD"}, {"trade_id": 848277475, "side": "sell", "size": "0.00002618", "price": "118899.69000000", "time": "2025-07-13T16:09:09.325296Z", "fetched_at": "2025-07-13T16:10:49.758046+00:00", "symbol": "BTC-USD"}, {"trade_id": 848277474, "side": "sell", "size": "0.00005084", "price": "118902.14000000", "time": "2025-07-13T16:09:07.954730Z", "fetched_at": "2025-07-13T16:10:49.758046+00:00", "symbol": "BTC-USD"}, {"trade_id": 848277473, "side": "sell", "size": "0.00002892", "price": "118896.97000000", "time": "2025-07-13T16:09:07.954730Z", "fetched_at": "2025-07-13T16:10:49.758046+00:00", "symbol": "BTC-USD"}, {"trade_id": 848277472, "side": "buy", "size": "0.00331556", "price": "118897.64000000", "time": "2025-07-13T16:09:07.378303Z", "fetched_at": "2025-07-13T16:10:49.758046+00:00", "symbol": "BTC-USD"}, {"trade_id": 848277471, "side": "buy", "size": "0.00008158", "price": "118897.65000000", "time": "2025-07-13T16:09:07.378303Z", "fetched_at": "2025-07-13T16:10:49.758046+00:00", "symbol": "BTC-USD"}, {"trade_id": 848277470, "side": "sell", "size": "0.00022794", "price": "118902.75000000", "time": "2025-07-13T16:09:06.673081Z", "fetched_at": "2025-07-13T16:10:49.758046+00:00", "symbol": "BTC-USD"}, {"trade_id": 848277469, "side": "sell", "size": "0.00002206", "price": "118896.25000000", "time": "2025-07-13T16:09:06.673081Z", "fetched_at": "2025-07-13T16:10:49.758046+00:00", "symbol": "BTC-USD"}, {"trade_id": 848277468, "side": "sell", "size": "0.00117804", "price": "118901.59000000", "time": "2025-07-13T16:09:04.842177Z", "fetched_at": "2025-07-13T16:10:49.758046+00:00", "symbol": "BTC-USD"}, {"trade_id": 848277467, "side": "sell", "size": "0.00001832", "price": "118896.21000000", "time": "2025-07-13T16:09:04.842177Z", "fetched_at": "2025-07-13T16:10:49.758046+00:00", "symbol": "BTC-USD"}, {"trade_id": 848277466, "side": "sell", "size": "0.00000824", "price": "118894.24000000", "time": "2025-07-13T16:09:04.382055Z", "fetched_at": "2025-07-13T16:10:49.758046+00:00", "symbol": "BTC-USD"}, {"trade_id": 848277465, "side": "sell", "size": "0.00000008", "price": "118894.26000000", "time": "2025-07-13T16:09:04.057510Z", "fetched_at": "2025-07-13T16:10:49.758046+00:00", "symbol": "BTC-USD"}, {"trade_id": 848277464, "side": "sell", "size": "0.00104359", "price": "118906.44000000", "time": "2025-07-13T16:09:04.029370Z", "fetched_at": "2025-07-13T16:10:49.758046+00:00", "symbol": "BTC-USD"}, {"trade_id": 848277463, "side": "sell", "size": "0.00001891", "price": "118894.31000000", "time": "2025-07-13T16:09:04.029370Z", "fetched_at": "2025-07-13T16:10:49.758046+00:00", "symbol": "BTC-USD"}, {"trade_id": 848277462, "side": "sell", "size": "0.00052454", "price": "118910.32000000", "time": "2025-07-13T16:09:03.870640Z", "fetched_at": "2025-07-13T16:10:49.758046+00:00", "symbol": "BTC-USD"}, {"trade_id": 848277461, "side": "sell", "size": "0.00010506", "price": "118902.44000000", "time": "2025-07-13T16:09:03.870640Z", "fetched_at": "2025-07-13T16:10:49.758046+00:00", "symbol": "BTC-USD"}, {"trade_id": 848277460, "side": "sell", "size": "0.00011758", "price": "118902.39000000", "time": "2025-07-13T16:09:03.870640Z", "fetched_at": "2025-07-13T16:10:49.758046+00:00", "symbol": "BTC-USD"}, {"trade_id": 848277459, "side": "sell", "size": "0.00011499", "price": "118902.37000000", "time": "2025-07-13T16:09:03.870640Z", "fetched_at": "2025-07-13T16:10:49.758046+00:00", "symbol": "BTC-USD"}, {"trade_id": 848277458, "side": "sell", "size": "0.00001513", "price": "118894.29000000", "time": "2025-07-13T16:09:03.870640Z", "fetched_at": "2025-07-13T16:10:49.758046+00:00", "symbol": "BTC-USD"}, {"trade_id": 848277457, "side": "sell", "size": "0.00000612", "price": "118902.37000000", "time": "2025-07-13T16:09:03.522740Z", "fetched_at": "2025-07-13T16:10:49.758046+00:00", "symbol": "BTC-USD"}, {"trade_id": 848277456, "side": "sell", "size": "0.00007880", "price": "118902.36000000", "time": "2025-07-13T16:09:03.522740Z", "fetched_at": "2025-07-13T16:10:49.758046+00:00", "symbol": "BTC-USD"}, {"trade_id": 848277455, "side": "sell", "size": "0.00013371", "price": "118902.35000000", "time": "2025-07-13T16:09:03.522740Z", "fetched_at": "2025-07-13T16:10:49.758046+00:00", "symbol": "BTC-USD"}, {"trade_id": 848277454, "side": "sell", "size": "0.00013910", "price": "118902.01000000", "time": "2025-07-13T16:09:03.522740Z", "fetched_at": "2025-07-13T16:10:49.758046+00:00", "symbol": "BTC-USD"}, {"trade_id": 848277453, "side": "sell", "size": "0.00004754", "price": "118901.68000000", "time": "2025-07-13T16:09:03.522740Z", "fetched_at": "2025-07-13T16:10:49.758046+00:00", "symbol": "BTC-USD"}, {"trade_id": 848277452, "side": "buy", "size": "0.00987029", "price": "118894.22000000", "time": "2025-07-13T16:09:03.312430Z", "fetched_at": "2025-07-13T16:10:49.758046+00:00", "symbol": "BTC-USD"}, {"trade_id": 848277451, "side": "buy", "size": "0.01418370", "price": "118894.24000000", "time": "2025-07-13T16:09:03.312430Z", "fetched_at": "2025-07-13T16:10:49.758046+00:00", "symbol": "BTC-USD"}, {"trade_id": 848277450, "side": "buy", "size": "0.00001000", "price": "118894.68000000", "time": "2025-07-13T16:09:03.312430Z", "fetched_at": "2025-07-13T16:10:49.758046+00:00", "symbol": "BTC-USD"}, {"trade_id": 848277449, "side": "buy", "size": "0.00850000", "price": "118895.73000000", "time": "2025-07-13T16:09:03.312430Z", "fetched_at": "2025-07-13T16:10:49.758046+00:00", "symbol": "BTC-USD"}, {"trade_id": 848277448, "side": "buy", "size": "0.00000830", "price": "118900.00000000", "time": "2025-07-13T16:09:03.312430Z", "fetched_at": "2025-07-13T16:10:49.758046+00:00", "symbol": "BTC-USD"}, {"trade_id": 848277447, "side": "buy", "size": "0.00000353", "price": "118902.47000000", "time": "2025-07-13T16:09:03.312430Z", "fetched_at": "2025-07-13T16:10:49.758046+00:00", "symbol": "BTC-USD"}, {"trade_id": 848277446, "side": "buy", "size": "0.00000117", "price": "118902.47000000", "time": "2025-07-13T16:09:03.312430Z", "fetched_at": "2025-07-13T16:10:49.758046+00:00", "symbol": "BTC-USD"}, {"trade_id": 848277445, "side": "buy", "size": "0.00169861", "price": "118903.60000000", "time": "2025-07-13T16:09:03.030150Z", "fetched_at": "2025-07-13T16:10:49.758046+00:00", "symbol": "BTC-USD"}, {"trade_id": 848277444, "side": "buy", "size": "0.00006072", "price": "118903.60000000", "time": "2025-07-13T16:09:02.848490Z", "fetched_at": "2025-07-13T16:10:49.758046+00:00", "symbol": "BTC-USD"}, {"trade_id": 848277443, "side": "buy", "size": "0.00160721", "price": "118903.60000000", "time": "2025-07-13T16:09:02.473820Z", "fetched_at": "2025-07-13T16:10:49.758046+00:00", "symbol": "BTC-USD"}, {"trade_id": 848277442, "side": "buy", "size": "0.00001000", "price": "118903.60000000", "time": "2025-07-13T16:09:02.473820Z", "fetched_at": "2025-07-13T16:10:49.758046+00:00", "symbol": "BTC-USD"}, {"trade_id": 848277441, "side": "buy", "size": "0.00008157", "price": "118908.85000000", "time": "2025-07-13T16:09:02.473820Z", "fetched_at": "2025-07-13T16:10:49.758046+00:00", "symbol": "BTC-USD"}, {"trade_id": 848277440, "side": "sell", "size": "0.00020000", "price": "118908.86000000", "time": "2025-07-13T16:09:02.243557Z", "fetched_at": "2025-07-13T16:10:49.758046+00:00", "symbol": "BTC-USD"}, {"trade_id": 848277439, "side": "sell", "size": "0.00128718", "price": "118908.48000000", "time": "2025-07-13T16:09:02.101705Z", "fetched_at": "2025-07-13T16:10:49.758046+00:00", "symbol": "BTC-USD"}, {"trade_id": 848277438, "side": "sell", "size": "0.00000664", "price": "118903.61000000", "time": "2025-07-13T16:09:02.101705Z", "fetched_at": "2025-07-13T16:10:49.758046+00:00", "symbol": "BTC-USD"}, {"trade_id": 848277437, "side": "sell", "size": "0.00499507", "price": "118904.04000000", "time": "2025-07-13T16:09:01.238322Z", "fetched_at": "2025-07-13T16:10:49.758046+00:00", "symbol": "BTC-USD"}, {"trade_id": 848277436, "side": "sell", "size": "0.00002081", "price": "118903.61000000", "time": "2025-07-13T16:09:01.238322Z", "fetched_at": "2025-07-13T16:10:49.758046+00:00", "symbol": "BTC-USD"}, {"trade_id": 848277435, "side": "buy", "size": "0.00684676", "price": "118913.92000000", "time": "2025-07-13T16:09:00.765571Z", "fetched_at": "2025-07-13T16:10:49.758046+00:00", "symbol": "BTC-USD"}, {"trade_id": 848277434, "side": "buy", "size": "0.01123159", "price": "118913.92000000", "time": "2025-07-13T16:09:00.765393Z", "fetched_at": "2025-07-13T16:10:49.758046+00:00", "symbol": "BTC-USD"}, {"trade_id": 848277433, "side": "buy", "size": "0.00998548", "price": "118913.92000000", "time": "2025-07-13T16:09:00.765033Z", "fetched_at": "2025-07-13T16:10:49.758046+00:00", "symbol": "BTC-USD"}, {"trade_id": 848277432, "side": "buy", "size": "0.01354209", "price": "118913.92000000", "time": "2025-07-13T16:09:00.764820Z", "fetched_at": "2025-07-13T16:10:49.758046+00:00", "symbol": "BTC-USD"}, {"trade_id": 848277431, "side": "buy", "size": "0.04330015", "price": "118921.23000000", "time": "2025-07-13T16:09:00.538513Z", "fetched_at": "2025-07-13T16:10:49.758046+00:00", "symbol": "BTC-USD"}, {"trade_id": 848277430, "side": "buy", "size": "0.00006246", "price": "118923.42000000", "time": "2025-07-13T16:09:00.309527Z", "fetched_at": "2025-07-13T16:10:49.758046+00:00", "symbol": "BTC-USD"}, {"trade_id": 848277429, "side": "buy", "size": "0.00002646", "price": "118923.42000000", "time": "2025-07-13T16:09:00.309527Z", "fetched_at": "2025-07-13T16:10:49.758046+00:00", "symbol": "BTC-USD"}, {"trade_id": 848277428, "side": "buy", "size": "0.00849303", "price": "118923.42000000", "time": "2025-07-13T16:08:59.822360Z", "fetched_at": "2025-07-13T16:10:49.758046+00:00", "symbol": "BTC-USD"}, {"trade_id": 848277427, "side": "sell", "size": "0.00004933", "price": "118923.43000000", "time": "2025-07-13T16:08:57.534190Z", "fetched_at": "2025-07-13T16:10:49.758046+00:00", "symbol": "BTC-USD"}, {"trade_id": 848277426, "side": "sell", "size": "0.00002185", "price": "118921.44000000", "time": "2025-07-13T16:08:57.534190Z", "fetched_at": "2025-07-13T16:10:49.758046+00:00", "symbol": "BTC-USD"}, {"trade_id": 848277425, "side": "sell", "size": "0.00001000", "price": "118921.44000000", "time": "2025-07-13T16:08:57.534190Z", "fetched_at": "2025-07-13T16:10:49.758046+00:00", "symbol": "BTC-USD"}, {"trade_id": 848277424, "side": "sell", "size": "0.00017144", "price": "118921.24000000", "time": "2025-07-13T16:08:57.245018Z", "fetched_at": "2025-07-13T16:10:49.758046+00:00", "symbol": "BTC-USD"}, {"trade_id": 848277423, "side": "sell", "size": "0.00002133", "price": "118921.23000000", "time": "2025-07-13T16:08:57.245018Z", "fetched_at": "2025-07-13T16:10:49.758046+00:00", "symbol": "BTC-USD"}, {"trade_id": 848277422, "side": "sell", "size": "0.00000664", "price": "118918.62000000", "time": "2025-07-13T16:08:57.245018Z", "fetched_at": "2025-07-13T16:10:49.758046+00:00", "symbol": "BTC-USD"}, {"trade_id": 848277421, "side": "buy", "size": "0.00059451", "price": "118918.61000000", "time": "2025-07-13T16:08:57.003103Z", "fetched_at": "2025-07-13T16:10:49.758046+00:00", "symbol": "BTC-USD"}, {"trade_id": 848277420, "side": "buy", "size": "0.05791843", "price": "118918.61000000", "time": "2025-07-13T16:08:56.961557Z", "fetched_at": "2025-07-13T16:10:49.758046+00:00", "symbol": "BTC-USD"}, {"trade_id": 848277419, "side": "buy", "size": "0.00008157", "price": "118918.61000000", "time": "2025-07-13T16:08:56.961557Z", "fetched_at": "2025-07-13T16:10:49.758046+00:00", "symbol": "BTC-USD"}, {"trade_id": 848277418, "side": "sell", "size": "0.00020815", "price": "118921.00000000", "time": "2025-07-13T16:08:55.694255Z", "fetched_at": "2025-07-13T16:10:49.758046+00:00", "symbol": "BTC-USD"}, {"trade_id": 848277417, "side": "sell", "size": "0.00283763", "price": "118920.59000000", "time": "2025-07-13T16:08:55.565524Z", "fetched_at": "2025-07-13T16:10:49.758046+00:00", "symbol": "BTC-USD"}, {"trade_id": 848277416, "side": "sell", "size": "0.00000149", "price": "118920.59000000", "time": "2025-07-13T16:08:55.565524Z", "fetched_at": "2025-07-13T16:10:49.758046+00:00", "symbol": "BTC-USD"}, {"trade_id": 848277415, "side": "buy", "size": "0.01100000", "price": "118920.58000000", "time": "2025-07-13T16:08:55.427169Z", "fetched_at": "2025-07-13T16:10:49.758046+00:00", "symbol": "BTC-USD"}, {"trade_id": 848277414, "side": "buy", "size": "0.00400000", "price": "118920.58000000", "time": "2025-07-13T16:08:55.142438Z", "fetched_at": "2025-07-13T16:10:49.758046+00:00", "symbol": "BTC-USD"}, {"trade_id": 848277413, "side": "sell", "size": "0.00000264", "price": "118920.59000000", "time": "2025-07-13T16:08:54.257097Z", "fetched_at": "2025-07-13T16:10:49.758046+00:00", "symbol": "BTC-USD"}, {"trade_id": 848277412, "side": "buy", "size": "0.00037758", "price": "118920.58000000", "time": "2025-07-13T16:08:53.426165Z", "fetched_at": "2025-07-13T16:10:49.758046+00:00", "symbol": "BTC-USD"}, {"trade_id": 848277411, "side": "buy", "size": "0.00212359", "price": "118920.58000000", "time": "2025-07-13T16:08:53.149262Z", "fetched_at": "2025-07-13T16:10:49.758046+00:00", "symbol": "BTC-USD"}, {"trade_id": 848277410, "side": "sell", "size": "0.00000041", "price": "118920.59000000", "time": "2025-07-13T16:08:53.015854Z", "fetched_at": "2025-07-13T16:10:49.758046+00:00", "symbol": "BTC-USD"}, {"trade_id": 848277409, "side": "sell", "size": "0.00000159", "price": "118920.59000000", "time": "2025-07-13T16:08:53.015854Z", "fetched_at": "2025-07-13T16:10:49.758046+00:00", "symbol": "BTC-USD"}, {"trade_id": 848277408, "side": "buy", "size": "0.00084103", "price": "118920.58000000", "time": "2025-07-13T16:08:52.285644Z", "fetched_at": "2025-07-13T16:10:49.758046+00:00", "symbol": "BTC-USD"}, {"trade_id": 848277407, "side": "sell", "size": "0.00118916", "price": "118921.25000000", "time": "2025-07-13T16:08:51.547117Z", "fetched_at": "2025-07-13T16:10:49.758046+00:00", "symbol": "BTC-USD"}, {"trade_id": 848277406, "side": "sell", "size": "0.00000664", "price": "118920.59000000", "time": "2025-07-13T16:08:51.547117Z", "fetched_at": "2025-07-13T16:10:49.758046+00:00", "symbol": "BTC-USD"}, {"trade_id": 848277405, "side": "sell", "size": "0.00003100", "price": "118920.59000000", "time": "2025-07-13T16:08:51.547117Z", "fetched_at": "2025-07-13T16:10:49.758046+00:00", "symbol": "BTC-USD"}, {"trade_id": 848277404, "side": "sell", "size": "0.00000622", "price": "118920.59000000", "time": "2025-07-13T16:08:51.547117Z", "fetched_at": "2025-07-13T16:10:49.758046+00:00", "symbol": "BTC-USD"}, {"trade_id": 848277403, "side": "sell", "size": "0.00001590", "price": "118920.59000000", "time": "2025-07-13T16:08:51.547117Z", "fetched_at": "2025-07-13T16:10:49.758046+00:00", "symbol": "BTC-USD"}, {"trade_id": 848277402, "side": "buy", "size": "0.00002266", "price": "118920.58000000", "time": "2025-07-13T16:08:50.184703Z", "fetched_at": "2025-07-13T16:10:49.758046+00:00", "symbol": "BTC-USD"}, {"trade_id": 848277401, "side": "sell", "size": "0.04254313", "price": "118907.92000000", "time": "2025-07-13T16:08:49.897388Z", "fetched_at": "2025-07-13T16:10:49.758046+00:00", "symbol": "BTC-USD"}, {"trade_id": 848277400, "side": "sell", "size": "0.00001034", "price": "118905.40000000", "time": "2025-07-13T16:08:49.897388Z", "fetched_at": "2025-07-13T16:10:49.758046+00:00", "symbol": "BTC-USD"}, {"trade_id": 848277399, "side": "sell", "size": "0.00000210", "price": "118905.40000000", "time": "2025-07-13T16:08:49.897388Z", "fetched_at": "2025-07-13T16:10:49.758046+00:00", "symbol": "BTC-USD"}, {"trade_id": 848277398, "side": "sell", "size": "0.00002235", "price": "118902.48000000", "time": "2025-07-13T16:08:49.897388Z", "fetched_at": "2025-07-13T16:10:49.758046+00:00", "symbol": "BTC-USD"}, {"trade_id": 848277397, "side": "sell", "size": "0.08410173", "price": "118903.61000000", "time": "2025-07-13T16:08:49.882041Z", "fetched_at": "2025-07-13T16:10:49.758046+00:00", "symbol": "BTC-USD"}, {"trade_id": 848277396, "side": "sell", "size": "0.00002235", "price": "118902.48000000", "time": "2025-07-13T16:08:49.882041Z", "fetched_at": "2025-07-13T16:10:49.758046+00:00", "symbol": "BTC-USD"}, {"trade_id": 848277395, "side": "sell", "size": "0.00000664", "price": "118902.48000000", "time": "2025-07-13T16:08:49.882041Z", "fetched_at": "2025-07-13T16:10:49.758046+00:00", "symbol": "BTC-USD"}, {"trade_id": 848277394, "side": "sell", "size": "0.00010101", "price": "118902.48000000", "time": "2025-07-13T16:08:49.882041Z", "fetched_at": "2025-07-13T16:10:49.758046+00:00", "symbol": "BTC-USD"}, {"trade_id": 848277393, "side": "buy", "size": "0.00084938", "price": "118902.47000000", "time": "2025-07-13T16:08:47.972531Z", "fetched_at": "2025-07-13T16:10:49.758046+00:00", "symbol": "BTC-USD"}, {"trade_id": 848277392, "side": "sell", "size": "0.00020404", "price": "118902.48000000", "time": "2025-07-13T16:08:47.693204Z", "fetched_at": "2025-07-13T16:10:49.758046+00:00", "symbol": "BTC-USD"}, {"trade_id": 848277391, "side": "sell", "size": "0.00002839", "price": "118902.48000000", "time": "2025-07-13T16:08:46.991287Z", "fetched_at": "2025-07-13T16:10:49.758046+00:00", "symbol": "BTC-USD"}, {"trade_id": 848277390, "side": "sell", "size": "0.00007454", "price": "118902.48000000", "time": "2025-07-13T16:08:45.799565Z", "fetched_at": "2025-07-13T16:10:49.758046+00:00", "symbol": "BTC-USD"}, {"trade_id": 848277389, "side": "sell", "size": "0.00000664", "price": "118902.48000000", "time": "2025-07-13T16:08:45.799565Z", "fetched_at": "2025-07-13T16:10:49.758046+00:00", "symbol": "BTC-USD"}, {"trade_id": 848277388, "side": "buy", "size": "0.00009234", "price": "118902.47000000", "time": "2025-07-13T16:08:45.495338Z", "fetched_at": "2025-07-13T16:10:49.758046+00:00", "symbol": "BTC-USD"}