[{"trade_id": 848219963, "side": "sell", "size": "0.00001244", "price": "118575.04000000", "time": "2025-07-13T13:39:26.950535Z", "fetched_at": "2025-07-13T13:39:32.126387+00:00", "symbol": "BTC-USD"}, {"trade_id": 848219962, "side": "buy", "size": "0.03300000", "price": "118565.86000000", "time": "2025-07-13T13:39:26.856566Z", "fetched_at": "2025-07-13T13:39:32.126387+00:00", "symbol": "BTC-USD"}, {"trade_id": 848219961, "side": "buy", "size": "0.00053701", "price": "118565.37000000", "time": "2025-07-13T13:39:26.433519Z", "fetched_at": "2025-07-13T13:39:32.126387+00:00", "symbol": "BTC-USD"}, {"trade_id": 848219960, "side": "sell", "size": "0.00002847", "price": "118575.87000000", "time": "2025-07-13T13:39:25.759347Z", "fetched_at": "2025-07-13T13:39:32.126387+00:00", "symbol": "BTC-USD"}, {"trade_id": 848219959, "side": "sell", "size": "0.00003159", "price": "118575.87000000", "time": "2025-07-13T13:39:25.324578Z", "fetched_at": "2025-07-13T13:39:32.126387+00:00", "symbol": "BTC-USD"}, {"trade_id": 848219958, "side": "buy", "size": "0.00012975", "price": "118562.19000000", "time": "2025-07-13T13:39:25.191479Z", "fetched_at": "2025-07-13T13:39:32.126387+00:00", "symbol": "BTC-USD"}, {"trade_id": 848219957, "side": "buy", "size": "0.00000345", "price": "118565.14000000", "time": "2025-07-13T13:39:25.191479Z", "fetched_at": "2025-07-13T13:39:32.126387+00:00", "symbol": "BTC-USD"}, {"trade_id": 848219956, "side": "buy", "size": "0.00000236", "price": "118565.14000000", "time": "2025-07-13T13:39:25.191479Z", "fetched_at": "2025-07-13T13:39:32.126387+00:00", "symbol": "BTC-USD"}, {"trade_id": 848219955, "side": "sell", "size": "0.00809105", "price": "118569.71000000", "time": "2025-07-13T13:39:24.263043Z", "fetched_at": "2025-07-13T13:39:32.126387+00:00", "symbol": "BTC-USD"}, {"trade_id": 848219954, "side": "sell", "size": "0.00008953", "price": "118569.70000000", "time": "2025-07-13T13:39:24.263043Z", "fetched_at": "2025-07-13T13:39:32.126387+00:00", "symbol": "BTC-USD"}, {"trade_id": 848219953, "side": "sell", "size": "0.00001521", "price": "118567.74000000", "time": "2025-07-13T13:39:24.263043Z", "fetched_at": "2025-07-13T13:39:32.126387+00:00", "symbol": "BTC-USD"}, {"trade_id": 848219952, "side": "buy", "size": "0.06449365", "price": "118567.73000000", "time": "2025-07-13T13:39:23.744124Z", "fetched_at": "2025-07-13T13:39:32.126387+00:00", "symbol": "BTC-USD"}, {"trade_id": 848219951, "side": "buy", "size": "0.00066513", "price": "118567.73000000", "time": "2025-07-13T13:39:23.578617Z", "fetched_at": "2025-07-13T13:39:32.126387+00:00", "symbol": "BTC-USD"}, {"trade_id": 848219950, "side": "sell", "size": "0.02609548", "price": "118581.52000000", "time": "2025-07-13T13:39:22.284589Z", "fetched_at": "2025-07-13T13:39:32.126387+00:00", "symbol": "BTC-USD"}, {"trade_id": 848219949, "side": "sell", "size": "0.01746331", "price": "118581.51000000", "time": "2025-07-13T13:39:22.284589Z", "fetched_at": "2025-07-13T13:39:32.126387+00:00", "symbol": "BTC-USD"}, {"trade_id": 848219948, "side": "sell", "size": "0.00034000", "price": "118580.61000000", "time": "2025-07-13T13:39:22.284589Z", "fetched_at": "2025-07-13T13:39:32.126387+00:00", "symbol": "BTC-USD"}, {"trade_id": 848219947, "side": "sell", "size": "0.03037035", "price": "118577.36000000", "time": "2025-07-13T13:39:22.284589Z", "fetched_at": "2025-07-13T13:39:32.126387+00:00", "symbol": "BTC-USD"}, {"trade_id": 848219946, "side": "sell", "size": "0.03533891", "price": "118577.35000000", "time": "2025-07-13T13:39:22.284589Z", "fetched_at": "2025-07-13T13:39:32.126387+00:00", "symbol": "BTC-USD"}, {"trade_id": 848219945, "side": "sell", "size": "0.02895791", "price": "118577.35000000", "time": "2025-07-13T13:39:22.284589Z", "fetched_at": "2025-07-13T13:39:32.126387+00:00", "symbol": "BTC-USD"}, {"trade_id": 848219944, "side": "sell", "size": "0.00008952", "price": "118577.34000000", "time": "2025-07-13T13:39:22.284589Z", "fetched_at": "2025-07-13T13:39:32.126387+00:00", "symbol": "BTC-USD"}, {"trade_id": 848219943, "side": "sell", "size": "0.00843396", "price": "118568.26000000", "time": "2025-07-13T13:39:22.284589Z", "fetched_at": "2025-07-13T13:39:32.126387+00:00", "symbol": "BTC-USD"}, {"trade_id": 848219942, "side": "sell", "size": "0.00000244", "price": "118567.73000000", "time": "2025-07-13T13:39:22.284589Z", "fetched_at": "2025-07-13T13:39:32.126387+00:00", "symbol": "BTC-USD"}, {"trade_id": 848219941, "side": "sell", "size": "0.01075000", "price": "118567.73000000", "time": "2025-07-13T13:39:22.284589Z", "fetched_at": "2025-07-13T13:39:32.126387+00:00", "symbol": "BTC-USD"}, {"trade_id": 848219940, "side": "sell", "size": "0.00023619", "price": "118581.77000000", "time": "2025-07-13T13:39:21.012826Z", "fetched_at": "2025-07-13T13:39:32.126387+00:00", "symbol": "BTC-USD"}, {"trade_id": 848219939, "side": "sell", "size": "0.00008952", "price": "118581.39000000", "time": "2025-07-13T13:39:21.012826Z", "fetched_at": "2025-07-13T13:39:32.126387+00:00", "symbol": "BTC-USD"}, {"trade_id": 848219938, "side": "sell", "size": "0.02276714", "price": "118582.82000000", "time": "2025-07-13T13:39:19.911291Z", "fetched_at": "2025-07-13T13:39:32.126387+00:00", "symbol": "BTC-USD"}, {"trade_id": 848219937, "side": "sell", "size": "0.00008952", "price": "118574.91000000", "time": "2025-07-13T13:39:19.911291Z", "fetched_at": "2025-07-13T13:39:32.126387+00:00", "symbol": "BTC-USD"}, {"trade_id": 848219936, "side": "sell", "size": "0.00830535", "price": "118577.86000000", "time": "2025-07-13T13:39:19.136391Z", "fetched_at": "2025-07-13T13:39:32.126387+00:00", "symbol": "BTC-USD"}, {"trade_id": 848219935, "side": "sell", "size": "0.00008945", "price": "118577.85000000", "time": "2025-07-13T13:39:19.136391Z", "fetched_at": "2025-07-13T13:39:32.126387+00:00", "symbol": "BTC-USD"}, {"trade_id": 848219934, "side": "buy", "size": "0.00000238", "price": "118568.31000000", "time": "2025-07-13T13:39:17.742200Z", "fetched_at": "2025-07-13T13:39:32.126387+00:00", "symbol": "BTC-USD"}, {"trade_id": 848219933, "side": "sell", "size": "0.00001125", "price": "118584.11000000", "time": "2025-07-13T13:39:17.396405Z", "fetched_at": "2025-07-13T13:39:32.126387+00:00", "symbol": "BTC-USD"}, {"trade_id": 848219932, "side": "sell", "size": "0.00001000", "price": "118583.71000000", "time": "2025-07-13T13:39:17.396405Z", "fetched_at": "2025-07-13T13:39:32.126387+00:00", "symbol": "BTC-USD"}, {"trade_id": 848219931, "side": "sell", "size": "0.00000177", "price": "118579.90000000", "time": "2025-07-13T13:39:17.396405Z", "fetched_at": "2025-07-13T13:39:32.126387+00:00", "symbol": "BTC-USD"}, {"trade_id": 848219930, "side": "sell", "size": "0.00000546", "price": "118579.90000000", "time": "2025-07-13T13:39:17.396405Z", "fetched_at": "2025-07-13T13:39:32.126387+00:00", "symbol": "BTC-USD"}, {"trade_id": 848219929, "side": "sell", "size": "0.00810679", "price": "118579.75000000", "time": "2025-07-13T13:39:16.373371Z", "fetched_at": "2025-07-13T13:39:32.126387+00:00", "symbol": "BTC-USD"}, {"trade_id": 848219928, "side": "sell", "size": "0.00008952", "price": "118568.28000000", "time": "2025-07-13T13:39:16.373371Z", "fetched_at": "2025-07-13T13:39:32.126387+00:00", "symbol": "BTC-USD"}, {"trade_id": 848219927, "side": "sell", "size": "0.02092320", "price": "118582.80000000", "time": "2025-07-13T13:39:16.291818Z", "fetched_at": "2025-07-13T13:39:32.126387+00:00", "symbol": "BTC-USD"}, {"trade_id": 848219926, "side": "sell", "size": "0.06502060", "price": "118581.13000000", "time": "2025-07-13T13:39:16.291818Z", "fetched_at": "2025-07-13T13:39:32.126387+00:00", "symbol": "BTC-USD"}, {"trade_id": 848219925, "side": "sell", "size": "0.00000664", "price": "118577.83000000", "time": "2025-07-13T13:39:16.291818Z", "fetched_at": "2025-07-13T13:39:32.126387+00:00", "symbol": "BTC-USD"}, {"trade_id": 848219924, "side": "sell", "size": "0.03901634", "price": "118577.76000000", "time": "2025-07-13T13:39:16.291818Z", "fetched_at": "2025-07-13T13:39:32.126387+00:00", "symbol": "BTC-USD"}, {"trade_id": 848219923, "side": "sell", "size": "0.01806541", "price": "118577.75000000", "time": "2025-07-13T13:39:16.291818Z", "fetched_at": "2025-07-13T13:39:32.126387+00:00", "symbol": "BTC-USD"}, {"trade_id": 848219922, "side": "sell", "size": "0.00843352", "price": "118574.35000000", "time": "2025-07-13T13:39:16.291818Z", "fetched_at": "2025-07-13T13:39:32.126387+00:00", "symbol": "BTC-USD"}, {"trade_id": 848219921, "side": "sell", "size": "0.00008952", "price": "118574.34000000", "time": "2025-07-13T13:39:16.291818Z", "fetched_at": "2025-07-13T13:39:32.126387+00:00", "symbol": "BTC-USD"}, {"trade_id": 848219920, "side": "sell", "size": "0.00000210", "price": "118574.15000000", "time": "2025-07-13T13:39:16.291818Z", "fetched_at": "2025-07-13T13:39:32.126387+00:00", "symbol": "BTC-USD"}, {"trade_id": 848219919, "side": "sell", "size": "0.00001033", "price": "118574.15000000", "time": "2025-07-13T13:39:16.291818Z", "fetched_at": "2025-07-13T13:39:32.126387+00:00", "symbol": "BTC-USD"}, {"trade_id": 848219918, "side": "buy", "size": "0.00039227", "price": "118566.39000000", "time": "2025-07-13T13:39:15.612675Z", "fetched_at": "2025-07-13T13:39:32.126387+00:00", "symbol": "BTC-USD"}, {"trade_id": 848219917, "side": "buy", "size": "0.00002212", "price": "118566.40000000", "time": "2025-07-13T13:39:15.612675Z", "fetched_at": "2025-07-13T13:39:32.126387+00:00", "symbol": "BTC-USD"}, {"trade_id": 848219916, "side": "buy", "size": "0.00000118", "price": "118571.02000000", "time": "2025-07-13T13:39:15.612675Z", "fetched_at": "2025-07-13T13:39:32.126387+00:00", "symbol": "BTC-USD"}, {"trade_id": 848219915, "side": "buy", "size": "0.00000345", "price": "118571.02000000", "time": "2025-07-13T13:39:15.612675Z", "fetched_at": "2025-07-13T13:39:32.126387+00:00", "symbol": "BTC-USD"}, {"trade_id": 848219914, "side": "sell", "size": "0.00011538", "price": "118576.46000000", "time": "2025-07-13T13:39:15.360885Z", "fetched_at": "2025-07-13T13:39:32.126387+00:00", "symbol": "BTC-USD"}, {"trade_id": 848219913, "side": "sell", "size": "0.00008953", "price": "118576.45000000", "time": "2025-07-13T13:39:15.360885Z", "fetched_at": "2025-07-13T13:39:32.126387+00:00", "symbol": "BTC-USD"}, {"trade_id": 848219912, "side": "sell", "size": "0.00004376", "price": "118576.51000000", "time": "2025-07-13T13:39:15.036249Z", "fetched_at": "2025-07-13T13:39:32.126387+00:00", "symbol": "BTC-USD"}, {"trade_id": 848219911, "side": "sell", "size": "0.00008953", "price": "118576.50000000", "time": "2025-07-13T13:39:15.036249Z", "fetched_at": "2025-07-13T13:39:32.126387+00:00", "symbol": "BTC-USD"}, {"trade_id": 848219910, "side": "sell", "size": "0.00001000", "price": "118574.82000000", "time": "2025-07-13T13:39:15.036249Z", "fetched_at": "2025-07-13T13:39:32.126387+00:00", "symbol": "BTC-USD"}, {"trade_id": 848219909, "side": "sell", "size": "0.00001000", "price": "118565.93000000", "time": "2025-07-13T13:39:15.036249Z", "fetched_at": "2025-07-13T13:39:32.126387+00:00", "symbol": "BTC-USD"}, {"trade_id": 848219908, "side": "sell", "size": "0.00000210", "price": "118565.14000000", "time": "2025-07-13T13:39:15.036249Z", "fetched_at": "2025-07-13T13:39:32.126387+00:00", "symbol": "BTC-USD"}, {"trade_id": 848219907, "side": "sell", "size": "0.00000034", "price": "118560.59000000", "time": "2025-07-13T13:39:15.036249Z", "fetched_at": "2025-07-13T13:39:32.126387+00:00", "symbol": "BTC-USD"}, {"trade_id": 848219906, "side": "sell", "size": "0.00001000", "price": "118560.59000000", "time": "2025-07-13T13:39:14.309253Z", "fetched_at": "2025-07-13T13:39:32.126387+00:00", "symbol": "BTC-USD"}, {"trade_id": 848219905, "side": "sell", "size": "0.00000664", "price": "118541.21000000", "time": "2025-07-13T13:39:12.486005Z", "fetched_at": "2025-07-13T13:39:32.126387+00:00", "symbol": "BTC-USD"}, {"trade_id": 848219904, "side": "sell", "size": "0.04585746", "price": "118541.21000000", "time": "2025-07-13T13:39:12.486005Z", "fetched_at": "2025-07-13T13:39:32.126387+00:00", "symbol": "BTC-USD"}, {"trade_id": 848219903, "side": "buy", "size": "0.00021769", "price": "118541.20000000", "time": "2025-07-13T13:39:11.754527Z", "fetched_at": "2025-07-13T13:39:32.126387+00:00", "symbol": "BTC-USD"}, {"trade_id": 848219902, "side": "buy", "size": "0.00169034", "price": "118541.20000000", "time": "2025-07-13T13:39:10.929192Z", "fetched_at": "2025-07-13T13:39:32.126387+00:00", "symbol": "BTC-USD"}, {"trade_id": 848219901, "side": "buy", "size": "0.00001404", "price": "118541.20000000", "time": "2025-07-13T13:39:10.929192Z", "fetched_at": "2025-07-13T13:39:32.126387+00:00", "symbol": "BTC-USD"}, {"trade_id": 848219900, "side": "sell", "size": "0.00820571", "price": "118554.69000000", "time": "2025-07-13T13:39:08.659274Z", "fetched_at": "2025-07-13T13:39:32.126387+00:00", "symbol": "BTC-USD"}, {"trade_id": 848219899, "side": "sell", "size": "0.00167036", "price": "118555.23000000", "time": "2025-07-13T13:39:08.576851Z", "fetched_at": "2025-07-13T13:39:32.126387+00:00", "symbol": "BTC-USD"}, {"trade_id": 848219898, "side": "sell", "size": "0.00064016", "price": "118552.29000000", "time": "2025-07-13T13:39:08.366084Z", "fetched_at": "2025-07-13T13:39:32.126387+00:00", "symbol": "BTC-USD"}, {"trade_id": 848219897, "side": "buy", "size": "0.00006252", "price": "118543.53000000", "time": "2025-07-13T13:39:07.641545Z", "fetched_at": "2025-07-13T13:39:32.126387+00:00", "symbol": "BTC-USD"}, {"trade_id": 848219896, "side": "buy", "size": "0.00001959", "price": "118543.54000000", "time": "2025-07-13T13:39:07.641545Z", "fetched_at": "2025-07-13T13:39:32.126387+00:00", "symbol": "BTC-USD"}, {"trade_id": 848219895, "side": "sell", "size": "0.00004001", "price": "118562.51000000", "time": "2025-07-13T13:39:07.599502Z", "fetched_at": "2025-07-13T13:39:32.126387+00:00", "symbol": "BTC-USD"}, {"trade_id": 848219894, "side": "buy", "size": "0.00008165", "price": "118543.53000000", "time": "2025-07-13T13:39:07.565515Z", "fetched_at": "2025-07-13T13:39:32.126387+00:00", "symbol": "BTC-USD"}, {"trade_id": 848219893, "side": "buy", "size": "0.00001959", "price": "118543.54000000", "time": "2025-07-13T13:39:07.565515Z", "fetched_at": "2025-07-13T13:39:32.126387+00:00", "symbol": "BTC-USD"}, {"trade_id": 848219892, "side": "sell", "size": "0.00006265", "price": "118562.55000000", "time": "2025-07-13T13:39:07.544821Z", "fetched_at": "2025-07-13T13:39:32.126387+00:00", "symbol": "BTC-USD"}, {"trade_id": 848219891, "side": "buy", "size": "0.04357800", "price": "118529.80000000", "time": "2025-07-13T13:39:07.069221Z", "fetched_at": "2025-07-13T13:39:32.126387+00:00", "symbol": "BTC-USD"}, {"trade_id": 848219890, "side": "buy", "size": "0.11917668", "price": "118529.81000000", "time": "2025-07-13T13:39:07.069221Z", "fetched_at": "2025-07-13T13:39:32.126387+00:00", "symbol": "BTC-USD"}, {"trade_id": 848219889, "side": "buy", "size": "0.21794548", "price": "118529.82000000", "time": "2025-07-13T13:39:07.069221Z", "fetched_at": "2025-07-13T13:39:32.126387+00:00", "symbol": "BTC-USD"}, {"trade_id": 848219888, "side": "buy", "size": "0.00001000", "price": "118530.37000000", "time": "2025-07-13T13:39:07.069221Z", "fetched_at": "2025-07-13T13:39:32.126387+00:00", "symbol": "BTC-USD"}, {"trade_id": 848219887, "side": "buy", "size": "0.04900000", "price": "118537.73000000", "time": "2025-07-13T13:39:07.069221Z", "fetched_at": "2025-07-13T13:39:32.126387+00:00", "symbol": "BTC-USD"}, {"trade_id": 848219886, "side": "buy", "size": "0.02940000", "price": "118537.74000000", "time": "2025-07-13T13:39:07.069221Z", "fetched_at": "2025-07-13T13:39:32.126387+00:00", "symbol": "BTC-USD"}, {"trade_id": 848219885, "side": "buy", "size": "0.00001000", "price": "118539.26000000", "time": "2025-07-13T13:39:07.069221Z", "fetched_at": "2025-07-13T13:39:32.126387+00:00", "symbol": "BTC-USD"}, {"trade_id": 848219884, "side": "buy", "size": "0.04634052", "price": "118542.89000000", "time": "2025-07-13T13:39:07.069221Z", "fetched_at": "2025-07-13T13:39:32.126387+00:00", "symbol": "BTC-USD"}, {"trade_id": 848219883, "side": "buy", "size": "0.00843550", "price": "118546.57000000", "time": "2025-07-13T13:39:07.069221Z", "fetched_at": "2025-07-13T13:39:32.126387+00:00", "symbol": "BTC-USD"}, {"trade_id": 848219882, "side": "buy", "size": "0.03459660", "price": "118549.78000000", "time": "2025-07-13T13:39:07.069221Z", "fetched_at": "2025-07-13T13:39:32.126387+00:00", "symbol": "BTC-USD"}, {"trade_id": 848219881, "side": "buy", "size": "0.04112648", "price": "118549.82000000", "time": "2025-07-13T13:39:07.069221Z", "fetched_at": "2025-07-13T13:39:32.126387+00:00", "symbol": "BTC-USD"}, {"trade_id": 848219880, "side": "buy", "size": "0.01520255", "price": "118549.82000000", "time": "2025-07-13T13:39:07.069221Z", "fetched_at": "2025-07-13T13:39:32.126387+00:00", "symbol": "BTC-USD"}, {"trade_id": 848219879, "side": "buy", "size": "0.06515878", "price": "118556.82000000", "time": "2025-07-13T13:39:07.069221Z", "fetched_at": "2025-07-13T13:39:32.126387+00:00", "symbol": "BTC-USD"}, {"trade_id": 848219878, "side": "buy", "size": "0.00001941", "price": "118556.83000000", "time": "2025-07-13T13:39:07.069221Z", "fetched_at": "2025-07-13T13:39:32.126387+00:00", "symbol": "BTC-USD"}, {"trade_id": 848219877, "side": "sell", "size": "0.00041760", "price": "118567.56000000", "time": "2025-07-13T13:39:07.047311Z", "fetched_at": "2025-07-13T13:39:32.126387+00:00", "symbol": "BTC-USD"}, {"trade_id": 848219876, "side": "buy", "size": "0.00555541", "price": "118549.82000000", "time": "2025-07-13T13:39:07.000183Z", "fetched_at": "2025-07-13T13:39:32.126387+00:00", "symbol": "BTC-USD"}, {"trade_id": 848219875, "side": "buy", "size": "0.00001958", "price": "118549.83000000", "time": "2025-07-13T13:39:07.000183Z", "fetched_at": "2025-07-13T13:39:32.126387+00:00", "symbol": "BTC-USD"}, {"trade_id": 848219874, "side": "buy", "size": "0.00000345", "price": "118557.03000000", "time": "2025-07-13T13:39:07.000183Z", "fetched_at": "2025-07-13T13:39:32.126387+00:00", "symbol": "BTC-USD"}, {"trade_id": 848219873, "side": "buy", "size": "0.00000590", "price": "118557.03000000", "time": "2025-07-13T13:39:07.000183Z", "fetched_at": "2025-07-13T13:39:32.126387+00:00", "symbol": "BTC-USD"}, {"trade_id": 848219872, "side": "sell", "size": "0.00398878", "price": "118568.25000000", "time": "2025-07-13T13:39:06.579679Z", "fetched_at": "2025-07-13T13:39:32.126387+00:00", "symbol": "BTC-USD"}, {"trade_id": 848219871, "side": "sell", "size": "0.00001000", "price": "118565.93000000", "time": "2025-07-13T13:39:06.579679Z", "fetched_at": "2025-07-13T13:39:32.126387+00:00", "symbol": "BTC-USD"}, {"trade_id": 848219870, "side": "sell", "size": "0.00008402", "price": "118565.52000000", "time": "2025-07-13T13:39:06.579679Z", "fetched_at": "2025-07-13T13:39:32.126387+00:00", "symbol": "BTC-USD"}, {"trade_id": 848219869, "side": "sell", "size": "0.00843429", "price": "118563.56000000", "time": "2025-07-13T13:39:06.579679Z", "fetched_at": "2025-07-13T13:39:32.126387+00:00", "symbol": "BTC-USD"}, {"trade_id": 848219868, "side": "sell", "size": "0.00001025", "price": "118563.55000000", "time": "2025-07-13T13:39:06.579679Z", "fetched_at": "2025-07-13T13:39:32.126387+00:00", "symbol": "BTC-USD"}, {"trade_id": 848219867, "side": "sell", "size": "0.00000235", "price": "118557.04000000", "time": "2025-07-13T13:39:06.511018Z", "fetched_at": "2025-07-13T13:39:32.126387+00:00", "symbol": "BTC-USD"}, {"trade_id": 848219866, "side": "sell", "size": "0.00000664", "price": "118557.04000000", "time": "2025-07-13T13:39:06.511018Z", "fetched_at": "2025-07-13T13:39:32.126387+00:00", "symbol": "BTC-USD"}, {"trade_id": 848219865, "side": "buy", "size": "0.00111338", "price": "118552.96000000", "time": "2025-07-13T13:39:05.909513Z", "fetched_at": "2025-07-13T13:39:32.126387+00:00", "symbol": "BTC-USD"}, {"trade_id": 848219864, "side": "buy", "size": "0.00003657", "price": "118552.96000000", "time": "2025-07-13T13:39:05.909513Z", "fetched_at": "2025-07-13T13:39:32.126387+00:00", "symbol": "BTC-USD"}, {"trade_id": 848219863, "side": "buy", "size": "0.00001916", "price": "118552.97000000", "time": "2025-07-13T13:39:05.909513Z", "fetched_at": "2025-07-13T13:39:32.126387+00:00", "symbol": "BTC-USD"}, {"trade_id": 848219862, "side": "buy", "size": "0.00003137", "price": "118557.03000000", "time": "2025-07-13T13:39:05.909513Z", "fetched_at": "2025-07-13T13:39:32.126387+00:00", "symbol": "BTC-USD"}, {"trade_id": 848219861, "side": "buy", "size": "0.00001054", "price": "118557.03000000", "time": "2025-07-13T13:39:05.909513Z", "fetched_at": "2025-07-13T13:39:32.126387+00:00", "symbol": "BTC-USD"}, {"trade_id": 848219860, "side": "sell", "size": "0.00001848", "price": "118557.04000000", "time": "2025-07-13T13:39:05.185828Z", "fetched_at": "2025-07-13T13:39:32.126387+00:00", "symbol": "BTC-USD"}, {"trade_id": 848219859, "side": "sell", "size": "0.00001000", "price": "118557.04000000", "time": "2025-07-13T13:39:05.185828Z", "fetched_at": "2025-07-13T13:39:32.126387+00:00", "symbol": "BTC-USD"}, {"trade_id": 848219858, "side": "sell", "size": "0.00001000", "price": "118548.15000000", "time": "2025-07-13T13:39:05.011042Z", "fetched_at": "2025-07-13T13:39:32.126387+00:00", "symbol": "BTC-USD"}, {"trade_id": 848219857, "side": "sell", "size": "0.00843558", "price": "118545.44000000", "time": "2025-07-13T13:39:05.011042Z", "fetched_at": "2025-07-13T13:39:32.126387+00:00", "symbol": "BTC-USD"}, {"trade_id": 848219856, "side": "sell", "size": "0.00001033", "price": "118540.00000000", "time": "2025-07-13T13:39:05.010738Z", "fetched_at": "2025-07-13T13:39:32.126387+00:00", "symbol": "BTC-USD"}, {"trade_id": 848219855, "side": "sell", "size": "0.00000210", "price": "118540.00000000", "time": "2025-07-13T13:39:05.010738Z", "fetched_at": "2025-07-13T13:39:32.126387+00:00", "symbol": "BTC-USD"}, {"trade_id": 848219854, "side": "sell", "size": "0.01070720", "price": "118540.00000000", "time": "2025-07-13T13:39:05.010738Z", "fetched_at": "2025-07-13T13:39:32.126387+00:00", "symbol": "BTC-USD"}, {"trade_id": 848219853, "side": "sell", "size": "0.00994624", "price": "118540.00000000", "time": "2025-07-13T13:39:04.832881Z", "fetched_at": "2025-07-13T13:39:32.126387+00:00", "symbol": "BTC-USD"}, {"trade_id": 848219852, "side": "buy", "size": "0.00001156", "price": "118539.99000000", "time": "2025-07-13T13:39:03.973452Z", "fetched_at": "2025-07-13T13:39:32.126387+00:00", "symbol": "BTC-USD"}, {"trade_id": 848219851, "side": "sell", "size": "0.00016401", "price": "118540.00000000", "time": "2025-07-13T13:39:03.673349Z", "fetched_at": "2025-07-13T13:39:32.126387+00:00", "symbol": "BTC-USD"}, {"trade_id": 848219850, "side": "sell", "size": "0.00081980", "price": "118540.00000000", "time": "2025-07-13T13:39:02.994151Z", "fetched_at": "2025-07-13T13:39:32.126387+00:00", "symbol": "BTC-USD"}, {"trade_id": 848219849, "side": "sell", "size": "0.00843692", "price": "118526.57000000", "time": "2025-07-13T13:39:01.876959Z", "fetched_at": "2025-07-13T13:39:32.126387+00:00", "symbol": "BTC-USD"}, {"trade_id": 848219848, "side": "sell", "size": "0.04388735", "price": "118526.02000000", "time": "2025-07-13T13:39:01.876959Z", "fetched_at": "2025-07-13T13:39:32.126387+00:00", "symbol": "BTC-USD"}, {"trade_id": 848219847, "side": "sell", "size": "0.00000664", "price": "118525.01000000", "time": "2025-07-13T13:39:01.876959Z", "fetched_at": "2025-07-13T13:39:32.126387+00:00", "symbol": "BTC-USD"}, {"trade_id": 848219846, "side": "sell", "size": "0.00498337", "price": "118539.77000000", "time": "2025-07-13T13:39:00.100610Z", "fetched_at": "2025-07-13T13:39:32.126387+00:00", "symbol": "BTC-USD"}, {"trade_id": 848219845, "side": "sell", "size": "0.00004204", "price": "118539.77000000", "time": "2025-07-13T13:39:00.100610Z", "fetched_at": "2025-07-13T13:39:32.126387+00:00", "symbol": "BTC-USD"}, {"trade_id": 848219844, "side": "sell", "size": "0.00202509", "price": "118539.97000000", "time": "2025-07-13T13:38:59.572580Z", "fetched_at": "2025-07-13T13:39:32.126387+00:00", "symbol": "BTC-USD"}, {"trade_id": 848219843, "side": "sell", "size": "0.00006348", "price": "118539.96000000", "time": "2025-07-13T13:38:59.572580Z", "fetched_at": "2025-07-13T13:39:32.126387+00:00", "symbol": "BTC-USD"}, {"trade_id": 848219842, "side": "sell", "size": "0.00001034", "price": "118537.40000000", "time": "2025-07-13T13:38:59.572580Z", "fetched_at": "2025-07-13T13:39:32.126387+00:00", "symbol": "BTC-USD"}, {"trade_id": 848219841, "side": "sell", "size": "0.00000219", "price": "118537.40000000", "time": "2025-07-13T13:38:59.572580Z", "fetched_at": "2025-07-13T13:39:32.126387+00:00", "symbol": "BTC-USD"}, {"trade_id": 848219840, "side": "sell", "size": "0.00023749", "price": "118534.25000000", "time": "2025-07-13T13:38:59.572580Z", "fetched_at": "2025-07-13T13:39:32.126387+00:00", "symbol": "BTC-USD"}, {"trade_id": 848219839, "side": "sell", "size": "0.00106458", "price": "118534.25000000", "time": "2025-07-13T13:38:59.572580Z", "fetched_at": "2025-07-13T13:39:32.126387+00:00", "symbol": "BTC-USD"}, {"trade_id": 848219838, "side": "sell", "size": "0.00069577", "price": "118534.24000000", "time": "2025-07-13T13:38:59.572580Z", "fetched_at": "2025-07-13T13:39:32.126387+00:00", "symbol": "BTC-USD"}, {"trade_id": 848219837, "side": "sell", "size": "0.00010341", "price": "118533.24000000", "time": "2025-07-13T13:38:58.534930Z", "fetched_at": "2025-07-13T13:39:32.126387+00:00", "symbol": "BTC-USD"}, {"trade_id": 848219836, "side": "buy", "size": "0.00018321", "price": "118529.03000000", "time": "2025-07-13T13:38:57.288486Z", "fetched_at": "2025-07-13T13:39:32.126387+00:00", "symbol": "BTC-USD"}, {"trade_id": 848219835, "side": "buy", "size": "0.00002437", "price": "118534.29000000", "time": "2025-07-13T13:38:57.288486Z", "fetched_at": "2025-07-13T13:39:32.126387+00:00", "symbol": "BTC-USD"}, {"trade_id": 848219834, "side": "sell", "size": "0.00983092", "price": "118537.40000000", "time": "2025-07-13T13:38:57.125266Z", "fetched_at": "2025-07-13T13:39:32.126387+00:00", "symbol": "BTC-USD"}, {"trade_id": 848219833, "side": "sell", "size": "0.00000664", "price": "118537.40000000", "time": "2025-07-13T13:38:57.125266Z", "fetched_at": "2025-07-13T13:39:32.126387+00:00", "symbol": "BTC-USD"}, {"trade_id": 848219832, "side": "buy", "size": "0.00493863", "price": "118534.29000000", "time": "2025-07-13T13:38:56.170907Z", "fetched_at": "2025-07-13T13:39:32.126387+00:00", "symbol": "BTC-USD"}, {"trade_id": 848219831, "side": "buy", "size": "0.00002467", "price": "118534.30000000", "time": "2025-07-13T13:38:56.170907Z", "fetched_at": "2025-07-13T13:39:32.126387+00:00", "symbol": "BTC-USD"}, {"trade_id": 848219830, "side": "buy", "size": "0.00001928", "price": "118534.29000000", "time": "2025-07-13T13:38:55.848641Z", "fetched_at": "2025-07-13T13:39:32.126387+00:00", "symbol": "BTC-USD"}, {"trade_id": 848219829, "side": "buy", "size": "0.00002332", "price": "118534.30000000", "time": "2025-07-13T13:38:55.848641Z", "fetched_at": "2025-07-13T13:39:32.126387+00:00", "symbol": "BTC-USD"}, {"trade_id": 848219828, "side": "sell", "size": "0.00006715", "price": "118544.22000000", "time": "2025-07-13T13:38:54.525917Z", "fetched_at": "2025-07-13T13:39:32.126387+00:00", "symbol": "BTC-USD"}, {"trade_id": 848219827, "side": "sell", "size": "0.00008955", "price": "118544.21000000", "time": "2025-07-13T13:38:54.525917Z", "fetched_at": "2025-07-13T13:39:32.126387+00:00", "symbol": "BTC-USD"}, {"trade_id": 848219826, "side": "sell", "size": "0.00001033", "price": "118539.37000000", "time": "2025-07-13T13:38:54.525917Z", "fetched_at": "2025-07-13T13:39:32.126387+00:00", "symbol": "BTC-USD"}, {"trade_id": 848219825, "side": "sell", "size": "0.00017451", "price": "118539.52000000", "time": "2025-07-13T13:38:52.349630Z", "fetched_at": "2025-07-13T13:39:32.126387+00:00", "symbol": "BTC-USD"}, {"trade_id": 848219824, "side": "sell", "size": "0.00008956", "price": "118539.51000000", "time": "2025-07-13T13:38:52.349630Z", "fetched_at": "2025-07-13T13:39:32.126387+00:00", "symbol": "BTC-USD"}, {"trade_id": 848219823, "side": "sell", "size": "0.00389836", "price": "118539.52000000", "time": "2025-07-13T13:38:52.323314Z", "fetched_at": "2025-07-13T13:39:32.126387+00:00", "symbol": "BTC-USD"}, {"trade_id": 848219822, "side": "sell", "size": "0.00008956", "price": "118539.51000000", "time": "2025-07-13T13:38:52.323314Z", "fetched_at": "2025-07-13T13:39:32.126387+00:00", "symbol": "BTC-USD"}, {"trade_id": 848219821, "side": "sell", "size": "0.00000210", "price": "118529.08000000", "time": "2025-07-13T13:38:52.323314Z", "fetched_at": "2025-07-13T13:39:32.126387+00:00", "symbol": "BTC-USD"}, {"trade_id": 848219820, "side": "sell", "size": "0.00000998", "price": "118529.08000000", "time": "2025-07-13T13:38:52.323314Z", "fetched_at": "2025-07-13T13:39:32.126387+00:00", "symbol": "BTC-USD"}, {"trade_id": 848219819, "side": "buy", "size": "0.00057321", "price": "118529.06000000", "time": "2025-07-13T13:38:49.678570Z", "fetched_at": "2025-07-13T13:39:32.126387+00:00", "symbol": "BTC-USD"}, {"trade_id": 848219818, "side": "buy", "size": "0.00841889", "price": "118529.04000000", "time": "2025-07-13T13:38:49.406058Z", "fetched_at": "2025-07-13T13:39:32.126387+00:00", "symbol": "BTC-USD"}, {"trade_id": 848219817, "side": "buy", "size": "0.00001704", "price": "118529.05000000", "time": "2025-07-13T13:38:49.406058Z", "fetched_at": "2025-07-13T13:39:32.126387+00:00", "symbol": "BTC-USD"}, {"trade_id": 848219816, "side": "sell", "size": "0.00039203", "price": "118540.69000000", "time": "2025-07-13T13:38:49.025921Z", "fetched_at": "2025-07-13T13:39:32.126387+00:00", "symbol": "BTC-USD"}, {"trade_id": 848219815, "side": "sell", "size": "0.00008955", "price": "118540.68000000", "time": "2025-07-13T13:38:49.025921Z", "fetched_at": "2025-07-13T13:39:32.126387+00:00", "symbol": "BTC-USD"}, {"trade_id": 848219814, "side": "sell", "size": "0.00001034", "price": "118529.05000000", "time": "2025-07-13T13:38:49.025921Z", "fetched_at": "2025-07-13T13:39:32.126387+00:00", "symbol": "BTC-USD"}, {"trade_id": 848219813, "side": "sell", "size": "0.00000698", "price": "118540.74000000", "time": "2025-07-13T13:38:48.270183Z", "fetched_at": "2025-07-13T13:39:32.126387+00:00", "symbol": "BTC-USD"}, {"trade_id": 848219812, "side": "sell", "size": "0.00000413", "price": "118539.38000000", "time": "2025-07-13T13:38:48.270183Z", "fetched_at": "2025-07-13T13:39:32.126387+00:00", "symbol": "BTC-USD"}, {"trade_id": 848219811, "side": "buy", "size": "0.00423223", "price": "118529.04000000", "time": "2025-07-13T13:38:45.347533Z", "fetched_at": "2025-07-13T13:39:32.126387+00:00", "symbol": "BTC-USD"}, {"trade_id": 848219810, "side": "buy", "size": "0.00001814", "price": "118529.05000000", "time": "2025-07-13T13:38:45.347533Z", "fetched_at": "2025-07-13T13:39:32.126387+00:00", "symbol": "BTC-USD"}, {"trade_id": 848219809, "side": "buy", "size": "0.00001000", "price": "118530.37000000", "time": "2025-07-13T13:38:45.347533Z", "fetched_at": "2025-07-13T13:39:32.126387+00:00", "symbol": "BTC-USD"}, {"trade_id": 848219808, "side": "buy", "size": "0.02234103", "price": "118543.36000000", "time": "2025-07-13T13:38:44.361877Z", "fetched_at": "2025-07-13T13:39:32.126387+00:00", "symbol": "BTC-USD"}, {"trade_id": 848219807, "side": "buy", "size": "0.00002307", "price": "118543.37000000", "time": "2025-07-13T13:38:44.361877Z", "fetched_at": "2025-07-13T13:39:32.126387+00:00", "symbol": "BTC-USD"}, {"trade_id": 848219806, "side": "sell", "size": "0.00009682", "price": "118556.97000000", "time": "2025-07-13T13:38:44.017919Z", "fetched_at": "2025-07-13T13:39:32.126387+00:00", "symbol": "BTC-USD"}, {"trade_id": 848219805, "side": "sell", "size": "0.00000330", "price": "118556.97000000", "time": "2025-07-13T13:38:44.017919Z", "fetched_at": "2025-07-13T13:39:32.126387+00:00", "symbol": "BTC-USD"}, {"trade_id": 848219804, "side": "sell", "size": "0.00008955", "price": "118556.96000000", "time": "2025-07-13T13:38:44.017919Z", "fetched_at": "2025-07-13T13:39:32.126387+00:00", "symbol": "BTC-USD"}, {"trade_id": 848219803, "side": "sell", "size": "0.00001033", "price": "118552.45000000", "time": "2025-07-13T13:38:44.017919Z", "fetched_at": "2025-07-13T13:39:32.126387+00:00", "symbol": "BTC-USD"}, {"trade_id": 848219802, "side": "sell", "size": "0.00843512", "price": "118551.88000000", "time": "2025-07-13T13:38:43.289809Z", "fetched_at": "2025-07-13T13:39:32.126387+00:00", "symbol": "BTC-USD"}, {"trade_id": 848219801, "side": "sell", "size": "0.04276708", "price": "118540.65000000", "time": "2025-07-13T13:38:43.289809Z", "fetched_at": "2025-07-13T13:39:32.126387+00:00", "symbol": "BTC-USD"}, {"trade_id": 848219800, "side": "sell", "size": "0.00000664", "price": "118538.39000000", "time": "2025-07-13T13:38:43.289809Z", "fetched_at": "2025-07-13T13:39:32.126387+00:00", "symbol": "BTC-USD"}, {"trade_id": 848219799, "side": "buy", "size": "0.00090477", "price": "118538.38000000", "time": "2025-07-13T13:38:43.277563Z", "fetched_at": "2025-07-13T13:39:32.126387+00:00", "symbol": "BTC-USD"}, {"trade_id": 848219798, "side": "sell", "size": "0.00235100", "price": "118540.64000000", "time": "2025-07-13T13:38:41.113738Z", "fetched_at": "2025-07-13T13:39:32.126387+00:00", "symbol": "BTC-USD"}, {"trade_id": 848219797, "side": "sell", "size": "0.00008955", "price": "118540.63000000", "time": "2025-07-13T13:38:41.113738Z", "fetched_at": "2025-07-13T13:39:32.126387+00:00", "symbol": "BTC-USD"}, {"trade_id": 848219796, "side": "sell", "size": "0.00000664", "price": "118539.16000000", "time": "2025-07-13T13:38:41.113738Z", "fetched_at": "2025-07-13T13:39:32.126387+00:00", "symbol": "BTC-USD"}, {"trade_id": 848219795, "side": "sell", "size": "0.00001034", "price": "118538.39000000", "time": "2025-07-13T13:38:41.113738Z", "fetched_at": "2025-07-13T13:39:32.126387+00:00", "symbol": "BTC-USD"}, {"trade_id": 848219794, "side": "buy", "size": "0.00023416", "price": "118529.37000000", "time": "2025-07-13T13:38:39.901027Z", "fetched_at": "2025-07-13T13:39:32.126387+00:00", "symbol": "BTC-USD"}, {"trade_id": 848219793, "side": "buy", "size": "0.00001889", "price": "118529.38000000", "time": "2025-07-13T13:38:39.901027Z", "fetched_at": "2025-07-13T13:39:32.126387+00:00", "symbol": "BTC-USD"}, {"trade_id": 848219792, "side": "buy", "size": "0.00026227", "price": "118529.37000000", "time": "2025-07-13T13:38:39.890757Z", "fetched_at": "2025-07-13T13:39:32.126387+00:00", "symbol": "BTC-USD"}, {"trade_id": 848219791, "side": "buy", "size": "0.00001889", "price": "118529.38000000", "time": "2025-07-13T13:38:39.890757Z", "fetched_at": "2025-07-13T13:39:32.126387+00:00", "symbol": "BTC-USD"}, {"trade_id": 848219790, "side": "sell", "size": "0.00072804", "price": "118538.46000000", "time": "2025-07-13T13:38:37.987051Z", "fetched_at": "2025-07-13T13:39:32.126387+00:00", "symbol": "BTC-USD"}, {"trade_id": 848219789, "side": "sell", "size": "0.00000210", "price": "118537.45000000", "time": "2025-07-13T13:38:37.987051Z", "fetched_at": "2025-07-13T13:39:32.126387+00:00", "symbol": "BTC-USD"}, {"trade_id": 848219788, "side": "sell", "size": "0.00008955", "price": "118534.23000000", "time": "2025-07-13T13:38:37.987051Z", "fetched_at": "2025-07-13T13:39:32.126387+00:00", "symbol": "BTC-USD"}, {"trade_id": 848219787, "side": "sell", "size": "0.00074637", "price": "118534.23000000", "time": "2025-07-13T13:38:36.536344Z", "fetched_at": "2025-07-13T13:39:32.126387+00:00", "symbol": "BTC-USD"}, {"trade_id": 848219786, "side": "sell", "size": "0.00081948", "price": "118534.24000000", "time": "2025-07-13T13:38:36.304125Z", "fetched_at": "2025-07-13T13:39:32.126387+00:00", "symbol": "BTC-USD"}, {"trade_id": 848219785, "side": "buy", "size": "0.00000105", "price": "118534.23000000", "time": "2025-07-13T13:38:36.048320Z", "fetched_at": "2025-07-13T13:39:32.126387+00:00", "symbol": "BTC-USD"}, {"trade_id": 848219784, "side": "buy", "size": "0.00003292", "price": "118534.24000000", "time": "2025-07-13T13:38:36.048320Z", "fetched_at": "2025-07-13T13:39:32.126387+00:00", "symbol": "BTC-USD"}, {"trade_id": 848219783, "side": "buy", "size": "0.00247343", "price": "118537.18000000", "time": "2025-07-13T13:38:35.454736Z", "fetched_at": "2025-07-13T13:39:32.126387+00:00", "symbol": "BTC-USD"}, {"trade_id": 848219782, "side": "buy", "size": "0.00003345", "price": "118539.43000000", "time": "2025-07-13T13:38:35.454736Z", "fetched_at": "2025-07-13T13:39:32.126387+00:00", "symbol": "BTC-USD"}, {"trade_id": 848219781, "side": "sell", "size": "0.00023832", "price": "118554.44000000", "time": "2025-07-13T13:38:35.258792Z", "fetched_at": "2025-07-13T13:39:32.126387+00:00", "symbol": "BTC-USD"}, {"trade_id": 848219780, "side": "sell", "size": "0.00008954", "price": "118554.43000000", "time": "2025-07-13T13:38:35.258792Z", "fetched_at": "2025-07-13T13:39:32.126387+00:00", "symbol": "BTC-USD"}, {"trade_id": 848219779, "side": "buy", "size": "0.04036342", "price": "118544.19000000", "time": "2025-07-13T13:38:34.727339Z", "fetched_at": "2025-07-13T13:39:32.126387+00:00", "symbol": "BTC-USD"}, {"trade_id": 848219778, "side": "buy", "size": "0.00003658", "price": "118544.20000000", "time": "2025-07-13T13:38:34.727339Z", "fetched_at": "2025-07-13T13:39:32.126387+00:00", "symbol": "BTC-USD"}, {"trade_id": 848219777, "side": "sell", "size": "0.12669896", "price": "118562.73000000", "time": "2025-07-13T13:38:33.899838Z", "fetched_at": "2025-07-13T13:39:32.126387+00:00", "symbol": "BTC-USD"}, {"trade_id": 848219776, "side": "sell", "size": "0.11917668", "price": "118562.72000000", "time": "2025-07-13T13:38:33.899838Z", "fetched_at": "2025-07-13T13:39:32.126387+00:00", "symbol": "BTC-USD"}, {"trade_id": 848219775, "side": "sell", "size": "0.03122476", "price": "118559.75000000", "time": "2025-07-13T13:38:33.899838Z", "fetched_at": "2025-07-13T13:39:32.126387+00:00", "symbol": "BTC-USD"}, {"trade_id": 848219774, "side": "sell", "size": "0.06527398", "price": "118559.70000000", "time": "2025-07-13T13:38:33.899838Z", "fetched_at": "2025-07-13T13:39:32.126387+00:00", "symbol": "BTC-USD"}, {"trade_id": 848219773, "side": "sell", "size": "0.00001266", "price": "118558.20000000", "time": "2025-07-13T13:38:33.899838Z", "fetched_at": "2025-07-13T13:39:32.126387+00:00", "symbol": "BTC-USD"}, {"trade_id": 848219772, "side": "sell", "size": "0.00001000", "price": "118557.04000000", "time": "2025-07-13T13:38:33.899838Z", "fetched_at": "2025-07-13T13:39:32.126387+00:00", "symbol": "BTC-USD"}, {"trade_id": 848219771, "side": "sell", "size": "0.02845806", "price": "118555.53000000", "time": "2025-07-13T13:38:33.899838Z", "fetched_at": "2025-07-13T13:39:32.126387+00:00", "symbol": "BTC-USD"}, {"trade_id": 848219770, "side": "sell", "size": "0.00001033", "price": "118555.04000000", "time": "2025-07-13T13:38:33.899838Z", "fetched_at": "2025-07-13T13:39:32.126387+00:00", "symbol": "BTC-USD"}, {"trade_id": 848219769, "side": "sell", "size": "0.01363900", "price": "118555.03000000", "time": "2025-07-13T13:38:33.899838Z", "fetched_at": "2025-07-13T13:39:32.126387+00:00", "symbol": "BTC-USD"}, {"trade_id": 848219768, "side": "sell", "size": "0.02527803", "price": "118555.02000000", "time": "2025-07-13T13:38:33.899838Z", "fetched_at": "2025-07-13T13:39:32.126387+00:00", "symbol": "BTC-USD"}, {"trade_id": 848219767, "side": "sell", "size": "0.00008954", "price": "118545.33000000", "time": "2025-07-13T13:38:33.899838Z", "fetched_at": "2025-07-13T13:39:32.126387+00:00", "symbol": "BTC-USD"}, {"trade_id": 848219766, "side": "sell", "size": "0.00012532", "price": "118552.17000000", "time": "2025-07-13T13:38:33.137482Z", "fetched_at": "2025-07-13T13:39:32.126387+00:00", "symbol": "BTC-USD"}, {"trade_id": 848219765, "side": "buy", "size": "0.00008631", "price": "118543.36000000", "time": "2025-07-13T13:38:32.976360Z", "fetched_at": "2025-07-13T13:39:32.126387+00:00", "symbol": "BTC-USD"}, {"trade_id": 848219764, "side": "buy", "size": "0.00072867", "price": "118543.39000000", "time": "2025-07-13T13:38:32.976360Z", "fetched_at": "2025-07-13T13:39:32.126387+00:00", "symbol": "BTC-USD"}, {"trade_id": 848219763, "side": "buy", "size": "0.00002852", "price": "118543.40000000", "time": "2025-07-13T13:38:32.976360Z", "fetched_at": "2025-07-13T13:39:32.126387+00:00", "symbol": "BTC-USD"}, {"trade_id": 848219762, "side": "sell", "size": "0.00032815", "price": "118552.22000000", "time": "2025-07-13T13:38:32.491401Z", "fetched_at": "2025-07-13T13:39:32.126387+00:00", "symbol": "BTC-USD"}, {"trade_id": 848219761, "side": "sell", "size": "0.00008954", "price": "118552.21000000", "time": "2025-07-13T13:38:32.491401Z", "fetched_at": "2025-07-13T13:39:32.126387+00:00", "symbol": "BTC-USD"}, {"trade_id": 848219760, "side": "sell", "size": "0.00008145", "price": "118555.04000000", "time": "2025-07-13T13:38:32.446491Z", "fetched_at": "2025-07-13T13:39:32.126387+00:00", "symbol": "BTC-USD"}, {"trade_id": 848219759, "side": "sell", "size": "0.00145285", "price": "118555.05000000", "time": "2025-07-13T13:38:32.289168Z", "fetched_at": "2025-07-13T13:39:32.126387+00:00", "symbol": "BTC-USD"}, {"trade_id": 848219758, "side": "sell", "size": "0.00000312", "price": "118555.04000000", "time": "2025-07-13T13:38:32.289168Z", "fetched_at": "2025-07-13T13:39:32.126387+00:00", "symbol": "BTC-USD"}, {"trade_id": 848219757, "side": "sell", "size": "0.00008954", "price": "118554.92000000", "time": "2025-07-13T13:38:32.289168Z", "fetched_at": "2025-07-13T13:39:32.126387+00:00", "symbol": "BTC-USD"}, {"trade_id": 848219756, "side": "sell", "size": "0.00093411", "price": "118555.05000000", "time": "2025-07-13T13:38:31.697909Z", "fetched_at": "2025-07-13T13:39:32.126387+00:00", "symbol": "BTC-USD"}, {"trade_id": 848219755, "side": "sell", "size": "0.00008954", "price": "118555.04000000", "time": "2025-07-13T13:38:31.697909Z", "fetched_at": "2025-07-13T13:39:32.126387+00:00", "symbol": "BTC-USD"}, {"trade_id": 848219754, "side": "buy", "size": "0.00005728", "price": "118543.39000000", "time": "2025-07-13T13:38:31.344812Z", "fetched_at": "2025-07-13T13:39:32.126387+00:00", "symbol": "BTC-USD"}, {"trade_id": 848219753, "side": "sell", "size": "0.00041003", "price": "118552.33000000", "time": "2025-07-13T13:38:31.056601Z", "fetched_at": "2025-07-13T13:39:32.126387+00:00", "symbol": "BTC-USD"}, {"trade_id": 848219752, "side": "sell", "size": "0.00200919", "price": "118555.05000000", "time": "2025-07-13T13:38:31.052093Z", "fetched_at": "2025-07-13T13:39:32.126387+00:00", "symbol": "BTC-USD"}, {"trade_id": 848219751, "side": "sell", "size": "0.00000665", "price": "118554.96000000", "time": "2025-07-13T13:38:31.052093Z", "fetched_at": "2025-07-13T13:39:32.126387+00:00", "symbol": "BTC-USD"}, {"trade_id": 848219750, "side": "sell", "size": "0.00008954", "price": "118543.40000000", "time": "2025-07-13T13:38:31.052093Z", "fetched_at": "2025-07-13T13:39:32.126387+00:00", "symbol": "BTC-USD"}, {"trade_id": 848219749, "side": "sell", "size": "0.00032049", "price": "118554.91000000", "time": "2025-07-13T13:38:31.001288Z", "fetched_at": "2025-07-13T13:39:32.126387+00:00", "symbol": "BTC-USD"}, {"trade_id": 848219748, "side": "sell", "size": "0.00008954", "price": "118543.40000000", "time": "2025-07-13T13:38:31.001288Z", "fetched_at": "2025-07-13T13:39:32.126387+00:00", "symbol": "BTC-USD"}, {"trade_id": 848219747, "side": "buy", "size": "0.00127817", "price": "118543.39000000", "time": "2025-07-13T13:38:30.884433Z", "fetched_at": "2025-07-13T13:39:32.126387+00:00", "symbol": "BTC-USD"}, {"trade_id": 848219746, "side": "sell", "size": "0.00155048", "price": "118554.97000000", "time": "2025-07-13T13:38:30.515285Z", "fetched_at": "2025-07-13T13:39:32.126387+00:00", "symbol": "BTC-USD"}, {"trade_id": 848219745, "side": "sell", "size": "0.00008954", "price": "118554.96000000", "time": "2025-07-13T13:38:30.515285Z", "fetched_at": "2025-07-13T13:39:32.126387+00:00", "symbol": "BTC-USD"}, {"trade_id": 848219744, "side": "sell", "size": "0.00007445", "price": "118555.53000000", "time": "2025-07-13T13:38:29.677271Z", "fetched_at": "2025-07-13T13:39:32.126387+00:00", "symbol": "BTC-USD"}, {"trade_id": 848219743, "side": "sell", "size": "0.00008954", "price": "118555.52000000", "time": "2025-07-13T13:38:29.677271Z", "fetched_at": "2025-07-13T13:39:32.126387+00:00", "symbol": "BTC-USD"}, {"trade_id": 848219742, "side": "sell", "size": "0.00116366", "price": "118555.53000000", "time": "2025-07-13T13:38:29.487263Z", "fetched_at": "2025-07-13T13:39:32.126387+00:00", "symbol": "BTC-USD"}, {"trade_id": 848219741, "side": "sell", "size": "0.00008954", "price": "118555.52000000", "time": "2025-07-13T13:38:29.487263Z", "fetched_at": "2025-07-13T13:39:32.126387+00:00", "symbol": "BTC-USD"}, {"trade_id": 848219740, "side": "sell", "size": "0.00032816", "price": "118555.53000000", "time": "2025-07-13T13:38:29.478266Z", "fetched_at": "2025-07-13T13:39:32.126387+00:00", "symbol": "BTC-USD"}, {"trade_id": 848219739, "side": "sell", "size": "0.00008954", "price": "118555.52000000", "time": "2025-07-13T13:38:29.478266Z", "fetched_at": "2025-07-13T13:39:32.126387+00:00", "symbol": "BTC-USD"}, {"trade_id": 848219738, "side": "sell", "size": "0.00031067", "price": "118555.53000000", "time": "2025-07-13T13:38:28.792035Z", "fetched_at": "2025-07-13T13:39:32.126387+00:00", "symbol": "BTC-USD"}, {"trade_id": 848219737, "side": "sell", "size": "0.00008954", "price": "118555.52000000", "time": "2025-07-13T13:38:28.792035Z", "fetched_at": "2025-07-13T13:39:32.126387+00:00", "symbol": "BTC-USD"}, {"trade_id": 848219736, "side": "sell", "size": "0.00071655", "price": "118555.53000000", "time": "2025-07-13T13:38:28.729264Z", "fetched_at": "2025-07-13T13:39:32.126387+00:00", "symbol": "BTC-USD"}, {"trade_id": 848219735, "side": "sell", "size": "0.00001398", "price": "118555.52000000", "time": "2025-07-13T13:38:28.729264Z", "fetched_at": "2025-07-13T13:39:32.126387+00:00", "symbol": "BTC-USD"}, {"trade_id": 848219734, "side": "sell", "size": "0.00008954", "price": "118555.51000000", "time": "2025-07-13T13:38:28.729264Z", "fetched_at": "2025-07-13T13:39:32.126387+00:00", "symbol": "BTC-USD"}, {"trade_id": 848219733, "side": "sell", "size": "0.00011548", "price": "118553.99000000", "time": "2025-07-13T13:38:28.480049Z", "fetched_at": "2025-07-13T13:39:32.126387+00:00", "symbol": "BTC-USD"}, {"trade_id": 848219732, "side": "sell", "size": "0.00008954", "price": "118553.98000000", "time": "2025-07-13T13:38:28.480049Z", "fetched_at": "2025-07-13T13:39:32.126387+00:00", "symbol": "BTC-USD"}, {"trade_id": 848219731, "side": "sell", "size": "0.00121041", "price": "118554.48000000", "time": "2025-07-13T13:38:26.967859Z", "fetched_at": "2025-07-13T13:39:32.126387+00:00", "symbol": "BTC-USD"}, {"trade_id": 848219730, "side": "sell", "size": "0.00770471", "price": "118549.98000000", "time": "2025-07-13T13:38:26.967859Z", "fetched_at": "2025-07-13T13:39:32.126387+00:00", "symbol": "BTC-USD"}, {"trade_id": 848219729, "side": "sell", "size": "0.00008955", "price": "118540.90000000", "time": "2025-07-13T13:38:26.967859Z", "fetched_at": "2025-07-13T13:39:32.126387+00:00", "symbol": "BTC-USD"}, {"trade_id": 848219728, "side": "sell", "size": "0.00073055", "price": "118549.98000000", "time": "2025-07-13T13:38:26.900034Z", "fetched_at": "2025-07-13T13:39:32.126387+00:00", "symbol": "BTC-USD"}, {"trade_id": 848219727, "side": "sell", "size": "0.00008955", "price": "118541.55000000", "time": "2025-07-13T13:38:26.900034Z", "fetched_at": "2025-07-13T13:39:32.126387+00:00", "symbol": "BTC-USD"}, {"trade_id": 848219726, "side": "sell", "size": "0.03241554", "price": "118548.68000000", "time": "2025-07-13T13:38:25.884736Z", "fetched_at": "2025-07-13T13:39:32.126387+00:00", "symbol": "BTC-USD"}, {"trade_id": 848219725, "side": "sell", "size": "0.00008955", "price": "118548.67000000", "time": "2025-07-13T13:38:25.884736Z", "fetched_at": "2025-07-13T13:39:32.126387+00:00", "symbol": "BTC-USD"}, {"trade_id": 848219724, "side": "sell", "size": "0.00001000", "price": "118548.15000000", "time": "2025-07-13T13:38:25.884736Z", "fetched_at": "2025-07-13T13:39:32.126387+00:00", "symbol": "BTC-USD"}, {"trade_id": 848219723, "side": "sell", "size": "0.00000664", "price": "118547.13000000", "time": "2025-07-13T13:38:25.884736Z", "fetched_at": "2025-07-13T13:39:32.126387+00:00", "symbol": "BTC-USD"}, {"trade_id": 848219722, "side": "sell", "size": "0.00008146", "price": "118545.28000000", "time": "2025-07-13T13:38:25.198071Z", "fetched_at": "2025-07-13T13:39:32.126387+00:00", "symbol": "BTC-USD"}, {"trade_id": 848219721, "side": "sell", "size": "0.00843598", "price": "118539.84000000", "time": "2025-07-13T13:38:24.884884Z", "fetched_at": "2025-07-13T13:39:32.126387+00:00", "symbol": "BTC-USD"}, {"trade_id": 848219720, "side": "sell", "size": "0.00001000", "price": "118539.26000000", "time": "2025-07-13T13:38:24.884884Z", "fetched_at": "2025-07-13T13:39:32.126387+00:00", "symbol": "BTC-USD"}, {"trade_id": 848219719, "side": "sell", "size": "0.06527398", "price": "118538.06000000", "time": "2025-07-13T13:38:24.884884Z", "fetched_at": "2025-07-13T13:39:32.126387+00:00", "symbol": "BTC-USD"}, {"trade_id": 848219718, "side": "sell", "size": "0.01938026", "price": "118537.29000000", "time": "2025-07-13T13:38:24.884884Z", "fetched_at": "2025-07-13T13:39:32.126387+00:00", "symbol": "BTC-USD"}, {"trade_id": 848219717, "side": "sell", "size": "0.00008956", "price": "118537.28000000", "time": "2025-07-13T13:38:24.884884Z", "fetched_at": "2025-07-13T13:39:32.126387+00:00", "symbol": "BTC-USD"}, {"trade_id": 848219716, "side": "sell", "size": "0.00001000", "price": "118530.37000000", "time": "2025-07-13T13:38:24.884884Z", "fetched_at": "2025-07-13T13:39:32.126387+00:00", "symbol": "BTC-USD"}, {"trade_id": 848219715, "side": "sell", "size": "0.00000109", "price": "118524.00000000", "time": "2025-07-13T13:38:24.884884Z", "fetched_at": "2025-07-13T13:39:32.126387+00:00", "symbol": "BTC-USD"}, {"trade_id": 848219714, "side": "sell", "size": "0.00829692", "price": "118524.00000000", "time": "2025-07-13T13:38:24.884884Z", "fetched_at": "2025-07-13T13:39:32.126387+00:00", "symbol": "BTC-USD"}, {"trade_id": 848219713, "side": "sell", "size": "0.00059300", "price": "118524.00000000", "time": "2025-07-13T13:38:24.746731Z", "fetched_at": "2025-07-13T13:39:32.126387+00:00", "symbol": "BTC-USD"}, {"trade_id": 848219712, "side": "sell", "size": "0.00000852", "price": "118521.48000000", "time": "2025-07-13T13:38:24.746731Z", "fetched_at": "2025-07-13T13:39:32.126387+00:00", "symbol": "BTC-USD"}, {"trade_id": 848219711, "side": "sell", "size": "0.00001000", "price": "118521.48000000", "time": "2025-07-13T13:38:24.746731Z", "fetched_at": "2025-07-13T13:39:32.126387+00:00", "symbol": "BTC-USD"}, {"trade_id": 848219710, "side": "sell", "size": "0.00008958", "price": "118513.99000000", "time": "2025-07-13T13:38:23.711568Z", "fetched_at": "2025-07-13T13:39:32.126387+00:00", "symbol": "BTC-USD"}, {"trade_id": 848219709, "side": "buy", "size": "0.00490678", "price": "118496.25000000", "time": "2025-07-13T13:38:23.666387Z", "fetched_at": "2025-07-13T13:39:32.126387+00:00", "symbol": "BTC-USD"}, {"trade_id": 848219708, "side": "buy", "size": "0.03197873", "price": "118496.25000000", "time": "2025-07-13T13:38:23.666387Z", "fetched_at": "2025-07-13T13:39:32.126387+00:00", "symbol": "BTC-USD"}, {"trade_id": 848219707, "side": "buy", "size": "0.00277955", "price": "118510.25000000", "time": "2025-07-13T13:38:23.666387Z", "fetched_at": "2025-07-13T13:39:32.126387+00:00", "symbol": "BTC-USD"}, {"trade_id": 848219706, "side": "buy", "size": "0.00370607", "price": "118510.28000000", "time": "2025-07-13T13:38:23.666387Z", "fetched_at": "2025-07-13T13:39:32.126387+00:00", "symbol": "BTC-USD"}, {"trade_id": 848219705, "side": "sell", "size": "0.00166000", "price": "118516.19000000", "time": "2025-07-13T13:38:23.665573Z", "fetched_at": "2025-07-13T13:39:32.126387+00:00", "symbol": "BTC-USD"}, {"trade_id": 848219704, "side": "sell", "size": "0.01456123", "price": "118520.83000000", "time": "2025-07-13T13:38:23.664961Z", "fetched_at": "2025-07-13T13:39:32.126387+00:00", "symbol": "BTC-USD"}, {"trade_id": 848219703, "side": "sell", "size": "0.00843778", "price": "118514.45000000", "time": "2025-07-13T13:38:23.664961Z", "fetched_at": "2025-07-13T13:39:32.126387+00:00", "symbol": "BTC-USD"}, {"trade_id": 848219702, "side": "sell", "size": "0.02700099", "price": "118514.00000000", "time": "2025-07-13T13:38:23.664961Z", "fetched_at": "2025-07-13T13:39:32.126387+00:00", "symbol": "BTC-USD"}, {"trade_id": 848219701, "side": "sell", "size": "0.00991042", "price": "118514.00000000", "time": "2025-07-13T13:38:23.664251Z", "fetched_at": "2025-07-13T13:39:32.126387+00:00", "symbol": "BTC-USD"}, {"trade_id": 848219700, "side": "sell", "size": "0.00008958", "price": "118508.23000000", "time": "2025-07-13T13:38:23.664251Z", "fetched_at": "2025-07-13T13:39:32.126387+00:00", "symbol": "BTC-USD"}, {"trade_id": 848219699, "side": "sell", "size": "0.01741959", "price": "118514.19000000", "time": "2025-07-13T13:38:23.654456Z", "fetched_at": "2025-07-13T13:39:32.126387+00:00", "symbol": "BTC-USD"}, {"trade_id": 848219698, "side": "sell", "size": "0.03267798", "price": "118514.01000000", "time": "2025-07-13T13:38:23.654456Z", "fetched_at": "2025-07-13T13:39:32.126387+00:00", "symbol": "BTC-USD"}, {"trade_id": 848219697, "side": "sell", "size": "0.04961614", "price": "118514.01000000", "time": "2025-07-13T13:38:23.654456Z", "fetched_at": "2025-07-13T13:39:32.126387+00:00", "symbol": "BTC-USD"}, {"trade_id": 848219696, "side": "sell", "size": "0.00001000", "price": "118512.59000000", "time": "2025-07-13T13:38:23.654456Z", "fetched_at": "2025-07-13T13:39:32.126387+00:00", "symbol": "BTC-USD"}, {"trade_id": 848219695, "side": "sell", "size": "0.00000210", "price": "118509.90000000", "time": "2025-07-13T13:38:23.654456Z", "fetched_at": "2025-07-13T13:39:32.126387+00:00", "symbol": "BTC-USD"}, {"trade_id": 848219694, "side": "sell", "size": "0.00000669", "price": "118509.55000000", "time": "2025-07-13T13:38:23.654456Z", "fetched_at": "2025-07-13T13:39:32.126387+00:00", "symbol": "BTC-USD"}, {"trade_id": 848219693, "side": "sell", "size": "0.01863579", "price": "118508.24000000", "time": "2025-07-13T13:38:23.654456Z", "fetched_at": "2025-07-13T13:39:32.126387+00:00", "symbol": "BTC-USD"}, {"trade_id": 848219692, "side": "sell", "size": "0.00008958", "price": "118508.23000000", "time": "2025-07-13T13:38:23.654456Z", "fetched_at": "2025-07-13T13:39:32.126387+00:00", "symbol": "BTC-USD"}, {"trade_id": 848219691, "side": "sell", "size": "0.03187231", "price": "118508.55000000", "time": "2025-07-13T13:38:22.780421Z", "fetched_at": "2025-07-13T13:39:32.126387+00:00", "symbol": "BTC-USD"}, {"trade_id": 848219690, "side": "sell", "size": "0.00660905", "price": "118508.55000000", "time": "2025-07-13T13:38:22.780421Z", "fetched_at": "2025-07-13T13:39:32.126387+00:00", "symbol": "BTC-USD"}, {"trade_id": 848219689, "side": "sell", "size": "0.00008958", "price": "118508.55000000", "time": "2025-07-13T13:38:22.780421Z", "fetched_at": "2025-07-13T13:39:32.126387+00:00", "symbol": "BTC-USD"}, {"trade_id": 848219688, "side": "sell", "size": "0.00843900", "price": "118508.50000000", "time": "2025-07-13T13:38:22.780421Z", "fetched_at": "2025-07-13T13:39:32.126387+00:00", "symbol": "BTC-USD"}, {"trade_id": 848219687, "side": "sell", "size": "0.03500000", "price": "118508.49000000", "time": "2025-07-13T13:38:22.780421Z", "fetched_at": "2025-07-13T13:39:32.126387+00:00", "symbol": "BTC-USD"}, {"trade_id": 848219686, "side": "sell", "size": "0.00031064", "price": "118509.54000000", "time": "2025-07-13T13:38:21.962460Z", "fetched_at": "2025-07-13T13:39:32.126387+00:00", "symbol": "BTC-USD"}, {"trade_id": 848219685, "side": "sell", "size": "0.00008958", "price": "118509.53000000", "time": "2025-07-13T13:38:21.962460Z", "fetched_at": "2025-07-13T13:39:32.126387+00:00", "symbol": "BTC-USD"}, {"trade_id": 848219684, "side": "sell", "size": "0.00148044", "price": "118509.56000000", "time": "2025-07-13T13:38:21.883811Z", "fetched_at": "2025-07-13T13:39:32.126387+00:00", "symbol": "BTC-USD"}, {"trade_id": 848219683, "side": "sell", "size": "0.00008958", "price": "118509.55000000", "time": "2025-07-13T13:38:21.883811Z", "fetched_at": "2025-07-13T13:39:32.126387+00:00", "symbol": "BTC-USD"}, {"trade_id": 848219682, "side": "sell", "size": "0.00003100", "price": "118507.62000000", "time": "2025-07-13T13:38:21.883811Z", "fetched_at": "2025-07-13T13:39:32.126387+00:00", "symbol": "BTC-USD"}, {"trade_id": 848219681, "side": "sell", "size": "0.00047890", "price": "118509.56000000", "time": "2025-07-13T13:38:21.399118Z", "fetched_at": "2025-07-13T13:39:32.126387+00:00", "symbol": "BTC-USD"}, {"trade_id": 848219680, "side": "sell", "size": "0.00008958", "price": "118509.55000000", "time": "2025-07-13T13:38:21.399118Z", "fetched_at": "2025-07-13T13:39:32.126387+00:00", "symbol": "BTC-USD"}, {"trade_id": 848219679, "side": "sell", "size": "0.00001034", "price": "118507.62000000", "time": "2025-07-13T13:38:21.399118Z", "fetched_at": "2025-07-13T13:39:32.126387+00:00", "symbol": "BTC-USD"}, {"trade_id": 848219678, "side": "sell", "size": "0.00116678", "price": "118507.26000000", "time": "2025-07-13T13:38:21.243680Z", "fetched_at": "2025-07-13T13:39:32.126387+00:00", "symbol": "BTC-USD"}, {"trade_id": 848219677, "side": "sell", "size": "0.00008958", "price": "118507.25000000", "time": "2025-07-13T13:38:21.243680Z", "fetched_at": "2025-07-13T13:39:32.126387+00:00", "symbol": "BTC-USD"}, {"trade_id": 848219676, "side": "sell", "size": "0.00001000", "price": "118503.70000000", "time": "2025-07-13T13:38:21.243680Z", "fetched_at": "2025-07-13T13:39:32.126387+00:00", "symbol": "BTC-USD"}, {"trade_id": 848219675, "side": "sell", "size": "0.00000664", "price": "118497.70000000", "time": "2025-07-13T13:38:21.243680Z", "fetched_at": "2025-07-13T13:39:32.126387+00:00", "symbol": "BTC-USD"}, {"trade_id": 848219674, "side": "sell", "size": "0.04101075", "price": "118500.46000000", "time": "2025-07-13T13:38:20.783188Z", "fetched_at": "2025-07-13T13:39:32.126387+00:00", "symbol": "BTC-USD"}, {"trade_id": 848219673, "side": "buy", "size": "0.00002542", "price": "118486.45000000", "time": "2025-07-13T13:38:20.137267Z", "fetched_at": "2025-07-13T13:39:32.126387+00:00", "symbol": "BTC-USD"}, {"trade_id": 848219672, "side": "sell", "size": "0.00099720", "price": "118500.43000000", "time": "2025-07-13T13:38:19.974998Z", "fetched_at": "2025-07-13T13:39:32.126387+00:00", "symbol": "BTC-USD"}, {"trade_id": 848219671, "side": "sell", "size": "0.00008958", "price": "118500.42000000", "time": "2025-07-13T13:38:19.974998Z", "fetched_at": "2025-07-13T13:39:32.126387+00:00", "symbol": "BTC-USD"}, {"trade_id": 848219670, "side": "sell", "size": "0.00003054", "price": "118499.41000000", "time": "2025-07-13T13:38:19.831980Z", "fetched_at": "2025-07-13T13:39:32.126387+00:00", "symbol": "BTC-USD"}, {"trade_id": 848219669, "side": "buy", "size": "0.00000591", "price": "118484.71000000", "time": "2025-07-13T13:38:18.545795Z", "fetched_at": "2025-07-13T13:39:32.126387+00:00", "symbol": "BTC-USD"}, {"trade_id": 848219668, "side": "buy", "size": "0.00229402", "price": "118484.27000000", "time": "2025-07-13T13:38:18.290742Z", "fetched_at": "2025-07-13T13:39:32.126387+00:00", "symbol": "BTC-USD"}, {"trade_id": 848219667, "side": "buy", "size": "0.00025315", "price": "118482.11000000", "time": "2025-07-13T13:38:16.864411Z", "fetched_at": "2025-07-13T13:39:32.126387+00:00", "symbol": "BTC-USD"}, {"trade_id": 848219666, "side": "sell", "size": "0.03339818", "price": "118491.81000000", "time": "2025-07-13T13:38:16.634963Z", "fetched_at": "2025-07-13T13:39:32.126387+00:00", "symbol": "BTC-USD"}, {"trade_id": 848219665, "side": "sell", "size": "0.00843980", "price": "118486.15000000", "time": "2025-07-13T13:38:16.634963Z", "fetched_at": "2025-07-13T13:39:32.126387+00:00", "symbol": "BTC-USD"}, {"trade_id": 848219664, "side": "sell", "size": "0.00015752", "price": "118486.06000000", "time": "2025-07-13T13:38:16.634963Z", "fetched_at": "2025-07-13T13:39:32.126387+00:00", "symbol": "BTC-USD"}, {"trade_id": 848219663, "side": "sell", "size": "0.00008959", "price": "118486.05000000", "time": "2025-07-13T13:38:16.634963Z", "fetched_at": "2025-07-13T13:39:32.126387+00:00", "symbol": "BTC-USD"}, {"trade_id": 848219662, "side": "sell", "size": "0.00000709", "price": "118481.98000000", "time": "2025-07-13T13:38:16.634963Z", "fetched_at": "2025-07-13T13:39:32.126387+00:00", "symbol": "BTC-USD"}, {"trade_id": 848219661, "side": "buy", "size": "0.00003253", "price": "118479.84000000", "time": "2025-07-13T13:38:15.232237Z", "fetched_at": "2025-07-13T13:39:32.126387+00:00", "symbol": "BTC-USD"}, {"trade_id": 848219660, "side": "buy", "size": "0.00001918", "price": "118479.84000000", "time": "2025-07-13T13:38:15.232237Z", "fetched_at": "2025-07-13T13:39:32.126387+00:00", "symbol": "BTC-USD"}, {"trade_id": 848219659, "side": "sell", "size": "0.00051876", "price": "118486.06000000", "time": "2025-07-13T13:38:15.123429Z", "fetched_at": "2025-07-13T13:39:32.126387+00:00", "symbol": "BTC-USD"}, {"trade_id": 848219658, "side": "sell", "size": "0.00008959", "price": "118483.15000000", "time": "2025-07-13T13:38:15.123429Z", "fetched_at": "2025-07-13T13:39:32.126387+00:00", "symbol": "BTC-USD"}, {"trade_id": 848219657, "side": "sell", "size": "0.00369564", "price": "118491.84000000", "time": "2025-07-13T13:38:15.085734Z", "fetched_at": "2025-07-13T13:39:32.126387+00:00", "symbol": "BTC-USD"}, {"trade_id": 848219656, "side": "sell", "size": "0.00008959", "price": "118481.98000000", "time": "2025-07-13T13:38:15.085734Z", "fetched_at": "2025-07-13T13:39:32.126387+00:00", "symbol": "BTC-USD"}, {"trade_id": 848219655, "side": "sell", "size": "0.00002862", "price": "118481.98000000", "time": "2025-07-13T13:38:14.857758Z", "fetched_at": "2025-07-13T13:39:32.126387+00:00", "symbol": "BTC-USD"}, {"trade_id": 848219654, "side": "buy", "size": "0.00042546", "price": "118480.60000000", "time": "2025-07-13T13:38:13.134972Z", "fetched_at": "2025-07-13T13:39:32.126387+00:00", "symbol": "BTC-USD"}, {"trade_id": 848219653, "side": "sell", "size": "0.00002415", "price": "118480.61000000", "time": "2025-07-13T13:38:13.094615Z", "fetched_at": "2025-07-13T13:39:32.126387+00:00", "symbol": "BTC-USD"}, {"trade_id": 848219652, "side": "buy", "size": "0.00001611", "price": "118479.76000000", "time": "2025-07-13T13:38:12.195112Z", "fetched_at": "2025-07-13T13:39:32.126387+00:00", "symbol": "BTC-USD"}, {"trade_id": 848219651, "side": "buy", "size": "0.00000540", "price": "118487.41000000", "time": "2025-07-13T13:38:12.195112Z", "fetched_at": "2025-07-13T13:39:32.126387+00:00", "symbol": "BTC-USD"}, {"trade_id": 848219650, "side": "sell", "size": "0.00158124", "price": "118489.15000000", "time": "2025-07-13T13:38:11.917038Z", "fetched_at": "2025-07-13T13:39:32.126387+00:00", "symbol": "BTC-USD"}, {"trade_id": 848219649, "side": "sell", "size": "0.00008959", "price": "118487.42000000", "time": "2025-07-13T13:38:11.917038Z", "fetched_at": "2025-07-13T13:39:32.126387+00:00", "symbol": "BTC-USD"}, {"trade_id": 848219648, "side": "sell", "size": "0.00001635", "price": "118487.42000000", "time": "2025-07-13T13:38:11.666892Z", "fetched_at": "2025-07-13T13:39:32.126387+00:00", "symbol": "BTC-USD"}, {"trade_id": 848219647, "side": "sell", "size": "0.00000619", "price": "118487.42000000", "time": "2025-07-13T13:38:11.666892Z", "fetched_at": "2025-07-13T13:39:32.126387+00:00", "symbol": "BTC-USD"}, {"trade_id": 848219646, "side": "sell", "size": "0.00007708", "price": "118487.42000000", "time": "2025-07-13T13:38:11.514134Z", "fetched_at": "2025-07-13T13:39:32.126387+00:00", "symbol": "BTC-USD"}, {"trade_id": 848219645, "side": "sell", "size": "0.04167694", "price": "118489.15000000", "time": "2025-07-13T13:38:11.276788Z", "fetched_at": "2025-07-13T13:39:32.126387+00:00", "symbol": "BTC-USD"}, {"trade_id": 848219644, "side": "sell", "size": "0.00008959", "price": "118487.42000000", "time": "2025-07-13T13:38:11.276788Z", "fetched_at": "2025-07-13T13:39:32.126387+00:00", "symbol": "BTC-USD"}, {"trade_id": 848219643, "side": "buy", "size": "0.00011953", "price": "118487.40000000", "time": "2025-07-13T13:38:10.538855Z", "fetched_at": "2025-07-13T13:39:32.126387+00:00", "symbol": "BTC-USD"}, {"trade_id": 848219642, "side": "sell", "size": "0.00001300", "price": "118478.70000000", "time": "2025-07-13T13:38:10.451767Z", "fetched_at": "2025-07-13T13:39:32.126387+00:00", "symbol": "BTC-USD"}, {"trade_id": 848219641, "side": "sell", "size": "0.00000664", "price": "118478.70000000", "time": "2025-07-13T13:38:10.451767Z", "fetched_at": "2025-07-13T13:39:32.126387+00:00", "symbol": "BTC-USD"}, {"trade_id": 848219640, "side": "sell", "size": "0.00086000", "price": "118478.70000000", "time": "2025-07-13T13:38:10.451767Z", "fetched_at": "2025-07-13T13:39:32.126387+00:00", "symbol": "BTC-USD"}, {"trade_id": 848219639, "side": "sell", "size": "0.00030000", "price": "118478.70000000", "time": "2025-07-13T13:38:10.451767Z", "fetched_at": "2025-07-13T13:39:32.126387+00:00", "symbol": "BTC-USD"}, {"trade_id": 848219638, "side": "sell", "size": "0.04912699", "price": "118478.70000000", "time": "2025-07-13T13:38:10.451767Z", "fetched_at": "2025-07-13T13:39:32.126387+00:00", "symbol": "BTC-USD"}, {"trade_id": 848219637, "side": "buy", "size": "0.00643978", "price": "118477.69000000", "time": "2025-07-13T13:38:09.872630Z", "fetched_at": "2025-07-13T13:39:32.126387+00:00", "symbol": "BTC-USD"}, {"trade_id": 848219636, "side": "buy", "size": "0.00002812", "price": "118478.69000000", "time": "2025-07-13T13:38:09.872630Z", "fetched_at": "2025-07-13T13:39:32.126387+00:00", "symbol": "BTC-USD"}, {"trade_id": 848219635, "side": "sell", "size": "0.00001203", "price": "118478.70000000", "time": "2025-07-13T13:38:09.627059Z", "fetched_at": "2025-07-13T13:39:32.126387+00:00", "symbol": "BTC-USD"}, {"trade_id": 848219634, "side": "sell", "size": "0.00086098", "price": "118478.70000000", "time": "2025-07-13T13:38:08.809604Z", "fetched_at": "2025-07-13T13:39:32.126387+00:00", "symbol": "BTC-USD"}, {"trade_id": 848219633, "side": "sell", "size": "0.02718588", "price": "118478.70000000", "time": "2025-07-13T13:38:07.557667Z", "fetched_at": "2025-07-13T13:39:32.126387+00:00", "symbol": "BTC-USD"}, {"trade_id": 848219632, "side": "sell", "size": "0.05000000", "price": "118478.65000000", "time": "2025-07-13T13:38:07.557667Z", "fetched_at": "2025-07-13T13:39:32.126387+00:00", "symbol": "BTC-USD"}, {"trade_id": 848219631, "side": "sell", "size": "0.00000664", "price": "118478.63000000", "time": "2025-07-13T13:38:07.557667Z", "fetched_at": "2025-07-13T13:39:32.126387+00:00", "symbol": "BTC-USD"}, {"trade_id": 848219630, "side": "sell", "size": "0.06955275", "price": "118478.62000000", "time": "2025-07-13T13:38:07.557667Z", "fetched_at": "2025-07-13T13:39:32.126387+00:00", "symbol": "BTC-USD"}, {"trade_id": 848219629, "side": "sell", "size": "0.00199948", "price": "118478.62000000", "time": "2025-07-13T13:38:07.356563Z", "fetched_at": "2025-07-13T13:39:32.126387+00:00", "symbol": "BTC-USD"}, {"trade_id": 848219628, "side": "sell", "size": "0.00008936", "price": "118477.58000000", "time": "2025-07-13T13:38:07.356563Z", "fetched_at": "2025-07-13T13:39:32.126387+00:00", "symbol": "BTC-USD"}, {"trade_id": 848219627, "side": "sell", "size": "0.00000008", "price": "118477.58000000", "time": "2025-07-13T13:38:07.306941Z", "fetched_at": "2025-07-13T13:39:32.126387+00:00", "symbol": "BTC-USD"}, {"trade_id": 848219626, "side": "sell", "size": "0.00000016", "price": "118477.58000000", "time": "2025-07-13T13:38:07.290583Z", "fetched_at": "2025-07-13T13:39:32.126387+00:00", "symbol": "BTC-USD"}, {"trade_id": 848219625, "side": "sell", "size": "0.00033402", "price": "118477.58000000", "time": "2025-07-13T13:38:07.273197Z", "fetched_at": "2025-07-13T13:39:32.126387+00:00", "symbol": "BTC-USD"}, {"trade_id": 848219624, "side": "sell", "size": "0.00791549", "price": "118478.62000000", "time": "2025-07-13T13:38:07.063308Z", "fetched_at": "2025-07-13T13:39:32.126387+00:00", "symbol": "BTC-USD"}, {"trade_id": 848219623, "side": "sell", "size": "0.00008959", "price": "118477.58000000", "time": "2025-07-13T13:38:07.063308Z", "fetched_at": "2025-07-13T13:39:32.126387+00:00", "symbol": "BTC-USD"}, {"trade_id": 848219622, "side": "sell", "size": "0.00000147", "price": "118477.58000000", "time": "2025-07-13T13:38:06.859181Z", "fetched_at": "2025-07-13T13:39:32.126387+00:00", "symbol": "BTC-USD"}, {"trade_id": 848219621, "side": "buy", "size": "0.00002546", "price": "118477.57000000", "time": "2025-07-13T13:38:06.852290Z", "fetched_at": "2025-07-13T13:39:32.126387+00:00", "symbol": "BTC-USD"}, {"trade_id": 848219620, "side": "buy", "size": "0.02310085", "price": "118477.57000000", "time": "2025-07-13T13:38:05.724983Z", "fetched_at": "2025-07-13T13:39:32.126387+00:00", "symbol": "BTC-USD"}, {"trade_id": 848219619, "side": "buy", "size": "0.00001455", "price": "118477.58000000", "time": "2025-07-13T13:38:05.724983Z", "fetched_at": "2025-07-13T13:39:32.126387+00:00", "symbol": "BTC-USD"}, {"trade_id": 848219618, "side": "buy", "size": "0.01908467", "price": "118479.59000000", "time": "2025-07-13T13:38:05.724983Z", "fetched_at": "2025-07-13T13:39:32.126387+00:00", "symbol": "BTC-USD"}, {"trade_id": 848219617, "side": "buy", "size": "0.00000168", "price": "118481.54000000", "time": "2025-07-13T13:38:05.724983Z", "fetched_at": "2025-07-13T13:39:32.126387+00:00", "symbol": "BTC-USD"}, {"trade_id": 848219616, "side": "buy", "size": "0.01997766", "price": "118490.89000000", "time": "2025-07-13T13:38:03.766939Z", "fetched_at": "2025-07-13T13:39:32.126387+00:00", "symbol": "BTC-USD"}, {"trade_id": 848219615, "side": "buy", "size": "0.03002234", "price": "118490.89000000", "time": "2025-07-13T13:38:03.766907Z", "fetched_at": "2025-07-13T13:39:32.126387+00:00", "symbol": "BTC-USD"}, {"trade_id": 848219614, "side": "buy", "size": "0.05000000", "price": "118492.89000000", "time": "2025-07-13T13:38:03.763826Z", "fetched_at": "2025-07-13T13:39:32.126387+00:00", "symbol": "BTC-USD"}, {"trade_id": 848219613, "side": "buy", "size": "0.08440335", "price": "118478.70000000", "time": "2025-07-13T13:38:03.762750Z", "fetched_at": "2025-07-13T13:39:32.126387+00:00", "symbol": "BTC-USD"}, {"trade_id": 848219612, "side": "buy", "size": "0.12343167", "price": "118481.44000000", "time": "2025-07-13T13:38:03.762750Z", "fetched_at": "2025-07-13T13:39:32.126387+00:00", "symbol": "BTC-USD"}, {"trade_id": 848219611, "side": "buy", "size": "0.08440133", "price": "118481.53000000", "time": "2025-07-13T13:38:03.762750Z", "fetched_at": "2025-07-13T13:39:32.126387+00:00", "symbol": "BTC-USD"}, {"trade_id": 848219610, "side": "buy", "size": "0.05000000", "price": "118483.49000000", "time": "2025-07-13T13:38:03.762750Z", "fetched_at": "2025-07-13T13:39:32.126387+00:00", "symbol": "BTC-USD"}, {"trade_id": 848219609, "side": "buy", "size": "0.01874663", "price": "118483.75000000", "time": "2025-07-13T13:38:03.762750Z", "fetched_at": "2025-07-13T13:39:32.126387+00:00", "symbol": "BTC-USD"}, {"trade_id": 848219608, "side": "buy", "size": "0.00001000", "price": "118485.92000000", "time": "2025-07-13T13:38:03.762750Z", "fetched_at": "2025-07-13T13:39:32.126387+00:00", "symbol": "BTC-USD"}, {"trade_id": 848219607, "side": "buy", "size": "0.05100000", "price": "118486.41000000", "time": "2025-07-13T13:38:03.762750Z", "fetched_at": "2025-07-13T13:39:32.126387+00:00", "symbol": "BTC-USD"}, {"trade_id": 848219606, "side": "buy", "size": "0.02439665", "price": "118486.71000000", "time": "2025-07-13T13:38:03.762750Z", "fetched_at": "2025-07-13T13:39:32.126387+00:00", "symbol": "BTC-USD"}, {"trade_id": 848219605, "side": "buy", "size": "0.12511950", "price": "118490.88000000", "time": "2025-07-13T13:38:03.762750Z", "fetched_at": "2025-07-13T13:39:32.126387+00:00", "symbol": "BTC-USD"}, {"trade_id": 848219604, "side": "buy", "size": "0.04208470", "price": "118492.87000000", "time": "2025-07-13T13:38:03.762750Z", "fetched_at": "2025-07-13T13:39:32.126387+00:00", "symbol": "BTC-USD"}, {"trade_id": 848219603, "side": "buy", "size": "0.00035335", "price": "118496.25000000", "time": "2025-07-13T13:38:03.762750Z", "fetched_at": "2025-07-13T13:39:32.126387+00:00", "symbol": "BTC-USD"}, {"trade_id": 848219602, "side": "buy", "size": "0.04056752", "price": "118496.25000000", "time": "2025-07-13T13:38:03.758490Z", "fetched_at": "2025-07-13T13:39:32.126387+00:00", "symbol": "BTC-USD"}, {"trade_id": 848219601, "side": "buy", "size": "0.01882810", "price": "118499.19000000", "time": "2025-07-13T13:38:03.757191Z", "fetched_at": "2025-07-13T13:39:32.126387+00:00", "symbol": "BTC-USD"}, {"trade_id": 848219600, "side": "buy", "size": "0.02290070", "price": "118499.19000000", "time": "2025-07-13T13:38:03.757118Z", "fetched_at": "2025-07-13T13:39:32.126387+00:00", "symbol": "BTC-USD"}, {"trade_id": 848219599, "side": "buy", "size": "0.00297084", "price": "118499.19000000", "time": "2025-07-13T13:38:03.757101Z", "fetched_at": "2025-07-13T13:39:32.126387+00:00", "symbol": "BTC-USD"}, {"trade_id": 848219598, "side": "buy", "size": "0.04120647", "price": "118499.20000000", "time": "2025-07-13T13:38:03.757101Z", "fetched_at": "2025-07-13T13:39:32.126387+00:00", "symbol": "BTC-USD"}, {"trade_id": 848219597, "side": "buy", "size": "0.02472388", "price": "118499.21000000", "time": "2025-07-13T13:38:03.757101Z", "fetched_at": "2025-07-13T13:39:32.126387+00:00", "symbol": "BTC-USD"}, {"trade_id": 848219596, "side": "buy", "size": "0.00000700", "price": "118500.58000000", "time": "2025-07-13T13:38:03.757101Z", "fetched_at": "2025-07-13T13:39:32.126387+00:00", "symbol": "BTC-USD"}, {"trade_id": 848219595, "side": "buy", "size": "0.00004839", "price": "118501.03000000", "time": "2025-07-13T13:38:03.757101Z", "fetched_at": "2025-07-13T13:39:32.126387+00:00", "symbol": "BTC-USD"}, {"trade_id": 848219594, "side": "buy", "size": "0.00002139", "price": "118501.11000000", "time": "2025-07-13T13:38:03.757101Z", "fetched_at": "2025-07-13T13:39:32.126387+00:00", "symbol": "BTC-USD"}, {"trade_id": 848219593, "side": "buy", "size": "0.00012538", "price": "118500.51000000", "time": "2025-07-13T13:38:02.589676Z", "fetched_at": "2025-07-13T13:39:32.126387+00:00", "symbol": "BTC-USD"}, {"trade_id": 848219592, "side": "buy", "size": "0.00002617", "price": "118500.52000000", "time": "2025-07-13T13:38:02.589676Z", "fetched_at": "2025-07-13T13:39:32.126387+00:00", "symbol": "BTC-USD"}, {"trade_id": 848219591, "side": "buy", "size": "0.00001046", "price": "118500.58000000", "time": "2025-07-13T13:38:02.589676Z", "fetched_at": "2025-07-13T13:39:32.126387+00:00", "symbol": "BTC-USD"}, {"trade_id": 848219590, "side": "buy", "size": "0.01440259", "price": "118500.74000000", "time": "2025-07-13T13:38:02.244689Z", "fetched_at": "2025-07-13T13:39:32.126387+00:00", "symbol": "BTC-USD"}, {"trade_id": 848219589, "side": "buy", "size": "0.00262209", "price": "118502.69000000", "time": "2025-07-13T13:38:02.244689Z", "fetched_at": "2025-07-13T13:39:32.126387+00:00", "symbol": "BTC-USD"}, {"trade_id": 848219588, "side": "buy", "size": "0.00002512", "price": "118502.70000000", "time": "2025-07-13T13:38:02.244689Z", "fetched_at": "2025-07-13T13:39:32.126387+00:00", "symbol": "BTC-USD"}, {"trade_id": 848219587, "side": "sell", "size": "0.00024296", "price": "118510.35000000", "time": "2025-07-13T13:38:01.800353Z", "fetched_at": "2025-07-13T13:39:32.126387+00:00", "symbol": "BTC-USD"}, {"trade_id": 848219586, "side": "sell", "size": "0.00007722", "price": "118510.34000000", "time": "2025-07-13T13:38:01.800353Z", "fetched_at": "2025-07-13T13:39:32.126387+00:00", "symbol": "BTC-USD"}, {"trade_id": 848219585, "side": "sell", "size": "0.00005013", "price": "118515.01000000", "time": "2025-07-13T13:38:00.816797Z", "fetched_at": "2025-07-13T13:39:32.126387+00:00", "symbol": "BTC-USD"}, {"trade_id": 848219584, "side": "sell", "size": "0.00001033", "price": "118487.23000000", "time": "2025-07-13T13:37:58.718645Z", "fetched_at": "2025-07-13T13:39:32.126387+00:00", "symbol": "BTC-USD"}, {"trade_id": 848219583, "side": "sell", "size": "0.00000337", "price": "118487.23000000", "time": "2025-07-13T13:37:58.718645Z", "fetched_at": "2025-07-13T13:39:32.126387+00:00", "symbol": "BTC-USD"}, {"trade_id": 848219582, "side": "sell", "size": "0.00007674", "price": "118485.26000000", "time": "2025-07-13T13:37:57.000585Z", "fetched_at": "2025-07-13T13:39:32.126387+00:00", "symbol": "BTC-USD"}, {"trade_id": 848219581, "side": "sell", "size": "0.00000664", "price": "118480.36000000", "time": "2025-07-13T13:37:57.000585Z", "fetched_at": "2025-07-13T13:39:32.126387+00:00", "symbol": "BTC-USD"}, {"trade_id": 848219580, "side": "sell", "size": "0.00010873", "price": "118486.73000000", "time": "2025-07-13T13:37:54.847479Z", "fetched_at": "2025-07-13T13:39:32.126387+00:00", "symbol": "BTC-USD"}, {"trade_id": 848219579, "side": "sell", "size": "0.00001057", "price": "118486.71000000", "time": "2025-07-13T13:37:54.847479Z", "fetched_at": "2025-07-13T13:39:32.126387+00:00", "symbol": "BTC-USD"}, {"trade_id": 848219578, "side": "sell", "size": "0.00008959", "price": "118486.70000000", "time": "2025-07-13T13:37:54.847479Z", "fetched_at": "2025-07-13T13:39:32.126387+00:00", "symbol": "BTC-USD"}, {"trade_id": 848219577, "side": "sell", "size": "0.00008019", "price": "118485.38000000", "time": "2025-07-13T13:37:54.732553Z", "fetched_at": "2025-07-13T13:39:32.126387+00:00", "symbol": "BTC-USD"}, {"trade_id": 848219576, "side": "sell", "size": "0.00844000", "price": "118485.36000000", "time": "2025-07-13T13:37:54.732553Z", "fetched_at": "2025-07-13T13:39:32.126387+00:00", "symbol": "BTC-USD"}, {"trade_id": 848219575, "side": "sell", "size": "0.00008959", "price": "118485.35000000", "time": "2025-07-13T13:37:54.732553Z", "fetched_at": "2025-07-13T13:39:32.126387+00:00", "symbol": "BTC-USD"}, {"trade_id": 848219574, "side": "sell", "size": "0.00004103", "price": "118486.60000000", "time": "2025-07-13T13:37:54.202620Z", "fetched_at": "2025-07-13T13:39:32.126387+00:00", "symbol": "BTC-USD"}, {"trade_id": 848219573, "side": "sell", "size": "0.00008149", "price": "118486.68000000", "time": "2025-07-13T13:37:53.754677Z", "fetched_at": "2025-07-13T13:39:32.126387+00:00", "symbol": "BTC-USD"}, {"trade_id": 848219572, "side": "sell", "size": "0.00698320", "price": "118492.46000000", "time": "2025-07-13T13:37:53.212894Z", "fetched_at": "2025-07-13T13:39:32.126387+00:00", "symbol": "BTC-USD"}, {"trade_id": 848219571, "side": "sell", "size": "0.00008959", "price": "118492.46000000", "time": "2025-07-13T13:37:53.212894Z", "fetched_at": "2025-07-13T13:39:32.126387+00:00", "symbol": "BTC-USD"}, {"trade_id": 848219570, "side": "buy", "size": "0.00080922", "price": "118476.34000000", "time": "2025-07-13T13:37:53.005973Z", "fetched_at": "2025-07-13T13:39:32.126387+00:00", "symbol": "BTC-USD"}, {"trade_id": 848219569, "side": "buy", "size": "0.00003426", "price": "118476.35000000", "time": "2025-07-13T13:37:53.005973Z", "fetched_at": "2025-07-13T13:39:32.126387+00:00", "symbol": "BTC-USD"}, {"trade_id": 848219568, "side": "sell", "size": "0.03237590", "price": "118492.05000000", "time": "2025-07-13T13:37:52.158823Z", "fetched_at": "2025-07-13T13:39:32.126387+00:00", "symbol": "BTC-USD"}, {"trade_id": 848219567, "side": "sell", "size": "0.00843964", "price": "118488.41000000", "time": "2025-07-13T13:37:52.158823Z", "fetched_at": "2025-07-13T13:39:32.126387+00:00", "symbol": "BTC-USD"}, {"trade_id": 848219566, "side": "sell", "size": "0.00008959", "price": "118488.40000000", "time": "2025-07-13T13:37:52.158823Z", "fetched_at": "2025-07-13T13:39:32.126387+00:00", "symbol": "BTC-USD"}, {"trade_id": 848219565, "side": "sell", "size": "0.00008960", "price": "118487.52000000", "time": "2025-07-13T13:37:52.158823Z", "fetched_at": "2025-07-13T13:39:32.126387+00:00", "symbol": "BTC-USD"}, {"trade_id": 848219564, "side": "sell", "size": "0.00000736", "price": "118487.39000000", "time": "2025-07-13T13:37:52.158823Z", "fetched_at": "2025-07-13T13:39:32.126387+00:00", "symbol": "BTC-USD"}, {"trade_id": 848219563, "side": "buy", "size": "0.00230911", "price": "118473.50000000", "time": "2025-07-13T13:37:51.477675Z", "fetched_at": "2025-07-13T13:39:32.126387+00:00", "symbol": "BTC-USD"}, {"trade_id": 848219562, "side": "buy", "size": "0.00000109", "price": "118473.50000000", "time": "2025-07-13T13:37:51.477675Z", "fetched_at": "2025-07-13T13:39:32.126387+00:00", "symbol": "BTC-USD"}, {"trade_id": 848219561, "side": "buy", "size": "0.00003425", "price": "118473.51000000", "time": "2025-07-13T13:37:51.477675Z", "fetched_at": "2025-07-13T13:39:32.126387+00:00", "symbol": "BTC-USD"}, {"trade_id": 848219560, "side": "sell", "size": "0.00000532", "price": "118486.13000000", "time": "2025-07-13T13:37:50.439477Z", "fetched_at": "2025-07-13T13:39:32.126387+00:00", "symbol": "BTC-USD"}, {"trade_id": 848219559, "side": "sell", "size": "0.00000084", "price": "118481.35000000", "time": "2025-07-13T13:37:50.439477Z", "fetched_at": "2025-07-13T13:39:32.126387+00:00", "symbol": "BTC-USD"}, {"trade_id": 848219558, "side": "sell", "size": "0.00000987", "price": "118481.35000000", "time": "2025-07-13T13:37:50.439477Z", "fetched_at": "2025-07-13T13:39:32.126387+00:00", "symbol": "BTC-USD"}, {"trade_id": 848219557, "side": "sell", "size": "0.00000228", "price": "118481.35000000", "time": "2025-07-13T13:37:49.054248Z", "fetched_at": "2025-07-13T13:39:32.126387+00:00", "symbol": "BTC-USD"}, {"trade_id": 848219556, "side": "sell", "size": "0.00000211", "price": "118481.35000000", "time": "2025-07-13T13:37:49.054248Z", "fetched_at": "2025-07-13T13:39:32.126387+00:00", "symbol": "BTC-USD"}, {"trade_id": 848219555, "side": "sell", "size": "0.00835054", "price": "118487.52000000", "time": "2025-07-13T13:37:48.015789Z", "fetched_at": "2025-07-13T13:39:32.126387+00:00", "symbol": "BTC-USD"}, {"trade_id": 848219554, "side": "sell", "size": "0.00008960", "price": "118487.51000000", "time": "2025-07-13T13:37:48.015789Z", "fetched_at": "2025-07-13T13:39:32.126387+00:00", "symbol": "BTC-USD"}, {"trade_id": 848219553, "side": "sell", "size": "0.02125422", "price": "118487.52000000", "time": "2025-07-13T13:37:48.001868Z", "fetched_at": "2025-07-13T13:39:32.126387+00:00", "symbol": "BTC-USD"}, {"trade_id": 848219552, "side": "sell", "size": "0.01781662", "price": "118487.36000000", "time": "2025-07-13T13:37:48.001868Z", "fetched_at": "2025-07-13T13:39:32.126387+00:00", "symbol": "BTC-USD"}, {"trade_id": 848219551, "side": "sell", "size": "0.06507655", "price": "118487.23000000", "time": "2025-07-13T13:37:48.001868Z", "fetched_at": "2025-07-13T13:39:32.126387+00:00", "symbol": "BTC-USD"}, {"trade_id": 848219550, "side": "sell", "size": "0.04455810", "price": "118487.21000000", "time": "2025-07-13T13:37:48.001868Z", "fetched_at": "2025-07-13T13:39:32.126387+00:00", "symbol": "BTC-USD"}, {"trade_id": 848219549, "side": "sell", "size": "0.00008959", "price": "118487.20000000", "time": "2025-07-13T13:37:48.001868Z", "fetched_at": "2025-07-13T13:39:32.126387+00:00", "symbol": "BTC-USD"}, {"trade_id": 848219548, "side": "sell", "size": "0.00000592", "price": "118486.33000000", "time": "2025-07-13T13:37:48.001868Z", "fetched_at": "2025-07-13T13:39:32.126387+00:00", "symbol": "BTC-USD"}, {"trade_id": 848219547, "side": "sell", "size": "0.00001257", "price": "118483.82000000", "time": "2025-07-13T13:37:48.001868Z", "fetched_at": "2025-07-13T13:39:32.126387+00:00", "symbol": "BTC-USD"}, {"trade_id": 848219546, "side": "sell", "size": "0.02184601", "price": "118481.52000000", "time": "2025-07-13T13:37:48.001868Z", "fetched_at": "2025-07-13T13:39:32.126387+00:00", "symbol": "BTC-USD"}, {"trade_id": 848219545, "side": "sell", "size": "0.03911078", "price": "118481.52000000", "time": "2025-07-13T13:37:48.001868Z", "fetched_at": "2025-07-13T13:39:32.126387+00:00", "symbol": "BTC-USD"}, {"trade_id": 848219544, "side": "sell", "size": "0.00844014", "price": "118481.35000000", "time": "2025-07-13T13:37:48.001868Z", "fetched_at": "2025-07-13T13:39:32.126387+00:00", "symbol": "BTC-USD"}, {"trade_id": 848219543, "side": "sell", "size": "0.00001009", "price": "118482.44000000", "time": "2025-07-13T13:37:47.309652Z", "fetched_at": "2025-07-13T13:39:32.126387+00:00", "symbol": "BTC-USD"}, {"trade_id": 848219542, "side": "buy", "size": "0.00022123", "price": "118472.08000000", "time": "2025-07-13T13:37:47.070130Z", "fetched_at": "2025-07-13T13:39:32.126387+00:00", "symbol": "BTC-USD"}, {"trade_id": 848219541, "side": "buy", "size": "0.00002999", "price": "118472.09000000", "time": "2025-07-13T13:37:47.070130Z", "fetched_at": "2025-07-13T13:39:32.126387+00:00", "symbol": "BTC-USD"}, {"trade_id": 848219540, "side": "buy", "size": "0.00000194", "price": "118472.11000000", "time": "2025-07-13T13:37:47.070130Z", "fetched_at": "2025-07-13T13:39:32.126387+00:00", "symbol": "BTC-USD"}, {"trade_id": 848219539, "side": "sell", "size": "0.00008338", "price": "118483.35000000", "time": "2025-07-13T13:37:46.665478Z", "fetched_at": "2025-07-13T13:39:32.126387+00:00", "symbol": "BTC-USD"}, {"trade_id": 848219538, "side": "sell", "size": "0.00000190", "price": "118483.33000000", "time": "2025-07-13T13:37:45.517916Z", "fetched_at": "2025-07-13T13:39:32.126387+00:00", "symbol": "BTC-USD"}, {"trade_id": 848219537, "side": "sell", "size": "0.00008959", "price": "118483.32000000", "time": "2025-07-13T13:37:45.517916Z", "fetched_at": "2025-07-13T13:39:32.126387+00:00", "symbol": "BTC-USD"}, {"trade_id": 848219536, "side": "sell", "size": "0.00151065", "price": "118487.44000000", "time": "2025-07-13T13:37:45.251777Z", "fetched_at": "2025-07-13T13:39:32.126387+00:00", "symbol": "BTC-USD"}, {"trade_id": 848219535, "side": "sell", "size": "0.00003984", "price": "118485.69000000", "time": "2025-07-13T13:37:45.251777Z", "fetched_at": "2025-07-13T13:39:32.126387+00:00", "symbol": "BTC-USD"}, {"trade_id": 848219534, "side": "sell", "size": "0.00008960", "price": "118482.60000000", "time": "2025-07-13T13:37:45.251777Z", "fetched_at": "2025-07-13T13:39:32.126387+00:00", "symbol": "BTC-USD"}, {"trade_id": 848219533, "side": "sell", "size": "0.00395909", "price": "118487.40000000", "time": "2025-07-13T13:37:44.784572Z", "fetched_at": "2025-07-13T13:39:32.126387+00:00", "symbol": "BTC-USD"}, {"trade_id": 848219532, "side": "sell", "size": "0.00008960", "price": "118487.39000000", "time": "2025-07-13T13:37:44.784572Z", "fetched_at": "2025-07-13T13:39:32.126387+00:00", "symbol": "BTC-USD"}, {"trade_id": 848219531, "side": "sell", "size": "0.00002656", "price": "118486.50000000", "time": "2025-07-13T13:37:44.784572Z", "fetched_at": "2025-07-13T13:39:32.126387+00:00", "symbol": "BTC-USD"}, {"trade_id": 848219530, "side": "sell", "size": "0.00001000", "price": "118485.92000000", "time": "2025-07-13T13:37:44.784572Z", "fetched_at": "2025-07-13T13:39:32.126387+00:00", "symbol": "BTC-USD"}, {"trade_id": 848219529, "side": "sell", "size": "0.00000641", "price": "118485.69000000", "time": "2025-07-13T13:37:44.784572Z", "fetched_at": "2025-07-13T13:39:32.126387+00:00", "symbol": "BTC-USD"}, {"trade_id": 848219528, "side": "sell", "size": "0.00000828", "price": "118471.13000000", "time": "2025-07-13T13:37:44.784572Z", "fetched_at": "2025-07-13T13:39:32.126387+00:00", "symbol": "BTC-USD"}, {"trade_id": 848219527, "side": "buy", "size": "0.00008048", "price": "118471.12000000", "time": "2025-07-13T13:37:44.407157Z", "fetched_at": "2025-07-13T13:39:32.126387+00:00", "symbol": "BTC-USD"}, {"trade_id": 848219526, "side": "sell", "size": "0.00008960", "price": "118470.47000000", "time": "2025-07-13T13:37:43.682279Z", "fetched_at": "2025-07-13T13:39:32.126387+00:00", "symbol": "BTC-USD"}, {"trade_id": 848219525, "side": "sell", "size": "0.00008960", "price": "118464.35000000", "time": "2025-07-13T13:37:43.662306Z", "fetched_at": "2025-07-13T13:39:32.126387+00:00", "symbol": "BTC-USD"}, {"trade_id": 848219524, "side": "sell", "size": "0.00160758", "price": "118471.43000000", "time": "2025-07-13T13:37:42.657362Z", "fetched_at": "2025-07-13T13:39:32.126387+00:00", "symbol": "BTC-USD"}, {"trade_id": 848219523, "side": "sell", "size": "0.00008960", "price": "118471.42000000", "time": "2025-07-13T13:37:42.657362Z", "fetched_at": "2025-07-13T13:39:32.126387+00:00", "symbol": "BTC-USD"}, {"trade_id": 848219522, "side": "sell", "size": "0.00003101", "price": "118468.15000000", "time": "2025-07-13T13:37:42.657362Z", "fetched_at": "2025-07-13T13:39:32.126387+00:00", "symbol": "BTC-USD"}, {"trade_id": 848219521, "side": "sell", "size": "0.00005320", "price": "118471.42000000", "time": "2025-07-13T13:37:42.335234Z", "fetched_at": "2025-07-13T13:39:32.126387+00:00", "symbol": "BTC-USD"}, {"trade_id": 848219520, "side": "sell", "size": "0.00002067", "price": "118468.15000000", "time": "2025-07-13T13:37:42.335234Z", "fetched_at": "2025-07-13T13:39:32.126387+00:00", "symbol": "BTC-USD"}, {"trade_id": 848219519, "side": "sell", "size": "0.00012528", "price": "118467.75000000", "time": "2025-07-13T13:37:42.082012Z", "fetched_at": "2025-07-13T13:39:32.126387+00:00", "symbol": "BTC-USD"}, {"trade_id": 848219518, "side": "sell", "size": "0.00844300", "price": "118450.35000000", "time": "2025-07-13T13:37:40.371505Z", "fetched_at": "2025-07-13T13:39:32.126387+00:00", "symbol": "BTC-USD"}, {"trade_id": 848219517, "side": "buy", "size": "0.00000802", "price": "118445.51000000", "time": "2025-07-13T13:37:39.795298Z", "fetched_at": "2025-07-13T13:39:32.126387+00:00", "symbol": "BTC-USD"}, {"trade_id": 848219516, "side": "buy", "size": "0.00000042", "price": "118450.36000000", "time": "2025-07-13T13:37:39.795298Z", "fetched_at": "2025-07-13T13:39:32.126387+00:00", "symbol": "BTC-USD"}, {"trade_id": 848219515, "side": "buy", "size": "0.01962529", "price": "118464.22000000", "time": "2025-07-13T13:37:39.433125Z", "fetched_at": "2025-07-13T13:39:32.126387+00:00", "symbol": "BTC-USD"}, {"trade_id": 848219514, "side": "buy", "size": "0.08687670", "price": "118464.22000000", "time": "2025-07-13T13:37:39.431717Z", "fetched_at": "2025-07-13T13:39:32.126387+00:00", "symbol": "BTC-USD"}, {"trade_id": 848219513, "side": "buy", "size": "0.06652565", "price": "118464.22000000", "time": "2025-07-13T13:37:39.429312Z", "fetched_at": "2025-07-13T13:39:32.126387+00:00", "symbol": "BTC-USD"}, {"trade_id": 848219512, "side": "buy", "size": "0.10895413", "price": "118464.22000000", "time": "2025-07-13T13:37:39.424461Z", "fetched_at": "2025-07-13T13:39:32.126387+00:00", "symbol": "BTC-USD"}, {"trade_id": 848219511, "side": "buy", "size": "0.01801823", "price": "118464.22000000", "time": "2025-07-13T13:37:39.421438Z", "fetched_at": "2025-07-13T13:39:32.126387+00:00", "symbol": "BTC-USD"}, {"trade_id": 848219510, "side": "buy", "size": "0.00417177", "price": "118464.23000000", "time": "2025-07-13T13:37:39.421438Z", "fetched_at": "2025-07-13T13:39:32.126387+00:00", "symbol": "BTC-USD"}, {"trade_id": 848219509, "side": "buy", "size": "0.03894000", "price": "118464.23000000", "time": "2025-07-13T13:37:39.421034Z", "fetched_at": "2025-07-13T13:39:32.126387+00:00", "symbol": "BTC-USD"}, {"trade_id": 848219508, "side": "buy", "size": "0.00000346", "price": "118459.25000000", "time": "2025-07-13T13:37:37.921562Z", "fetched_at": "2025-07-13T13:39:32.126387+00:00", "symbol": "BTC-USD"}, {"trade_id": 848219507, "side": "buy", "size": "0.00000118", "price": "118459.25000000", "time": "2025-07-13T13:37:37.921562Z", "fetched_at": "2025-07-13T13:39:32.126387+00:00", "symbol": "BTC-USD"}, {"trade_id": 848219506, "side": "buy", "size": "0.00001000", "price": "118459.25000000", "time": "2025-07-13T13:37:37.921562Z", "fetched_at": "2025-07-13T13:39:32.126387+00:00", "symbol": "BTC-USD"}, {"trade_id": 848219505, "side": "sell", "size": "0.00168098", "price": "118459.26000000", "time": "2025-07-13T13:37:37.524952Z", "fetched_at": "2025-07-13T13:39:32.126387+00:00", "symbol": "BTC-USD"}, {"trade_id": 848219504, "side": "buy", "size": "0.00002210", "price": "118465.49000000", "time": "2025-07-13T13:37:37.152117Z", "fetched_at": "2025-07-13T13:39:32.126387+00:00", "symbol": "BTC-USD"}, {"trade_id": 848219503, "side": "buy", "size": "0.00001906", "price": "118465.49000000", "time": "2025-07-13T13:37:37.152117Z", "fetched_at": "2025-07-13T13:39:32.126387+00:00", "symbol": "BTC-USD"}, {"trade_id": 848219502, "side": "buy", "size": "0.00001000", "price": "118468.14000000", "time": "2025-07-13T13:37:37.071674Z", "fetched_at": "2025-07-13T13:39:32.126387+00:00", "symbol": "BTC-USD"}, {"trade_id": 848219501, "side": "buy", "size": "0.04666128", "price": "118469.64000000", "time": "2025-07-13T13:37:36.921344Z", "fetched_at": "2025-07-13T13:39:32.126387+00:00", "symbol": "BTC-USD"}, {"trade_id": 848219500, "side": "buy", "size": "0.01271964", "price": "118469.64000000", "time": "2025-07-13T13:37:36.921129Z", "fetched_at": "2025-07-13T13:39:32.126387+00:00", "symbol": "BTC-USD"}, {"trade_id": 848219499, "side": "buy", "size": "0.00002210", "price": "118474.58000000", "time": "2025-07-13T13:37:36.921129Z", "fetched_at": "2025-07-13T13:39:32.126387+00:00", "symbol": "BTC-USD"}, {"trade_id": 848219498, "side": "buy", "size": "0.00000557", "price": "118476.44000000", "time": "2025-07-13T13:37:36.921129Z", "fetched_at": "2025-07-13T13:39:32.126387+00:00", "symbol": "BTC-USD"}, {"trade_id": 848219497, "side": "buy", "size": "0.00114310", "price": "118477.03000000", "time": "2025-07-13T13:37:36.921129Z", "fetched_at": "2025-07-13T13:39:32.126387+00:00", "symbol": "BTC-USD"}, {"trade_id": 848219496, "side": "buy", "size": "0.00001000", "price": "118477.03000000", "time": "2025-07-13T13:37:36.921129Z", "fetched_at": "2025-07-13T13:39:32.126387+00:00", "symbol": "BTC-USD"}, {"trade_id": 848219495, "side": "sell", "size": "0.00004176", "price": "118477.04000000", "time": "2025-07-13T13:37:36.715786Z", "fetched_at": "2025-07-13T13:39:32.126387+00:00", "symbol": "BTC-USD"}, {"trade_id": 848219494, "side": "sell", "size": "0.00008922", "price": "118477.04000000", "time": "2025-07-13T13:37:36.687999Z", "fetched_at": "2025-07-13T13:39:32.126387+00:00", "symbol": "BTC-USD"}, {"trade_id": 848219493, "side": "buy", "size": "0.08169866", "price": "118484.42000000", "time": "2025-07-13T13:37:36.356819Z", "fetched_at": "2025-07-13T13:39:32.126387+00:00", "symbol": "BTC-USD"}, {"trade_id": 848219492, "side": "buy", "size": "0.05100000", "price": "118485.71000000", "time": "2025-07-13T13:37:36.333528Z", "fetched_at": "2025-07-13T13:39:32.126387+00:00", "symbol": "BTC-USD"}, {"trade_id": 848219491, "side": "buy", "size": "0.00001000", "price": "118485.92000000", "time": "2025-07-13T13:37:36.333528Z", "fetched_at": "2025-07-13T13:39:32.126387+00:00", "symbol": "BTC-USD"}, {"trade_id": 848219490, "side": "buy", "size": "0.04184677", "price": "118486.38000000", "time": "2025-07-13T13:37:36.333528Z", "fetched_at": "2025-07-13T13:39:32.126387+00:00", "symbol": "BTC-USD"}, {"trade_id": 848219489, "side": "buy", "size": "0.05364433", "price": "118486.49000000", "time": "2025-07-13T13:37:36.333528Z", "fetched_at": "2025-07-13T13:39:32.126387+00:00", "symbol": "BTC-USD"}, {"trade_id": 848219488, "side": "buy", "size": "0.06601123", "price": "118490.00000000", "time": "2025-07-13T13:37:36.330088Z", "fetched_at": "2025-07-13T13:39:32.126387+00:00", "symbol": "BTC-USD"}, {"trade_id": 848219487, "side": "buy", "size": "0.00205857", "price": "118493.80000000", "time": "2025-07-13T13:37:36.330088Z", "fetched_at": "2025-07-13T13:39:32.126387+00:00", "symbol": "BTC-USD"}, {"trade_id": 848219486, "side": "buy", "size": "0.04500000", "price": "118494.41000000", "time": "2025-07-13T13:37:36.330088Z", "fetched_at": "2025-07-13T13:39:32.126387+00:00", "symbol": "BTC-USD"}, {"trade_id": 848219485, "side": "buy", "size": "0.00001000", "price": "118494.81000000", "time": "2025-07-13T13:37:36.330088Z", "fetched_at": "2025-07-13T13:39:32.126387+00:00", "symbol": "BTC-USD"}, {"trade_id": 848219484, "side": "buy", "size": "0.00899476", "price": "118498.47000000", "time": "2025-07-13T13:37:36.330088Z", "fetched_at": "2025-07-13T13:39:32.126387+00:00", "symbol": "BTC-USD"}, {"trade_id": 848219483, "side": "buy", "size": "0.00016675", "price": "118500.00000000", "time": "2025-07-13T13:37:36.330088Z", "fetched_at": "2025-07-13T13:39:32.126387+00:00", "symbol": "BTC-USD"}, {"trade_id": 848219482, "side": "buy", "size": "0.01675105", "price": "118500.00000000", "time": "2025-07-13T13:37:36.330088Z", "fetched_at": "2025-07-13T13:39:32.126387+00:00", "symbol": "BTC-USD"}, {"trade_id": 848219481, "side": "buy", "size": "0.00168076", "price": "118500.00000000", "time": "2025-07-13T13:37:36.330088Z", "fetched_at": "2025-07-13T13:39:32.126387+00:00", "symbol": "BTC-USD"}, {"trade_id": 848219480, "side": "buy", "size": "0.00002351", "price": "118503.71000000", "time": "2025-07-13T13:37:36.329046Z", "fetched_at": "2025-07-13T13:39:32.126387+00:00", "symbol": "BTC-USD"}, {"trade_id": 848219479, "side": "buy", "size": "0.00000345", "price": "118503.71000000", "time": "2025-07-13T13:37:36.329046Z", "fetched_at": "2025-07-13T13:39:32.126387+00:00", "symbol": "BTC-USD"}, {"trade_id": 848219478, "side": "buy", "size": "0.00000118", "price": "118503.71000000", "time": "2025-07-13T13:37:36.329046Z", "fetched_at": "2025-07-13T13:39:32.126387+00:00", "symbol": "BTC-USD"}, {"trade_id": 848219477, "side": "sell", "size": "0.00016394", "price": "118503.72000000", "time": "2025-07-13T13:37:35.447293Z", "fetched_at": "2025-07-13T13:39:32.126387+00:00", "symbol": "BTC-USD"}, {"trade_id": 848219476, "side": "sell", "size": "0.00040990", "price": "118503.72000000", "time": "2025-07-13T13:37:34.798552Z", "fetched_at": "2025-07-13T13:39:32.126387+00:00", "symbol": "BTC-USD"}, {"trade_id": 848219475, "side": "sell", "size": "0.00020495", "price": "118503.72000000", "time": "2025-07-13T13:37:32.985324Z", "fetched_at": "2025-07-13T13:39:32.126387+00:00", "symbol": "BTC-USD"}, {"trade_id": 848219474, "side": "sell", "size": "0.00012198", "price": "118503.72000000", "time": "2025-07-13T13:37:32.523636Z", "fetched_at": "2025-07-13T13:39:32.126387+00:00", "symbol": "BTC-USD"}, {"trade_id": 848219473, "side": "sell", "size": "0.00016704", "price": "118503.72000000", "time": "2025-07-13T13:37:32.160280Z", "fetched_at": "2025-07-13T13:39:32.126387+00:00", "symbol": "BTC-USD"}, {"trade_id": 848219472, "side": "sell", "size": "0.00008352", "price": "118503.72000000", "time": "2025-07-13T13:37:31.545384Z", "fetched_at": "2025-07-13T13:39:32.126387+00:00", "symbol": "BTC-USD"}, {"trade_id": 848219471, "side": "sell", "size": "0.00008143", "price": "118503.72000000", "time": "2025-07-13T13:37:31.480326Z", "fetched_at": "2025-07-13T13:39:32.126387+00:00", "symbol": "BTC-USD"}, {"trade_id": 848219470, "side": "sell", "size": "0.00020880", "price": "118503.72000000", "time": "2025-07-13T13:37:31.412136Z", "fetched_at": "2025-07-13T13:39:32.126387+00:00", "symbol": "BTC-USD"}, {"trade_id": 848219469, "side": "sell", "size": "0.00049000", "price": "118503.72000000", "time": "2025-07-13T13:37:31.337343Z", "fetched_at": "2025-07-13T13:39:32.126387+00:00", "symbol": "BTC-USD"}, {"trade_id": 848219468, "side": "sell", "size": "0.00220034", "price": "118503.72000000", "time": "2025-07-13T13:37:31.011277Z", "fetched_at": "2025-07-13T13:39:32.126387+00:00", "symbol": "BTC-USD"}, {"trade_id": 848219467, "side": "buy", "size": "0.00003756", "price": "118512.05000000", "time": "2025-07-13T13:37:30.904267Z", "fetched_at": "2025-07-13T13:39:32.126387+00:00", "symbol": "BTC-USD"}, {"trade_id": 848219466, "side": "buy", "size": "0.00000345", "price": "118512.05000000", "time": "2025-07-13T13:37:30.904267Z", "fetched_at": "2025-07-13T13:39:32.126387+00:00", "symbol": "BTC-USD"}