[{"trade_id": 848259930, "side": "buy", "size": "0.00195354", "price": "119025.07000000", "time": "2025-07-13T15:10:43.355476Z", "fetched_at": "2025-07-13T15:10:49.430175+00:00", "symbol": "BTC-USD"}, {"trade_id": 848259929, "side": "sell", "size": "0.00003831", "price": "119018.66000000", "time": "2025-07-13T15:10:42.545630Z", "fetched_at": "2025-07-13T15:10:49.430175+00:00", "symbol": "BTC-USD"}, {"trade_id": 848259928, "side": "buy", "size": "0.03720000", "price": "119023.27000000", "time": "2025-07-13T15:10:42.446795Z", "fetched_at": "2025-07-13T15:10:49.430175+00:00", "symbol": "BTC-USD"}, {"trade_id": 848259927, "side": "buy", "size": "0.07000000", "price": "119023.28000000", "time": "2025-07-13T15:10:42.446795Z", "fetched_at": "2025-07-13T15:10:49.430175+00:00", "symbol": "BTC-USD"}, {"trade_id": 848259926, "side": "buy", "size": "0.01919867", "price": "119014.60000000", "time": "2025-07-13T15:10:41.513079Z", "fetched_at": "2025-07-13T15:10:49.430175+00:00", "symbol": "BTC-USD"}, {"trade_id": 848259925, "side": "buy", "size": "0.04863034", "price": "119014.61000000", "time": "2025-07-13T15:10:41.513079Z", "fetched_at": "2025-07-13T15:10:49.430175+00:00", "symbol": "BTC-USD"}, {"trade_id": 848259924, "side": "buy", "size": "0.00001461", "price": "119018.32000000", "time": "2025-07-13T15:10:41.513079Z", "fetched_at": "2025-07-13T15:10:49.430175+00:00", "symbol": "BTC-USD"}, {"trade_id": 848259923, "side": "buy", "size": "0.00000142", "price": "119018.32000000", "time": "2025-07-13T15:10:41.513079Z", "fetched_at": "2025-07-13T15:10:49.430175+00:00", "symbol": "BTC-USD"}, {"trade_id": 848259922, "side": "sell", "size": "0.00032651", "price": "119018.33000000", "time": "2025-07-13T15:10:41.327832Z", "fetched_at": "2025-07-13T15:10:49.430175+00:00", "symbol": "BTC-USD"}, {"trade_id": 848259921, "side": "buy", "size": "0.00847209", "price": "119014.61000000", "time": "2025-07-13T15:10:41.190819Z", "fetched_at": "2025-07-13T15:10:49.430175+00:00", "symbol": "BTC-USD"}, {"trade_id": 848259920, "side": "buy", "size": "0.00001475", "price": "119014.62000000", "time": "2025-07-13T15:10:41.190819Z", "fetched_at": "2025-07-13T15:10:49.430175+00:00", "symbol": "BTC-USD"}, {"trade_id": 848259919, "side": "buy", "size": "0.00489254", "price": "119015.76000000", "time": "2025-07-13T15:10:40.893677Z", "fetched_at": "2025-07-13T15:10:49.430175+00:00", "symbol": "BTC-USD"}, {"trade_id": 848259918, "side": "buy", "size": "0.00010746", "price": "119015.84000000", "time": "2025-07-13T15:10:40.893677Z", "fetched_at": "2025-07-13T15:10:49.430175+00:00", "symbol": "BTC-USD"}, {"trade_id": 848259917, "side": "sell", "size": "0.00000798", "price": "119026.51000000", "time": "2025-07-13T15:10:40.839974Z", "fetched_at": "2025-07-13T15:10:49.430175+00:00", "symbol": "BTC-USD"}, {"trade_id": 848259916, "side": "sell", "size": "0.00018803", "price": "119026.52000000", "time": "2025-07-13T15:10:40.787374Z", "fetched_at": "2025-07-13T15:10:49.430175+00:00", "symbol": "BTC-USD"}, {"trade_id": 848259915, "side": "sell", "size": "0.00006976", "price": "119026.51000000", "time": "2025-07-13T15:10:40.787374Z", "fetched_at": "2025-07-13T15:10:49.430175+00:00", "symbol": "BTC-USD"}, {"trade_id": 848259914, "side": "sell", "size": "0.00089158", "price": "119026.52000000", "time": "2025-07-13T15:10:40.609524Z", "fetched_at": "2025-07-13T15:10:49.430175+00:00", "symbol": "BTC-USD"}, {"trade_id": 848259913, "side": "sell", "size": "0.00006976", "price": "119026.51000000", "time": "2025-07-13T15:10:40.609524Z", "fetched_at": "2025-07-13T15:10:49.430175+00:00", "symbol": "BTC-USD"}, {"trade_id": 848259912, "side": "sell", "size": "0.00010746", "price": "119027.28000000", "time": "2025-07-13T15:10:39.273449Z", "fetched_at": "2025-07-13T15:10:49.430175+00:00", "symbol": "BTC-USD"}, {"trade_id": 848259911, "side": "sell", "size": "0.00169028", "price": "119027.16000000", "time": "2025-07-13T15:10:39.273449Z", "fetched_at": "2025-07-13T15:10:49.430175+00:00", "symbol": "BTC-USD"}, {"trade_id": 848259910, "side": "sell", "size": "0.00007486", "price": "119016.30000000", "time": "2025-07-13T15:10:39.273449Z", "fetched_at": "2025-07-13T15:10:49.430175+00:00", "symbol": "BTC-USD"}, {"trade_id": 848259909, "side": "sell", "size": "0.00271408", "price": "119023.75000000", "time": "2025-07-13T15:10:38.687172Z", "fetched_at": "2025-07-13T15:10:49.430175+00:00", "symbol": "BTC-USD"}, {"trade_id": 848259908, "side": "buy", "size": "0.00083066", "price": "119021.71000000", "time": "2025-07-13T15:10:38.617159Z", "fetched_at": "2025-07-13T15:10:49.430175+00:00", "symbol": "BTC-USD"}, {"trade_id": 848259907, "side": "buy", "size": "0.00001781", "price": "119027.95000000", "time": "2025-07-13T15:10:38.617159Z", "fetched_at": "2025-07-13T15:10:49.430175+00:00", "symbol": "BTC-USD"}, {"trade_id": 848259906, "side": "sell", "size": "0.00000210", "price": "119007.81000000", "time": "2025-07-13T15:10:38.400484Z", "fetched_at": "2025-07-13T15:10:49.430175+00:00", "symbol": "BTC-USD"}, {"trade_id": 848259905, "side": "sell", "size": "0.00001033", "price": "119007.81000000", "time": "2025-07-13T15:10:38.400484Z", "fetched_at": "2025-07-13T15:10:49.430175+00:00", "symbol": "BTC-USD"}, {"trade_id": 848259904, "side": "sell", "size": "0.00000773", "price": "119007.81000000", "time": "2025-07-13T15:10:38.400484Z", "fetched_at": "2025-07-13T15:10:49.430175+00:00", "symbol": "BTC-USD"}, {"trade_id": 848259903, "side": "buy", "size": "0.00036035", "price": "119007.80000000", "time": "2025-07-13T15:10:37.881895Z", "fetched_at": "2025-07-13T15:10:49.430175+00:00", "symbol": "BTC-USD"}, {"trade_id": 848259902, "side": "sell", "size": "0.00000555", "price": "119007.81000000", "time": "2025-07-13T15:10:37.710200Z", "fetched_at": "2025-07-13T15:10:49.430175+00:00", "symbol": "BTC-USD"}, {"trade_id": 848259901, "side": "sell", "size": "0.00000210", "price": "119007.81000000", "time": "2025-07-13T15:10:37.710200Z", "fetched_at": "2025-07-13T15:10:49.430175+00:00", "symbol": "BTC-USD"}, {"trade_id": 848259900, "side": "buy", "size": "0.00040885", "price": "119007.80000000", "time": "2025-07-13T15:10:37.574891Z", "fetched_at": "2025-07-13T15:10:49.430175+00:00", "symbol": "BTC-USD"}, {"trade_id": 848259899, "side": "buy", "size": "0.00001533", "price": "119007.80000000", "time": "2025-07-13T15:10:37.574891Z", "fetched_at": "2025-07-13T15:10:49.430175+00:00", "symbol": "BTC-USD"}, {"trade_id": 848259898, "side": "sell", "size": "0.02466488", "price": "119020.93000000", "time": "2025-07-13T15:10:37.269230Z", "fetched_at": "2025-07-13T15:10:49.430175+00:00", "symbol": "BTC-USD"}, {"trade_id": 848259897, "side": "sell", "size": "0.02816853", "price": "119018.18000000", "time": "2025-07-13T15:10:37.269230Z", "fetched_at": "2025-07-13T15:10:49.430175+00:00", "symbol": "BTC-USD"}, {"trade_id": 848259896, "side": "sell", "size": "0.00001992", "price": "119017.27000000", "time": "2025-07-13T15:10:37.269230Z", "fetched_at": "2025-07-13T15:10:49.430175+00:00", "symbol": "BTC-USD"}, {"trade_id": 848259895, "side": "sell", "size": "0.00000621", "price": "119017.27000000", "time": "2025-07-13T15:10:37.269230Z", "fetched_at": "2025-07-13T15:10:49.430175+00:00", "symbol": "BTC-USD"}, {"trade_id": 848259894, "side": "sell", "size": "0.04230471", "price": "119013.96000000", "time": "2025-07-13T15:10:37.269230Z", "fetched_at": "2025-07-13T15:10:49.430175+00:00", "symbol": "BTC-USD"}, {"trade_id": 848259893, "side": "sell", "size": "0.00004326", "price": "119013.95000000", "time": "2025-07-13T15:10:37.269230Z", "fetched_at": "2025-07-13T15:10:49.430175+00:00", "symbol": "BTC-USD"}, {"trade_id": 848259892, "side": "sell", "size": "0.00001034", "price": "119010.35000000", "time": "2025-07-13T15:10:37.269230Z", "fetched_at": "2025-07-13T15:10:49.430175+00:00", "symbol": "BTC-USD"}, {"trade_id": 848259891, "side": "sell", "size": "0.02389446", "price": "119007.81000000", "time": "2025-07-13T15:10:37.269230Z", "fetched_at": "2025-07-13T15:10:49.430175+00:00", "symbol": "BTC-USD"}, {"trade_id": 848259890, "side": "buy", "size": "0.00700083", "price": "119007.78000000", "time": "2025-07-13T15:10:37.265049Z", "fetched_at": "2025-07-13T15:10:49.430175+00:00", "symbol": "BTC-USD"}, {"trade_id": 848259889, "side": "buy", "size": "0.00000352", "price": "119007.79000000", "time": "2025-07-13T15:10:37.265049Z", "fetched_at": "2025-07-13T15:10:49.430175+00:00", "symbol": "BTC-USD"}, {"trade_id": 848259888, "side": "buy", "size": "0.00203176", "price": "119007.79000000", "time": "2025-07-13T15:10:37.265049Z", "fetched_at": "2025-07-13T15:10:49.430175+00:00", "symbol": "BTC-USD"}, {"trade_id": 848259887, "side": "buy", "size": "0.00001608", "price": "119007.80000000", "time": "2025-07-13T15:10:37.265049Z", "fetched_at": "2025-07-13T15:10:49.430175+00:00", "symbol": "BTC-USD"}, {"trade_id": 848259886, "side": "sell", "size": "0.00583894", "price": "119007.80000000", "time": "2025-07-13T15:10:37.209305Z", "fetched_at": "2025-07-13T15:10:49.430175+00:00", "symbol": "BTC-USD"}, {"trade_id": 848259885, "side": "sell", "size": "0.00105183", "price": "119007.79000000", "time": "2025-07-13T15:10:36.656188Z", "fetched_at": "2025-07-13T15:10:49.430175+00:00", "symbol": "BTC-USD"}, {"trade_id": 848259884, "side": "sell", "size": "0.00007776", "price": "119007.79000000", "time": "2025-07-13T15:10:36.581451Z", "fetched_at": "2025-07-13T15:10:49.430175+00:00", "symbol": "BTC-USD"}, {"trade_id": 848259883, "side": "buy", "size": "0.00134012", "price": "119007.78000000", "time": "2025-07-13T15:10:36.487546Z", "fetched_at": "2025-07-13T15:10:49.430175+00:00", "symbol": "BTC-USD"}, {"trade_id": 848259882, "side": "buy", "size": "0.00001000", "price": "119010.11000000", "time": "2025-07-13T15:10:36.306774Z", "fetched_at": "2025-07-13T15:10:49.430175+00:00", "symbol": "BTC-USD"}, {"trade_id": 848259881, "side": "buy", "size": "0.00001389", "price": "119010.34000000", "time": "2025-07-13T15:10:36.306774Z", "fetched_at": "2025-07-13T15:10:49.430175+00:00", "symbol": "BTC-USD"}, {"trade_id": 848259880, "side": "buy", "size": "0.01674214", "price": "119010.34000000", "time": "2025-07-13T15:10:36.306774Z", "fetched_at": "2025-07-13T15:10:49.430175+00:00", "symbol": "BTC-USD"}, {"trade_id": 848259879, "side": "buy", "size": "0.00001389", "price": "119016.53000000", "time": "2025-07-13T15:10:36.267118Z", "fetched_at": "2025-07-13T15:10:49.430175+00:00", "symbol": "BTC-USD"}, {"trade_id": 848259878, "side": "buy", "size": "0.06271397", "price": "119016.53000000", "time": "2025-07-13T15:10:36.267118Z", "fetched_at": "2025-07-13T15:10:49.430175+00:00", "symbol": "BTC-USD"}, {"trade_id": 848259877, "side": "buy", "size": "0.00208603", "price": "119016.53000000", "time": "2025-07-13T15:10:36.227176Z", "fetched_at": "2025-07-13T15:10:49.430175+00:00", "symbol": "BTC-USD"}, {"trade_id": 848259876, "side": "buy", "size": "0.00001389", "price": "119017.26000000", "time": "2025-07-13T15:10:36.227176Z", "fetched_at": "2025-07-13T15:10:49.430175+00:00", "symbol": "BTC-USD"}, {"trade_id": 848259875, "side": "buy", "size": "0.02499820", "price": "119016.54000000", "time": "2025-07-13T15:10:36.165947Z", "fetched_at": "2025-07-13T15:10:49.430175+00:00", "symbol": "BTC-USD"}, {"trade_id": 848259874, "side": "buy", "size": "0.00001389", "price": "119016.55000000", "time": "2025-07-13T15:10:36.165947Z", "fetched_at": "2025-07-13T15:10:49.430175+00:00", "symbol": "BTC-USD"}, {"trade_id": 848259873, "side": "buy", "size": "0.00001000", "price": "119019.04000000", "time": "2025-07-13T15:10:36.165947Z", "fetched_at": "2025-07-13T15:10:49.430175+00:00", "symbol": "BTC-USD"}, {"trade_id": 848259872, "side": "buy", "size": "0.01740337", "price": "119023.33000000", "time": "2025-07-13T15:10:36.165947Z", "fetched_at": "2025-07-13T15:10:49.430175+00:00", "symbol": "BTC-USD"}, {"trade_id": 848259871, "side": "buy", "size": "0.00010000", "price": "119023.34000000", "time": "2025-07-13T15:10:35.987882Z", "fetched_at": "2025-07-13T15:10:49.430175+00:00", "symbol": "BTC-USD"}, {"trade_id": 848259870, "side": "buy", "size": "0.00002394", "price": "119023.49000000", "time": "2025-07-13T15:10:35.573430Z", "fetched_at": "2025-07-13T15:10:49.430175+00:00", "symbol": "BTC-USD"}, {"trade_id": 848259869, "side": "buy", "size": "0.00000084", "price": "119031.17000000", "time": "2025-07-13T15:10:35.573430Z", "fetched_at": "2025-07-13T15:10:49.430175+00:00", "symbol": "BTC-USD"}, {"trade_id": 848259868, "side": "buy", "size": "0.00014395", "price": "119023.38000000", "time": "2025-07-13T15:10:34.984565Z", "fetched_at": "2025-07-13T15:10:49.430175+00:00", "symbol": "BTC-USD"}, {"trade_id": 848259867, "side": "buy", "size": "0.00001000", "price": "119027.97000000", "time": "2025-07-13T15:10:34.984565Z", "fetched_at": "2025-07-13T15:10:49.430175+00:00", "symbol": "BTC-USD"}, {"trade_id": 848259866, "side": "buy", "size": "0.00003595", "price": "119028.44000000", "time": "2025-07-13T15:10:34.984565Z", "fetched_at": "2025-07-13T15:10:49.430175+00:00", "symbol": "BTC-USD"}, {"trade_id": 848259865, "side": "buy", "size": "0.00000117", "price": "119028.56000000", "time": "2025-07-13T15:10:34.984565Z", "fetched_at": "2025-07-13T15:10:49.430175+00:00", "symbol": "BTC-USD"}, {"trade_id": 848259864, "side": "buy", "size": "0.00001693", "price": "119033.03000000", "time": "2025-07-13T15:10:34.984565Z", "fetched_at": "2025-07-13T15:10:49.430175+00:00", "symbol": "BTC-USD"}, {"trade_id": 848259863, "side": "buy", "size": "0.00001693", "price": "119036.33000000", "time": "2025-07-13T15:10:34.927700Z", "fetched_at": "2025-07-13T15:10:49.430175+00:00", "symbol": "BTC-USD"}, {"trade_id": 848259862, "side": "sell", "size": "0.01963951", "price": "119035.15000000", "time": "2025-07-13T15:10:34.861565Z", "fetched_at": "2025-07-13T15:10:49.430175+00:00", "symbol": "BTC-USD"}, {"trade_id": 848259861, "side": "sell", "size": "0.06274000", "price": "119031.22000000", "time": "2025-07-13T15:10:34.861565Z", "fetched_at": "2025-07-13T15:10:49.430175+00:00", "symbol": "BTC-USD"}, {"trade_id": 848259860, "side": "buy", "size": "0.00001674", "price": "119035.13000000", "time": "2025-07-13T15:10:34.670528Z", "fetched_at": "2025-07-13T15:10:49.430175+00:00", "symbol": "BTC-USD"}, {"trade_id": 848259859, "side": "buy", "size": "0.00001674", "price": "119035.14000000", "time": "2025-07-13T15:10:34.586832Z", "fetched_at": "2025-07-13T15:10:49.430175+00:00", "symbol": "BTC-USD"}, {"trade_id": 848259858, "side": "sell", "size": "0.00604587", "price": "119028.57000000", "time": "2025-07-13T15:10:34.527319Z", "fetched_at": "2025-07-13T15:10:49.430175+00:00", "symbol": "BTC-USD"}, {"trade_id": 848259857, "side": "sell", "size": "0.00000832", "price": "119028.57000000", "time": "2025-07-13T15:10:33.997092Z", "fetched_at": "2025-07-13T15:10:49.430175+00:00", "symbol": "BTC-USD"}, {"trade_id": 848259856, "side": "sell", "size": "0.00023902", "price": "119028.57000000", "time": "2025-07-13T15:10:33.958846Z", "fetched_at": "2025-07-13T15:10:49.430175+00:00", "symbol": "BTC-USD"}, {"trade_id": 848259855, "side": "sell", "size": "0.00028227", "price": "119028.57000000", "time": "2025-07-13T15:10:33.868008Z", "fetched_at": "2025-07-13T15:10:49.430175+00:00", "symbol": "BTC-USD"}, {"trade_id": 848259854, "side": "sell", "size": "0.00008159", "price": "119028.57000000", "time": "2025-07-13T15:10:33.732985Z", "fetched_at": "2025-07-13T15:10:49.430175+00:00", "symbol": "BTC-USD"}, {"trade_id": 848259853, "side": "buy", "size": "0.00000117", "price": "119034.06000000", "time": "2025-07-13T15:10:33.361183Z", "fetched_at": "2025-07-13T15:10:49.430175+00:00", "symbol": "BTC-USD"}, {"trade_id": 848259852, "side": "buy", "size": "0.00001651", "price": "119035.16000000", "time": "2025-07-13T15:10:33.361183Z", "fetched_at": "2025-07-13T15:10:49.430175+00:00", "symbol": "BTC-USD"}, {"trade_id": 848259851, "side": "buy", "size": "0.00009571", "price": "119035.18000000", "time": "2025-07-13T15:10:33.317211Z", "fetched_at": "2025-07-13T15:10:49.430175+00:00", "symbol": "BTC-USD"}, {"trade_id": 848259850, "side": "buy", "size": "0.03609269", "price": "119037.49000000", "time": "2025-07-13T15:10:33.317211Z", "fetched_at": "2025-07-13T15:10:49.430175+00:00", "symbol": "BTC-USD"}, {"trade_id": 848259849, "side": "buy", "size": "0.02870731", "price": "119037.49000000", "time": "2025-07-13T15:10:33.313441Z", "fetched_at": "2025-07-13T15:10:49.430175+00:00", "symbol": "BTC-USD"}, {"trade_id": 848259848, "side": "buy", "size": "0.00002174", "price": "119037.50000000", "time": "2025-07-13T15:10:33.313441Z", "fetched_at": "2025-07-13T15:10:49.430175+00:00", "symbol": "BTC-USD"}, {"trade_id": 848259847, "side": "buy", "size": "0.06445961", "price": "119037.50000000", "time": "2025-07-13T15:10:33.313441Z", "fetched_at": "2025-07-13T15:10:49.430175+00:00", "symbol": "BTC-USD"}, {"trade_id": 848259846, "side": "buy", "size": "0.00001651", "price": "119038.85000000", "time": "2025-07-13T15:10:33.308912Z", "fetched_at": "2025-07-13T15:10:49.430175+00:00", "symbol": "BTC-USD"}, {"trade_id": 848259845, "side": "sell", "size": "0.00008316", "price": "119038.86000000", "time": "2025-07-13T15:10:33.255853Z", "fetched_at": "2025-07-13T15:10:49.430175+00:00", "symbol": "BTC-USD"}, {"trade_id": 848259844, "side": "buy", "size": "0.00027192", "price": "119037.50000000", "time": "2025-07-13T15:10:33.110632Z", "fetched_at": "2025-07-13T15:10:49.430175+00:00", "symbol": "BTC-USD"}, {"trade_id": 848259843, "side": "buy", "size": "0.00001659", "price": "119038.85000000", "time": "2025-07-13T15:10:33.110632Z", "fetched_at": "2025-07-13T15:10:49.430175+00:00", "symbol": "BTC-USD"}, {"trade_id": 848259842, "side": "buy", "size": "0.00000344", "price": "119038.78000000", "time": "2025-07-13T15:10:32.851858Z", "fetched_at": "2025-07-13T15:10:49.430175+00:00", "symbol": "BTC-USD"}, {"trade_id": 848259841, "side": "buy", "size": "0.00001191", "price": "119038.85000000", "time": "2025-07-13T15:10:32.851858Z", "fetched_at": "2025-07-13T15:10:49.430175+00:00", "symbol": "BTC-USD"}, {"trade_id": 848259840, "side": "sell", "size": "0.00163272", "price": "119046.47000000", "time": "2025-07-13T15:10:32.008252Z", "fetched_at": "2025-07-13T15:10:49.430175+00:00", "symbol": "BTC-USD"}, {"trade_id": 848259839, "side": "sell", "size": "0.00008401", "price": "119038.79000000", "time": "2025-07-13T15:10:31.907656Z", "fetched_at": "2025-07-13T15:10:49.430175+00:00", "symbol": "BTC-USD"}, {"trade_id": 848259838, "side": "sell", "size": "0.00079680", "price": "119038.79000000", "time": "2025-07-13T15:10:31.645021Z", "fetched_at": "2025-07-13T15:10:49.430175+00:00", "symbol": "BTC-USD"}, {"trade_id": 848259837, "side": "buy", "size": "0.00006847", "price": "119037.50000000", "time": "2025-07-13T15:10:30.779859Z", "fetched_at": "2025-07-13T15:10:49.430175+00:00", "symbol": "BTC-USD"}, {"trade_id": 848259836, "side": "buy", "size": "0.00001569", "price": "119037.52000000", "time": "2025-07-13T15:10:30.779859Z", "fetched_at": "2025-07-13T15:10:49.430175+00:00", "symbol": "BTC-USD"}, {"trade_id": 848259835, "side": "sell", "size": "0.00004780", "price": "119051.90000000", "time": "2025-07-13T15:10:30.706010Z", "fetched_at": "2025-07-13T15:10:49.430175+00:00", "symbol": "BTC-USD"}, {"trade_id": 848259834, "side": "sell", "size": "0.00077826", "price": "119051.98000000", "time": "2025-07-13T15:10:30.407323Z", "fetched_at": "2025-07-13T15:10:49.430175+00:00", "symbol": "BTC-USD"}, {"trade_id": 848259833, "side": "sell", "size": "0.00005334", "price": "119051.97000000", "time": "2025-07-13T15:10:30.407323Z", "fetched_at": "2025-07-13T15:10:49.430175+00:00", "symbol": "BTC-USD"}, {"trade_id": 848259832, "side": "sell", "size": "0.00204071", "price": "119039.53000000", "time": "2025-07-13T15:10:29.758248Z", "fetched_at": "2025-07-13T15:10:49.430175+00:00", "symbol": "BTC-USD"}, {"trade_id": 848259831, "side": "sell", "size": "0.00159927", "price": "119052.03000000", "time": "2025-07-13T15:10:29.209211Z", "fetched_at": "2025-07-13T15:10:49.430175+00:00", "symbol": "BTC-USD"}, {"trade_id": 848259830, "side": "sell", "size": "0.00006416", "price": "119052.02000000", "time": "2025-07-13T15:10:29.209211Z", "fetched_at": "2025-07-13T15:10:49.430175+00:00", "symbol": "BTC-USD"}, {"trade_id": 848259829, "side": "sell", "size": "0.01525478", "price": "119051.23000000", "time": "2025-07-13T15:10:28.543818Z", "fetched_at": "2025-07-13T15:10:49.430175+00:00", "symbol": "BTC-USD"}, {"trade_id": 848259828, "side": "sell", "size": "0.02334155", "price": "119051.03000000", "time": "2025-07-13T15:10:28.543818Z", "fetched_at": "2025-07-13T15:10:49.430175+00:00", "symbol": "BTC-USD"}, {"trade_id": 848259827, "side": "sell", "size": "0.00005283", "price": "119051.00000000", "time": "2025-07-13T15:10:28.543818Z", "fetched_at": "2025-07-13T15:10:49.430175+00:00", "symbol": "BTC-USD"}, {"trade_id": 848259826, "side": "sell", "size": "0.00594697", "price": "119051.03000000", "time": "2025-07-13T15:10:28.443508Z", "fetched_at": "2025-07-13T15:10:49.430175+00:00", "symbol": "BTC-USD"}, {"trade_id": 848259825, "side": "sell", "size": "0.00005303", "price": "119051.02000000", "time": "2025-07-13T15:10:28.443508Z", "fetched_at": "2025-07-13T15:10:49.430175+00:00", "symbol": "BTC-USD"}, {"trade_id": 848259824, "side": "sell", "size": "0.00243236", "price": "119050.77000000", "time": "2025-07-13T15:10:28.159003Z", "fetched_at": "2025-07-13T15:10:49.430175+00:00", "symbol": "BTC-USD"}, {"trade_id": 848259823, "side": "buy", "size": "0.00031280", "price": "119034.24000000", "time": "2025-07-13T15:10:27.457574Z", "fetched_at": "2025-07-13T15:10:49.430175+00:00", "symbol": "BTC-USD"}, {"trade_id": 848259822, "side": "buy", "size": "0.00001357", "price": "119039.38000000", "time": "2025-07-13T15:10:27.457574Z", "fetched_at": "2025-07-13T15:10:49.430175+00:00", "symbol": "BTC-USD"}, {"trade_id": 848259821, "side": "sell", "size": "0.00081631", "price": "119039.39000000", "time": "2025-07-13T15:10:27.454810Z", "fetched_at": "2025-07-13T15:10:49.430175+00:00", "symbol": "BTC-USD"}, {"trade_id": 848259820, "side": "sell", "size": "0.00415806", "price": "119039.01000000", "time": "2025-07-13T15:10:27.233243Z", "fetched_at": "2025-07-13T15:10:49.430175+00:00", "symbol": "BTC-USD"}, {"trade_id": 848259819, "side": "buy", "size": "0.00002728", "price": "119034.43000000", "time": "2025-07-13T15:10:26.877779Z", "fetched_at": "2025-07-13T15:10:49.430175+00:00", "symbol": "BTC-USD"}, {"trade_id": 848259818, "side": "buy", "size": "0.00001294", "price": "119034.44000000", "time": "2025-07-13T15:10:26.877779Z", "fetched_at": "2025-07-13T15:10:49.430175+00:00", "symbol": "BTC-USD"}, {"trade_id": 848259817, "side": "buy", "size": "0.00000344", "price": "119039.44000000", "time": "2025-07-13T15:10:26.877779Z", "fetched_at": "2025-07-13T15:10:49.430175+00:00", "symbol": "BTC-USD"}, {"trade_id": 848259816, "side": "sell", "size": "0.00166309", "price": "119035.25000000", "time": "2025-07-13T15:10:26.432037Z", "fetched_at": "2025-07-13T15:10:49.430175+00:00", "symbol": "BTC-USD"}, {"trade_id": 848259815, "side": "sell", "size": "0.00020788", "price": "119035.25000000", "time": "2025-07-13T15:10:26.209330Z", "fetched_at": "2025-07-13T15:10:49.430175+00:00", "symbol": "BTC-USD"}, {"trade_id": 848259814, "side": "sell", "size": "0.00012239", "price": "119035.25000000", "time": "2025-07-13T15:10:26.173501Z", "fetched_at": "2025-07-13T15:10:49.430175+00:00", "symbol": "BTC-USD"}, {"trade_id": 848259813, "side": "buy", "size": "0.00001397", "price": "119037.89000000", "time": "2025-07-13T15:10:26.168929Z", "fetched_at": "2025-07-13T15:10:49.430175+00:00", "symbol": "BTC-USD"}, {"trade_id": 848259812, "side": "sell", "size": "0.00204071", "price": "119028.45000000", "time": "2025-07-13T15:10:26.079859Z", "fetched_at": "2025-07-13T15:10:49.430175+00:00", "symbol": "BTC-USD"}, {"trade_id": 848259811, "side": "buy", "size": "0.00001503", "price": "119038.74000000", "time": "2025-07-13T15:10:25.674830Z", "fetched_at": "2025-07-13T15:10:49.430175+00:00", "symbol": "BTC-USD"}, {"trade_id": 848259810, "side": "sell", "size": "0.01798274", "price": "119038.75000000", "time": "2025-07-13T15:10:25.286564Z", "fetched_at": "2025-07-13T15:10:49.430175+00:00", "symbol": "BTC-USD"}, {"trade_id": 848259809, "side": "sell", "size": "0.00001034", "price": "119037.89000000", "time": "2025-07-13T15:10:25.286564Z", "fetched_at": "2025-07-13T15:10:49.430175+00:00", "symbol": "BTC-USD"}, {"trade_id": 848259808, "side": "sell", "size": "0.00784503", "price": "119035.18000000", "time": "2025-07-13T15:10:25.286564Z", "fetched_at": "2025-07-13T15:10:49.430175+00:00", "symbol": "BTC-USD"}, {"trade_id": 848259807, "side": "sell", "size": "0.00004157", "price": "119035.18000000", "time": "2025-07-13T15:10:25.286016Z", "fetched_at": "2025-07-13T15:10:49.430175+00:00", "symbol": "BTC-USD"}, {"trade_id": 848259806, "side": "sell", "size": "0.00048579", "price": "119035.18000000", "time": "2025-07-13T15:10:24.990874Z", "fetched_at": "2025-07-13T15:10:49.430175+00:00", "symbol": "BTC-USD"}, {"trade_id": 848259805, "side": "buy", "size": "0.00001795", "price": "119035.17000000", "time": "2025-07-13T15:10:24.512593Z", "fetched_at": "2025-07-13T15:10:49.430175+00:00", "symbol": "BTC-USD"}, {"trade_id": 848259804, "side": "sell", "size": "0.00002848", "price": "119035.18000000", "time": "2025-07-13T15:10:24.506200Z", "fetched_at": "2025-07-13T15:10:49.430175+00:00", "symbol": "BTC-USD"}, {"trade_id": 848259803, "side": "buy", "size": "0.01322426", "price": "119024.58000000", "time": "2025-07-13T15:10:24.377844Z", "fetched_at": "2025-07-13T15:10:49.430175+00:00", "symbol": "BTC-USD"}, {"trade_id": 848259802, "side": "buy", "size": "0.00000117", "price": "119028.08000000", "time": "2025-07-13T15:10:24.377844Z", "fetched_at": "2025-07-13T15:10:49.430175+00:00", "symbol": "BTC-USD"}, {"trade_id": 848259801, "side": "buy", "size": "0.00000344", "price": "119029.72000000", "time": "2025-07-13T15:10:24.377844Z", "fetched_at": "2025-07-13T15:10:49.430175+00:00", "symbol": "BTC-USD"}, {"trade_id": 848259800, "side": "buy", "size": "0.00671907", "price": "119031.92000000", "time": "2025-07-13T15:10:24.377844Z", "fetched_at": "2025-07-13T15:10:49.430175+00:00", "symbol": "BTC-USD"}, {"trade_id": 848259799, "side": "buy", "size": "0.00001795", "price": "119031.93000000", "time": "2025-07-13T15:10:24.377844Z", "fetched_at": "2025-07-13T15:10:49.430175+00:00", "symbol": "BTC-USD"}, {"trade_id": 848259798, "side": "sell", "size": "0.00040803", "price": "119037.89000000", "time": "2025-07-13T15:10:24.110698Z", "fetched_at": "2025-07-13T15:10:49.430175+00:00", "symbol": "BTC-USD"}, {"trade_id": 848259797, "side": "sell", "size": "0.00008106", "price": "119037.89000000", "time": "2025-07-13T15:10:23.996128Z", "fetched_at": "2025-07-13T15:10:49.430175+00:00", "symbol": "BTC-USD"}, {"trade_id": 848259796, "side": "buy", "size": "0.06274767", "price": "119038.10000000", "time": "2025-07-13T15:10:23.511732Z", "fetched_at": "2025-07-13T15:10:49.430175+00:00", "symbol": "BTC-USD"}, {"trade_id": 848259795, "side": "buy", "size": "0.00001683", "price": "119038.10000000", "time": "2025-07-13T15:10:23.511732Z", "fetched_at": "2025-07-13T15:10:49.430175+00:00", "symbol": "BTC-USD"}, {"trade_id": 848259794, "side": "buy", "size": "0.00167974", "price": "119035.35000000", "time": "2025-07-13T15:10:23.211336Z", "fetched_at": "2025-07-13T15:10:49.430175+00:00", "symbol": "BTC-USD"}, {"trade_id": 848259793, "side": "buy", "size": "0.00001683", "price": "119038.10000000", "time": "2025-07-13T15:10:23.211336Z", "fetched_at": "2025-07-13T15:10:49.430175+00:00", "symbol": "BTC-USD"}, {"trade_id": 848259792, "side": "sell", "size": "0.01623560", "price": "119048.24000000", "time": "2025-07-13T15:10:23.096920Z", "fetched_at": "2025-07-13T15:10:49.430175+00:00", "symbol": "BTC-USD"}, {"trade_id": 848259791, "side": "sell", "size": "0.00008666", "price": "119048.23000000", "time": "2025-07-13T15:10:23.096920Z", "fetched_at": "2025-07-13T15:10:49.430175+00:00", "symbol": "BTC-USD"}, {"trade_id": 848259790, "side": "sell", "size": "0.00157617", "price": "119038.82000000", "time": "2025-07-13T15:10:22.922604Z", "fetched_at": "2025-07-13T15:10:49.430175+00:00", "symbol": "BTC-USD"}, {"trade_id": 848259789, "side": "sell", "size": "0.00008666", "price": "119038.81000000", "time": "2025-07-13T15:10:22.922604Z", "fetched_at": "2025-07-13T15:10:49.430175+00:00", "symbol": "BTC-USD"}, {"trade_id": 848259788, "side": "sell", "size": "0.00016629", "price": "119038.82000000", "time": "2025-07-13T15:10:22.832413Z", "fetched_at": "2025-07-13T15:10:49.430175+00:00", "symbol": "BTC-USD"}, {"trade_id": 848259787, "side": "sell", "size": "0.00039675", "price": "119045.28000000", "time": "2025-07-13T15:10:22.169125Z", "fetched_at": "2025-07-13T15:10:49.430175+00:00", "symbol": "BTC-USD"}, {"trade_id": 848259786, "side": "sell", "size": "0.00001128", "price": "119045.27000000", "time": "2025-07-13T15:10:22.169125Z", "fetched_at": "2025-07-13T15:10:49.430175+00:00", "symbol": "BTC-USD"}, {"trade_id": 848259785, "side": "sell", "size": "0.00038645", "price": "119045.26000000", "time": "2025-07-13T15:10:22.147667Z", "fetched_at": "2025-07-13T15:10:49.430175+00:00", "symbol": "BTC-USD"}, {"trade_id": 848259784, "side": "sell", "size": "0.00001128", "price": "119045.25000000", "time": "2025-07-13T15:10:22.147667Z", "fetched_at": "2025-07-13T15:10:49.430175+00:00", "symbol": "BTC-USD"}, {"trade_id": 848259783, "side": "sell", "size": "0.00001033", "price": "119042.96000000", "time": "2025-07-13T15:10:22.147667Z", "fetched_at": "2025-07-13T15:10:49.430175+00:00", "symbol": "BTC-USD"}, {"trade_id": 848259782, "side": "buy", "size": "0.00011959", "price": "119029.73000000", "time": "2025-07-13T15:10:21.785377Z", "fetched_at": "2025-07-13T15:10:49.430175+00:00", "symbol": "BTC-USD"}, {"trade_id": 848259781, "side": "sell", "size": "0.00000008", "price": "119042.94000000", "time": "2025-07-13T15:10:21.431723Z", "fetched_at": "2025-07-13T15:10:49.430175+00:00", "symbol": "BTC-USD"}, {"trade_id": 848259780, "side": "buy", "size": "0.00008199", "price": "119039.55000000", "time": "2025-07-13T15:10:21.175297Z", "fetched_at": "2025-07-13T15:10:49.430175+00:00", "symbol": "BTC-USD"}, {"trade_id": 848259779, "side": "sell", "size": "0.00360184", "price": "119027.98000000", "time": "2025-07-13T15:10:21.128526Z", "fetched_at": "2025-07-13T15:10:49.430175+00:00", "symbol": "BTC-USD"}, {"trade_id": 848259778, "side": "buy", "size": "0.00278374", "price": "119026.42000000", "time": "2025-07-13T15:10:20.811785Z", "fetched_at": "2025-07-13T15:10:49.430175+00:00", "symbol": "BTC-USD"}, {"trade_id": 848259777, "side": "buy", "size": "0.00749659", "price": "119026.43000000", "time": "2025-07-13T15:10:20.811785Z", "fetched_at": "2025-07-13T15:10:49.430175+00:00", "symbol": "BTC-USD"}, {"trade_id": 848259776, "side": "buy", "size": "0.00671967", "price": "119027.05000000", "time": "2025-07-13T15:10:20.811785Z", "fetched_at": "2025-07-13T15:10:49.430175+00:00", "symbol": "BTC-USD"}, {"trade_id": 848259775, "side": "sell", "size": "0.00003036", "price": "119027.98000000", "time": "2025-07-13T15:10:20.809307Z", "fetched_at": "2025-07-13T15:10:49.430175+00:00", "symbol": "BTC-USD"}, {"trade_id": 848259774, "side": "buy", "size": "0.01228033", "price": "119026.43000000", "time": "2025-07-13T15:10:20.783333Z", "fetched_at": "2025-07-13T15:10:49.430175+00:00", "symbol": "BTC-USD"}, {"trade_id": 848259773, "side": "buy", "size": "0.00671967", "price": "119027.04000000", "time": "2025-07-13T15:10:20.783333Z", "fetched_at": "2025-07-13T15:10:49.430175+00:00", "symbol": "BTC-USD"}, {"trade_id": 848259772, "side": "buy", "size": "0.03399000", "price": "119027.97000000", "time": "2025-07-13T15:10:20.753080Z", "fetched_at": "2025-07-13T15:10:49.430175+00:00", "symbol": "BTC-USD"}, {"trade_id": 848259771, "side": "buy", "size": "0.00001000", "price": "119027.97000000", "time": "2025-07-13T15:10:20.753080Z", "fetched_at": "2025-07-13T15:10:49.430175+00:00", "symbol": "BTC-USD"}, {"trade_id": 848259770, "side": "sell", "size": "0.00040809", "price": "119027.98000000", "time": "2025-07-13T15:10:20.705074Z", "fetched_at": "2025-07-13T15:10:49.430175+00:00", "symbol": "BTC-USD"}, {"trade_id": 848259769, "side": "buy", "size": "0.00018753", "price": "119029.00000000", "time": "2025-07-13T15:10:20.549375Z", "fetched_at": "2025-07-13T15:10:49.430175+00:00", "symbol": "BTC-USD"}, {"trade_id": 848259768, "side": "buy", "size": "0.00023660", "price": "119031.48000000", "time": "2025-07-13T15:10:20.549375Z", "fetched_at": "2025-07-13T15:10:49.430175+00:00", "symbol": "BTC-USD"}, {"trade_id": 848259767, "side": "sell", "size": "0.00001648", "price": "119031.49000000", "time": "2025-07-13T15:10:20.533269Z", "fetched_at": "2025-07-13T15:10:49.430175+00:00", "symbol": "BTC-USD"}, {"trade_id": 848259766, "side": "buy", "size": "0.00001000", "price": "119036.90000000", "time": "2025-07-13T15:10:20.274433Z", "fetched_at": "2025-07-13T15:10:49.430175+00:00", "symbol": "BTC-USD"}, {"trade_id": 848259765, "side": "buy", "size": "0.00004336", "price": "119041.10000000", "time": "2025-07-13T15:10:19.744817Z", "fetched_at": "2025-07-13T15:10:49.430175+00:00", "symbol": "BTC-USD"}, {"trade_id": 848259764, "side": "sell", "size": "0.00022033", "price": "119042.96000000", "time": "2025-07-13T15:10:19.645740Z", "fetched_at": "2025-07-13T15:10:49.430175+00:00", "symbol": "BTC-USD"}, {"trade_id": 848259763, "side": "sell", "size": "0.00016635", "price": "119042.96000000", "time": "2025-07-13T15:10:19.218038Z", "fetched_at": "2025-07-13T15:10:49.430175+00:00", "symbol": "BTC-USD"}, {"trade_id": 848259762, "side": "buy", "size": "0.00001000", "price": "119045.83000000", "time": "2025-07-13T15:10:18.696444Z", "fetched_at": "2025-07-13T15:10:49.430175+00:00", "symbol": "BTC-USD"}, {"trade_id": 848259761, "side": "buy", "size": "0.01805138", "price": "119048.25000000", "time": "2025-07-13T15:10:18.547Z", "fetched_at": "2025-07-13T15:10:49.430175+00:00", "symbol": "BTC-USD"}, {"trade_id": 848259760, "side": "buy", "size": "0.00001000", "price": "119054.76000000", "time": "2025-07-13T15:10:17.678204Z", "fetched_at": "2025-07-13T15:10:49.430175+00:00", "symbol": "BTC-USD"}, {"trade_id": 848259759, "side": "buy", "size": "0.00874033", "price": "119056.31000000", "time": "2025-07-13T15:10:17.673751Z", "fetched_at": "2025-07-13T15:10:49.430175+00:00", "symbol": "BTC-USD"}, {"trade_id": 848259758, "side": "buy", "size": "0.01616653", "price": "119056.31000000", "time": "2025-07-13T15:10:17.671082Z", "fetched_at": "2025-07-13T15:10:49.430175+00:00", "symbol": "BTC-USD"}, {"trade_id": 848259757, "side": "buy", "size": "0.09172459", "price": "119056.31000000", "time": "2025-07-13T15:10:17.665771Z", "fetched_at": "2025-07-13T15:10:49.430175+00:00", "symbol": "BTC-USD"}, {"trade_id": 848259756, "side": "buy", "size": "0.00000176", "price": "119056.32000000", "time": "2025-07-13T15:10:17.665771Z", "fetched_at": "2025-07-13T15:10:49.430175+00:00", "symbol": "BTC-USD"}, {"trade_id": 848259755, "side": "buy", "size": "0.00000545", "price": "119056.33000000", "time": "2025-07-13T15:10:17.665771Z", "fetched_at": "2025-07-13T15:10:49.430175+00:00", "symbol": "BTC-USD"}, {"trade_id": 848259754, "side": "buy", "size": "0.00000927", "price": "119056.34000000", "time": "2025-07-13T15:10:17.665771Z", "fetched_at": "2025-07-13T15:10:49.430175+00:00", "symbol": "BTC-USD"}, {"trade_id": 848259753, "side": "buy", "size": "0.00172176", "price": "119056.34000000", "time": "2025-07-13T15:10:17.665771Z", "fetched_at": "2025-07-13T15:10:49.430175+00:00", "symbol": "BTC-USD"}, {"trade_id": 848259752, "side": "sell", "size": "0.00004321", "price": "119068.25000000", "time": "2025-07-13T15:10:16.832408Z", "fetched_at": "2025-07-13T15:10:49.430175+00:00", "symbol": "BTC-USD"}, {"trade_id": 848259751, "side": "sell", "size": "0.00003641", "price": "119068.24000000", "time": "2025-07-13T15:10:16.832408Z", "fetched_at": "2025-07-13T15:10:49.430175+00:00", "symbol": "BTC-USD"}, {"trade_id": 848259750, "side": "sell", "size": "0.01649388", "price": "119068.46000000", "time": "2025-07-13T15:10:16.607109Z", "fetched_at": "2025-07-13T15:10:49.430175+00:00", "symbol": "BTC-USD"}, {"trade_id": 848259749, "side": "sell", "size": "0.00003655", "price": "119068.45000000", "time": "2025-07-13T15:10:16.607109Z", "fetched_at": "2025-07-13T15:10:49.430175+00:00", "symbol": "BTC-USD"}, {"trade_id": 848259748, "side": "sell", "size": "0.00000664", "price": "119056.42000000", "time": "2025-07-13T15:10:16.607109Z", "fetched_at": "2025-07-13T15:10:49.430175+00:00", "symbol": "BTC-USD"}, {"trade_id": 848259747, "side": "sell", "size": "0.00839938", "price": "119056.33000000", "time": "2025-07-13T15:10:16.607109Z", "fetched_at": "2025-07-13T15:10:49.430175+00:00", "symbol": "BTC-USD"}, {"trade_id": 848259746, "side": "buy", "size": "0.00105133", "price": "119056.32000000", "time": "2025-07-13T15:10:16.197346Z", "fetched_at": "2025-07-13T15:10:49.430175+00:00", "symbol": "BTC-USD"}, {"trade_id": 848259745, "side": "buy", "size": "0.00000885", "price": "119056.41000000", "time": "2025-07-13T15:10:16.197346Z", "fetched_at": "2025-07-13T15:10:49.430175+00:00", "symbol": "BTC-USD"}, {"trade_id": 848259744, "side": "buy", "size": "0.17349755", "price": "119056.31000000", "time": "2025-07-13T15:10:16.031949Z", "fetched_at": "2025-07-13T15:10:49.430175+00:00", "symbol": "BTC-USD"}, {"trade_id": 848259743, "side": "buy", "size": "0.00000980", "price": "119056.41000000", "time": "2025-07-13T15:10:16.031949Z", "fetched_at": "2025-07-13T15:10:49.430175+00:00", "symbol": "BTC-USD"}, {"trade_id": 848259742, "side": "buy", "size": "0.00000980", "price": "119059.19000000", "time": "2025-07-13T15:10:16.020492Z", "fetched_at": "2025-07-13T15:10:49.430175+00:00", "symbol": "BTC-USD"}, {"trade_id": 848259741, "side": "buy", "size": "0.00098993", "price": "119059.18000000", "time": "2025-07-13T15:10:16.011177Z", "fetched_at": "2025-07-13T15:10:49.430175+00:00", "symbol": "BTC-USD"}, {"trade_id": 848259740, "side": "sell", "size": "0.00203920", "price": "119058.40000000", "time": "2025-07-13T15:10:15.892612Z", "fetched_at": "2025-07-13T15:10:49.430175+00:00", "symbol": "BTC-USD"}, {"trade_id": 848259739, "side": "sell", "size": "0.00001646", "price": "119058.40000000", "time": "2025-07-13T15:10:15.890313Z", "fetched_at": "2025-07-13T15:10:49.430175+00:00", "symbol": "BTC-USD"}, {"trade_id": 848259738, "side": "sell", "size": "0.00051890", "price": "119071.41000000", "time": "2025-07-13T15:10:15.275759Z", "fetched_at": "2025-07-13T15:10:49.430175+00:00", "symbol": "BTC-USD"}, {"trade_id": 848259737, "side": "sell", "size": "0.00001034", "price": "119067.93000000", "time": "2025-07-13T15:10:15.275759Z", "fetched_at": "2025-07-13T15:10:49.430175+00:00", "symbol": "BTC-USD"}, {"trade_id": 848259736, "side": "sell", "size": "0.00000664", "price": "119063.74000000", "time": "2025-07-13T15:10:15.275759Z", "fetched_at": "2025-07-13T15:10:49.430175+00:00", "symbol": "BTC-USD"}, {"trade_id": 848259735, "side": "sell", "size": "0.00003408", "price": "119058.29000000", "time": "2025-07-13T15:10:15.275759Z", "fetched_at": "2025-07-13T15:10:49.430175+00:00", "symbol": "BTC-USD"}, {"trade_id": 848259734, "side": "buy", "size": "0.00419872", "price": "119062.88000000", "time": "2025-07-13T15:10:15.200617Z", "fetched_at": "2025-07-13T15:10:49.430175+00:00", "symbol": "BTC-USD"}, {"trade_id": 848259733, "side": "buy", "size": "0.00001000", "price": "119063.69000000", "time": "2025-07-13T15:10:15.196715Z", "fetched_at": "2025-07-13T15:10:49.430175+00:00", "symbol": "BTC-USD"}, {"trade_id": 848259732, "side": "buy", "size": "0.00002232", "price": "119063.90000000", "time": "2025-07-13T15:10:15.196715Z", "fetched_at": "2025-07-13T15:10:49.430175+00:00", "symbol": "BTC-USD"}, {"trade_id": 848259731, "side": "buy", "size": "0.00044098", "price": "119063.90000000", "time": "2025-07-13T15:10:15.196715Z", "fetched_at": "2025-07-13T15:10:49.430175+00:00", "symbol": "BTC-USD"}, {"trade_id": 848259730, "side": "buy", "size": "0.00000963", "price": "119064.85000000", "time": "2025-07-13T15:10:15.189949Z", "fetched_at": "2025-07-13T15:10:49.430175+00:00", "symbol": "BTC-USD"}, {"trade_id": 848259729, "side": "buy", "size": "0.00029733", "price": "119064.85000000", "time": "2025-07-13T15:10:15.189949Z", "fetched_at": "2025-07-13T15:10:49.430175+00:00", "symbol": "BTC-USD"}, {"trade_id": 848259728, "side": "buy", "size": "0.00000963", "price": "119067.92000000", "time": "2025-07-13T15:10:15.139664Z", "fetched_at": "2025-07-13T15:10:49.430175+00:00", "symbol": "BTC-USD"}, {"trade_id": 848259727, "side": "sell", "size": "0.00023888", "price": "119064.86000000", "time": "2025-07-13T15:10:15.010878Z", "fetched_at": "2025-07-13T15:10:49.430175+00:00", "symbol": "BTC-USD"}, {"trade_id": 848259726, "side": "sell", "size": "0.00079636", "price": "119064.86000000", "time": "2025-07-13T15:10:14.483882Z", "fetched_at": "2025-07-13T15:10:49.430175+00:00", "symbol": "BTC-USD"}, {"trade_id": 848259725, "side": "sell", "size": "0.00140965", "price": "119067.93000000", "time": "2025-07-13T15:10:13.921294Z", "fetched_at": "2025-07-13T15:10:49.430175+00:00", "symbol": "BTC-USD"}, {"trade_id": 848259724, "side": "sell", "size": "0.02627507", "price": "119082.61000000", "time": "2025-07-13T15:10:12.530188Z", "fetched_at": "2025-07-13T15:10:49.430175+00:00", "symbol": "BTC-USD"}, {"trade_id": 848259723, "side": "sell", "size": "0.00000209", "price": "119082.60000000", "time": "2025-07-13T15:10:12.530188Z", "fetched_at": "2025-07-13T15:10:49.430175+00:00", "symbol": "BTC-USD"}, {"trade_id": 848259722, "side": "sell", "size": "0.00002859", "price": "119082.60000000", "time": "2025-07-13T15:10:12.530188Z", "fetched_at": "2025-07-13T15:10:49.430175+00:00", "symbol": "BTC-USD"}, {"trade_id": 848259721, "side": "sell", "size": "0.00793831", "price": "119069.45000000", "time": "2025-07-13T15:10:12.032662Z", "fetched_at": "2025-07-13T15:10:49.430175+00:00", "symbol": "BTC-USD"}, {"trade_id": 848259720, "side": "buy", "size": "0.04140111", "price": "119071.16000000", "time": "2025-07-13T15:10:11.956871Z", "fetched_at": "2025-07-13T15:10:49.430175+00:00", "symbol": "BTC-USD"}, {"trade_id": 848259719, "side": "buy", "size": "0.02451818", "price": "119072.35000000", "time": "2025-07-13T15:10:11.956871Z", "fetched_at": "2025-07-13T15:10:49.430175+00:00", "symbol": "BTC-USD"}, {"trade_id": 848259718, "side": "buy", "size": "0.00000854", "price": "119072.42000000", "time": "2025-07-13T15:10:11.956871Z", "fetched_at": "2025-07-13T15:10:49.430175+00:00", "symbol": "BTC-USD"}, {"trade_id": 848259717, "side": "sell", "size": "0.00001454", "price": "119074.09000000", "time": "2025-07-13T15:10:11.846994Z", "fetched_at": "2025-07-13T15:10:49.430175+00:00", "symbol": "BTC-USD"}, {"trade_id": 848259716, "side": "buy", "size": "0.00608829", "price": "119072.42000000", "time": "2025-07-13T15:10:11.750493Z", "fetched_at": "2025-07-13T15:10:49.430175+00:00", "symbol": "BTC-USD"}, {"trade_id": 848259715, "side": "buy", "size": "0.00671695", "price": "119072.92000000", "time": "2025-07-13T15:10:11.750493Z", "fetched_at": "2025-07-13T15:10:49.430175+00:00", "symbol": "BTC-USD"}, {"trade_id": 848259714, "side": "buy", "size": "0.03116474", "price": "119072.42000000", "time": "2025-07-13T15:10:11.555077Z", "fetched_at": "2025-07-13T15:10:49.430175+00:00", "symbol": "BTC-USD"}, {"trade_id": 848259713, "side": "buy", "size": "0.00275744", "price": "119072.44000000", "time": "2025-07-13T15:10:11.555077Z", "fetched_at": "2025-07-13T15:10:49.430175+00:00", "symbol": "BTC-USD"}, {"trade_id": 848259712, "side": "buy", "size": "0.00042403", "price": "119072.44000000", "time": "2025-07-13T15:10:11.154967Z", "fetched_at": "2025-07-13T15:10:49.430175+00:00", "symbol": "BTC-USD"}, {"trade_id": 848259711, "side": "sell", "size": "0.00001671", "price": "119087.83000000", "time": "2025-07-13T15:10:10.738355Z", "fetched_at": "2025-07-13T15:10:49.430175+00:00", "symbol": "BTC-USD"}, {"trade_id": 848259710, "side": "buy", "size": "0.00131990", "price": "119078.04000000", "time": "2025-07-13T15:10:10.706186Z", "fetched_at": "2025-07-13T15:10:49.430175+00:00", "symbol": "BTC-USD"}, {"trade_id": 848259709, "side": "sell", "size": "0.00000915", "price": "119088.52000000", "time": "2025-07-13T15:10:10.364507Z", "fetched_at": "2025-07-13T15:10:49.430175+00:00", "symbol": "BTC-USD"}, {"trade_id": 848259708, "side": "buy", "size": "0.03166254", "price": "119084.15000000", "time": "2025-07-13T15:10:10.095729Z", "fetched_at": "2025-07-13T15:10:49.430175+00:00", "symbol": "BTC-USD"}, {"trade_id": 848259707, "side": "buy", "size": "0.00287523", "price": "119085.18000000", "time": "2025-07-13T15:10:10.089087Z", "fetched_at": "2025-07-13T15:10:49.430175+00:00", "symbol": "BTC-USD"}, {"trade_id": 848259706, "side": "buy", "size": "0.00000893", "price": "119091.78000000", "time": "2025-07-13T15:10:10.082850Z", "fetched_at": "2025-07-13T15:10:49.430175+00:00", "symbol": "BTC-USD"}, {"trade_id": 848259705, "side": "buy", "size": "0.00111944", "price": "119091.70000000", "time": "2025-07-13T15:10:10.072536Z", "fetched_at": "2025-07-13T15:10:49.430175+00:00", "symbol": "BTC-USD"}, {"trade_id": 848259704, "side": "buy", "size": "0.00108382", "price": "119091.71000000", "time": "2025-07-13T15:10:10.072536Z", "fetched_at": "2025-07-13T15:10:49.430175+00:00", "symbol": "BTC-USD"}, {"trade_id": 848259703, "side": "buy", "size": "0.00081287", "price": "119091.75000000", "time": "2025-07-13T15:10:10.072536Z", "fetched_at": "2025-07-13T15:10:49.430175+00:00", "symbol": "BTC-USD"}, {"trade_id": 848259702, "side": "buy", "size": "0.00098280", "price": "119091.77000000", "time": "2025-07-13T15:10:10.072536Z", "fetched_at": "2025-07-13T15:10:49.430175+00:00", "symbol": "BTC-USD"}, {"trade_id": 848259701, "side": "buy", "size": "0.00000893", "price": "119091.78000000", "time": "2025-07-13T15:10:10.072536Z", "fetched_at": "2025-07-13T15:10:49.430175+00:00", "symbol": "BTC-USD"}, {"trade_id": 848259700, "side": "sell", "size": "0.00072340", "price": "119090.99000000", "time": "2025-07-13T15:10:09.547517Z", "fetched_at": "2025-07-13T15:10:49.430175+00:00", "symbol": "BTC-USD"}, {"trade_id": 848259699, "side": "sell", "size": "0.00001033", "price": "119084.15000000", "time": "2025-07-13T15:10:09.547517Z", "fetched_at": "2025-07-13T15:10:49.430175+00:00", "symbol": "BTC-USD"}, {"trade_id": 848259698, "side": "sell", "size": "0.00191440", "price": "119084.15000000", "time": "2025-07-13T15:10:09.125016Z", "fetched_at": "2025-07-13T15:10:49.430175+00:00", "symbol": "BTC-USD"}, {"trade_id": 848259697, "side": "sell", "size": "0.00001824", "price": "119084.15000000", "time": "2025-07-13T15:10:09.091553Z", "fetched_at": "2025-07-13T15:10:49.430175+00:00", "symbol": "BTC-USD"}, {"trade_id": 848259696, "side": "buy", "size": "0.00000151", "price": "119084.14000000", "time": "2025-07-13T15:10:08.976205Z", "fetched_at": "2025-07-13T15:10:49.430175+00:00", "symbol": "BTC-USD"}, {"trade_id": 848259695, "side": "buy", "size": "0.05361148", "price": "119084.14000000", "time": "2025-07-13T15:10:08.976205Z", "fetched_at": "2025-07-13T15:10:49.430175+00:00", "symbol": "BTC-USD"}, {"trade_id": 848259694, "side": "buy", "size": "0.00000058", "price": "119085.64000000", "time": "2025-07-13T15:10:08.967542Z", "fetched_at": "2025-07-13T15:10:49.430175+00:00", "symbol": "BTC-USD"}, {"trade_id": 848259693, "side": "buy", "size": "0.00000902", "price": "119090.98000000", "time": "2025-07-13T15:10:08.967542Z", "fetched_at": "2025-07-13T15:10:49.430175+00:00", "symbol": "BTC-USD"}, {"trade_id": 848259692, "side": "buy", "size": "0.00000344", "price": "119090.99000000", "time": "2025-07-13T15:10:08.906585Z", "fetched_at": "2025-07-13T15:10:49.430175+00:00", "symbol": "BTC-USD"}, {"trade_id": 848259691, "side": "buy", "size": "0.00001041", "price": "119090.99000000", "time": "2025-07-13T15:10:08.903172Z", "fetched_at": "2025-07-13T15:10:49.430175+00:00", "symbol": "BTC-USD"}, {"trade_id": 848259690, "side": "buy", "size": "0.00000900", "price": "119090.99000000", "time": "2025-07-13T15:10:08.903172Z", "fetched_at": "2025-07-13T15:10:49.430175+00:00", "symbol": "BTC-USD"}, {"trade_id": 848259689, "side": "sell", "size": "0.00002471", "price": "119091.00000000", "time": "2025-07-13T15:10:08.545538Z", "fetched_at": "2025-07-13T15:10:49.430175+00:00", "symbol": "BTC-USD"}, {"trade_id": 848259688, "side": "buy", "size": "0.00379725", "price": "119071.30000000", "time": "2025-07-13T15:10:08.514500Z", "fetched_at": "2025-07-13T15:10:49.430175+00:00", "symbol": "BTC-USD"}, {"trade_id": 848259687, "side": "buy", "size": "0.00001000", "price": "119072.62000000", "time": "2025-07-13T15:10:08.514500Z", "fetched_at": "2025-07-13T15:10:49.430175+00:00", "symbol": "BTC-USD"}, {"trade_id": 848259686, "side": "buy", "size": "0.00000898", "price": "119085.49000000", "time": "2025-07-13T15:10:08.514500Z", "fetched_at": "2025-07-13T15:10:49.430175+00:00", "symbol": "BTC-USD"}, {"trade_id": 848259685, "side": "buy", "size": "0.00935629", "price": "119073.65000000", "time": "2025-07-13T15:10:08.453525Z", "fetched_at": "2025-07-13T15:10:49.430175+00:00", "symbol": "BTC-USD"}, {"trade_id": 848259684, "side": "buy", "size": "0.00028774", "price": "119072.70000000", "time": "2025-07-13T15:10:08.183177Z", "fetched_at": "2025-07-13T15:10:49.430175+00:00", "symbol": "BTC-USD"}, {"trade_id": 848259683, "side": "buy", "size": "0.00000894", "price": "119072.70000000", "time": "2025-07-13T15:10:08.183177Z", "fetched_at": "2025-07-13T15:10:49.430175+00:00", "symbol": "BTC-USD"}, {"trade_id": 848259682, "side": "sell", "size": "0.01552036", "price": "119091.02000000", "time": "2025-07-13T15:10:07.962204Z", "fetched_at": "2025-07-13T15:10:49.430175+00:00", "symbol": "BTC-USD"}, {"trade_id": 848259681, "side": "sell", "size": "0.00000268", "price": "119089.25000000", "time": "2025-07-13T15:10:07.962204Z", "fetched_at": "2025-07-13T15:10:49.430175+00:00", "symbol": "BTC-USD"}, {"trade_id": 848259680, "side": "sell", "size": "0.00062536", "price": "119082.11000000", "time": "2025-07-13T15:10:07.962204Z", "fetched_at": "2025-07-13T15:10:49.430175+00:00", "symbol": "BTC-USD"}, {"trade_id": 848259679, "side": "sell", "size": "0.03500000", "price": "119082.10000000", "time": "2025-07-13T15:10:07.962204Z", "fetched_at": "2025-07-13T15:10:49.430175+00:00", "symbol": "BTC-USD"}, {"trade_id": 848259678, "side": "sell", "size": "0.00046902", "price": "119081.59000000", "time": "2025-07-13T15:10:07.962204Z", "fetched_at": "2025-07-13T15:10:49.430175+00:00", "symbol": "BTC-USD"}, {"trade_id": 848259677, "side": "sell", "size": "0.00332943", "price": "119081.30000000", "time": "2025-07-13T15:10:07.962204Z", "fetched_at": "2025-07-13T15:10:49.430175+00:00", "symbol": "BTC-USD"}, {"trade_id": 848259676, "side": "sell", "size": "0.00035176", "price": "119081.09000000", "time": "2025-07-13T15:10:07.962204Z", "fetched_at": "2025-07-13T15:10:49.430175+00:00", "symbol": "BTC-USD"}, {"trade_id": 848259675, "side": "buy", "size": "0.11846024", "price": "119076.55000000", "time": "2025-07-13T15:10:07.923271Z", "fetched_at": "2025-07-13T15:10:49.430175+00:00", "symbol": "BTC-USD"}, {"trade_id": 848259674, "side": "buy", "size": "0.00071644", "price": "119076.55000000", "time": "2025-07-13T15:10:07.903041Z", "fetched_at": "2025-07-13T15:10:49.430175+00:00", "symbol": "BTC-USD"}, {"trade_id": 848259673, "side": "buy", "size": "0.00001000", "price": "119081.55000000", "time": "2025-07-13T15:10:07.900888Z", "fetched_at": "2025-07-13T15:10:49.430175+00:00", "symbol": "BTC-USD"}, {"trade_id": 848259672, "side": "buy", "size": "0.01818519", "price": "119082.97000000", "time": "2025-07-13T15:10:07.900888Z", "fetched_at": "2025-07-13T15:10:49.430175+00:00", "symbol": "BTC-USD"}, {"trade_id": 848259671, "side": "buy", "size": "0.06274767", "price": "119083.64000000", "time": "2025-07-13T15:10:07.880809Z", "fetched_at": "2025-07-13T15:10:49.430175+00:00", "symbol": "BTC-USD"}, {"trade_id": 848259670, "side": "buy", "size": "0.00000344", "price": "119083.71000000", "time": "2025-07-13T15:10:07.880809Z", "fetched_at": "2025-07-13T15:10:49.430175+00:00", "symbol": "BTC-USD"}, {"trade_id": 848259669, "side": "buy", "size": "0.00000117", "price": "119083.71000000", "time": "2025-07-13T15:10:07.880809Z", "fetched_at": "2025-07-13T15:10:49.430175+00:00", "symbol": "BTC-USD"}, {"trade_id": 848259668, "side": "buy", "size": "0.01937927", "price": "119084.13000000", "time": "2025-07-13T15:10:07.880809Z", "fetched_at": "2025-07-13T15:10:49.430175+00:00", "symbol": "BTC-USD"}, {"trade_id": 848259667, "side": "buy", "size": "0.06470739", "price": "119084.14000000", "time": "2025-07-13T15:10:07.880809Z", "fetched_at": "2025-07-13T15:10:49.430175+00:00", "symbol": "BTC-USD"}, {"trade_id": 848259666, "side": "buy", "size": "0.06601928", "price": "119084.14000000", "time": "2025-07-13T15:10:07.880809Z", "fetched_at": "2025-07-13T15:10:49.430175+00:00", "symbol": "BTC-USD"}, {"trade_id": 848259665, "side": "buy", "size": "0.04165562", "price": "119084.15000000", "time": "2025-07-13T15:10:07.880809Z", "fetched_at": "2025-07-13T15:10:49.430175+00:00", "symbol": "BTC-USD"}, {"trade_id": 848259664, "side": "sell", "size": "0.00008290", "price": "119086.25000000", "time": "2025-07-13T15:10:07.777395Z", "fetched_at": "2025-07-13T15:10:49.430175+00:00", "symbol": "BTC-USD"}, {"trade_id": 848259663, "side": "sell", "size": "0.00019985", "price": "119086.25000000", "time": "2025-07-13T15:10:07.762374Z", "fetched_at": "2025-07-13T15:10:49.430175+00:00", "symbol": "BTC-USD"}, {"trade_id": 848259662, "side": "buy", "size": "0.01496345", "price": "119085.02000000", "time": "2025-07-13T15:10:07.467827Z", "fetched_at": "2025-07-13T15:10:49.430175+00:00", "symbol": "BTC-USD"}, {"trade_id": 848259661, "side": "buy", "size": "0.01159850", "price": "119085.05000000", "time": "2025-07-13T15:10:07.467827Z", "fetched_at": "2025-07-13T15:10:49.430175+00:00", "symbol": "BTC-USD"}, {"trade_id": 848259660, "side": "buy", "size": "0.00000918", "price": "119089.24000000", "time": "2025-07-13T15:10:07.467827Z", "fetched_at": "2025-07-13T15:10:49.430175+00:00", "symbol": "BTC-USD"}, {"trade_id": 848259659, "side": "sell", "size": "0.00101252", "price": "119089.25000000", "time": "2025-07-13T15:10:07.278816Z", "fetched_at": "2025-07-13T15:10:49.430175+00:00", "symbol": "BTC-USD"}, {"trade_id": 848259658, "side": "buy", "size": "0.00671590", "price": "119093.04000000", "time": "2025-07-13T15:10:07.208415Z", "fetched_at": "2025-07-13T15:10:49.430175+00:00", "symbol": "BTC-USD"}, {"trade_id": 848259657, "side": "buy", "size": "0.04352282", "price": "119095.08000000", "time": "2025-07-13T15:10:07.208415Z", "fetched_at": "2025-07-13T15:10:49.430175+00:00", "symbol": "BTC-USD"}, {"trade_id": 848259656, "side": "buy", "size": "0.03014322", "price": "119095.09000000", "time": "2025-07-13T15:10:07.208415Z", "fetched_at": "2025-07-13T15:10:49.430175+00:00", "symbol": "BTC-USD"}, {"trade_id": 848259655, "side": "buy", "size": "0.00000449", "price": "119095.08000000", "time": "2025-07-13T15:10:06.817562Z", "fetched_at": "2025-07-13T15:10:49.430175+00:00", "symbol": "BTC-USD"}, {"trade_id": 848259654, "side": "buy", "size": "0.00000930", "price": "119099.68000000", "time": "2025-07-13T15:10:06.800050Z", "fetched_at": "2025-07-13T15:10:49.430175+00:00", "symbol": "BTC-USD"}, {"trade_id": 848259653, "side": "buy", "size": "0.06227198", "price": "119099.68000000", "time": "2025-07-13T15:10:06.797144Z", "fetched_at": "2025-07-13T15:10:49.430175+00:00", "symbol": "BTC-USD"}, {"trade_id": 848259652, "side": "sell", "size": "0.00000103", "price": "119099.69000000", "time": "2025-07-13T15:10:05.959944Z", "fetched_at": "2025-07-13T15:10:49.430175+00:00", "symbol": "BTC-USD"}, {"trade_id": 848259651, "side": "buy", "size": "0.00007951", "price": "119098.92000000", "time": "2025-07-13T15:10:05.306870Z", "fetched_at": "2025-07-13T15:10:49.430175+00:00", "symbol": "BTC-USD"}, {"trade_id": 848259650, "side": "sell", "size": "0.00012856", "price": "119109.39000000", "time": "2025-07-13T15:10:05.255984Z", "fetched_at": "2025-07-13T15:10:49.430175+00:00", "symbol": "BTC-USD"}, {"trade_id": 848259649, "side": "sell", "size": "0.00008662", "price": "119109.38000000", "time": "2025-07-13T15:10:05.255984Z", "fetched_at": "2025-07-13T15:10:49.430175+00:00", "symbol": "BTC-USD"}, {"trade_id": 848259648, "side": "sell", "size": "0.00852492", "price": "119119.88000000", "time": "2025-07-13T15:10:05.172307Z", "fetched_at": "2025-07-13T15:10:49.430175+00:00", "symbol": "BTC-USD"}, {"trade_id": 848259647, "side": "sell", "size": "0.00000293", "price": "119113.12000000", "time": "2025-07-13T15:10:05.172307Z", "fetched_at": "2025-07-13T15:10:49.430175+00:00", "symbol": "BTC-USD"}, {"trade_id": 848259646, "side": "sell", "size": "0.03165575", "price": "119106.09000000", "time": "2025-07-13T15:10:05.172307Z", "fetched_at": "2025-07-13T15:10:49.430175+00:00", "symbol": "BTC-USD"}, {"trade_id": 848259645, "side": "sell", "size": "0.00008662", "price": "119106.08000000", "time": "2025-07-13T15:10:05.172307Z", "fetched_at": "2025-07-13T15:10:49.430175+00:00", "symbol": "BTC-USD"}, {"trade_id": 848259644, "side": "sell", "size": "0.00001687", "price": "119098.14000000", "time": "2025-07-13T15:10:05.172307Z", "fetched_at": "2025-07-13T15:10:49.430175+00:00", "symbol": "BTC-USD"}, {"trade_id": 848259643, "side": "sell", "size": "0.00839656", "price": "119096.30000000", "time": "2025-07-13T15:10:05.172307Z", "fetched_at": "2025-07-13T15:10:49.430175+00:00", "symbol": "BTC-USD"}, {"trade_id": 848259642, "side": "sell", "size": "0.00000656", "price": "119096.30000000", "time": "2025-07-13T15:10:05.172307Z", "fetched_at": "2025-07-13T15:10:49.430175+00:00", "symbol": "BTC-USD"}, {"trade_id": 848259641, "side": "sell", "size": "0.00000008", "price": "119096.30000000", "time": "2025-07-13T15:10:04.942278Z", "fetched_at": "2025-07-13T15:10:49.430175+00:00", "symbol": "BTC-USD"}, {"trade_id": 848259640, "side": "sell", "size": "0.00122380", "price": "119096.08000000", "time": "2025-07-13T15:10:04.775525Z", "fetched_at": "2025-07-13T15:10:49.430175+00:00", "symbol": "BTC-USD"}, {"trade_id": 848259639, "side": "sell", "size": "0.00081630", "price": "119096.08000000", "time": "2025-07-13T15:10:04.775169Z", "fetched_at": "2025-07-13T15:10:49.430175+00:00", "symbol": "BTC-USD"}, {"trade_id": 848259638, "side": "sell", "size": "0.00001034", "price": "119096.08000000", "time": "2025-07-13T15:10:04.775169Z", "fetched_at": "2025-07-13T15:10:49.430175+00:00", "symbol": "BTC-USD"}, {"trade_id": 848259637, "side": "sell", "size": "0.00083207", "price": "119096.08000000", "time": "2025-07-13T15:10:04.477814Z", "fetched_at": "2025-07-13T15:10:49.430175+00:00", "symbol": "BTC-USD"}, {"trade_id": 848259636, "side": "sell", "size": "0.00003982", "price": "119096.08000000", "time": "2025-07-13T15:10:03.242054Z", "fetched_at": "2025-07-13T15:10:49.430175+00:00", "symbol": "BTC-USD"}, {"trade_id": 848259635, "side": "sell", "size": "0.00004156", "price": "119096.08000000", "time": "2025-07-13T15:10:03.181296Z", "fetched_at": "2025-07-13T15:10:49.430175+00:00", "symbol": "BTC-USD"}, {"trade_id": 848259634, "side": "sell", "size": "0.00022305", "price": "119096.10000000", "time": "2025-07-13T15:10:02.871385Z", "fetched_at": "2025-07-13T15:10:49.430175+00:00", "symbol": "BTC-USD"}, {"trade_id": 848259633, "side": "buy", "size": "0.00042403", "price": "119096.08000000", "time": "2025-07-13T15:10:02.625794Z", "fetched_at": "2025-07-13T15:10:49.430175+00:00", "symbol": "BTC-USD"}, {"trade_id": 848259632, "side": "buy", "size": "0.00079591", "price": "119096.08000000", "time": "2025-07-13T15:10:02.426168Z", "fetched_at": "2025-07-13T15:10:49.430175+00:00", "symbol": "BTC-USD"}, {"trade_id": 848259631, "side": "buy", "size": "0.00025438", "price": "119096.11000000", "time": "2025-07-13T15:10:01.968341Z", "fetched_at": "2025-07-13T15:10:49.430175+00:00", "symbol": "BTC-USD"}, {"trade_id": 848259630, "side": "buy", "size": "0.00000008", "price": "119096.05000000", "time": "2025-07-13T15:10:01.152564Z", "fetched_at": "2025-07-13T15:10:49.430175+00:00", "symbol": "BTC-USD"}, {"trade_id": 848259629, "side": "buy", "size": "0.01159268", "price": "119096.04000000", "time": "2025-07-13T15:10:01.129596Z", "fetched_at": "2025-07-13T15:10:49.430175+00:00", "symbol": "BTC-USD"}, {"trade_id": 848259628, "side": "buy", "size": "0.00231389", "price": "119096.05000000", "time": "2025-07-13T15:10:01.129596Z", "fetched_at": "2025-07-13T15:10:49.430175+00:00", "symbol": "BTC-USD"}, {"trade_id": 848259627, "side": "buy", "size": "0.00103914", "price": "119099.58000000", "time": "2025-07-13T15:10:01.129596Z", "fetched_at": "2025-07-13T15:10:49.430175+00:00", "symbol": "BTC-USD"}, {"trade_id": 848259626, "side": "buy", "size": "0.00184737", "price": "119099.69000000", "time": "2025-07-13T15:10:01.129596Z", "fetched_at": "2025-07-13T15:10:49.430175+00:00", "symbol": "BTC-USD"}, {"trade_id": 848259625, "side": "buy", "size": "0.00260515", "price": "119099.71000000", "time": "2025-07-13T15:10:00.953594Z", "fetched_at": "2025-07-13T15:10:49.430175+00:00", "symbol": "BTC-USD"}, {"trade_id": 848259624, "side": "sell", "size": "0.02922868", "price": "119113.10000000", "time": "2025-07-13T15:10:00.678421Z", "fetched_at": "2025-07-13T15:10:49.430175+00:00", "symbol": "BTC-USD"}, {"trade_id": 848259623, "side": "sell", "size": "0.00319219", "price": "119112.95000000", "time": "2025-07-13T15:10:00.678421Z", "fetched_at": "2025-07-13T15:10:49.430175+00:00", "symbol": "BTC-USD"}, {"trade_id": 848259622, "side": "sell", "size": "0.00005565", "price": "119112.94000000", "time": "2025-07-13T15:10:00.678421Z", "fetched_at": "2025-07-13T15:10:49.430175+00:00", "symbol": "BTC-USD"}, {"trade_id": 848259621, "side": "sell", "size": "0.00832146", "price": "119098.86000000", "time": "2025-07-13T15:10:00.678421Z", "fetched_at": "2025-07-13T15:10:49.430175+00:00", "symbol": "BTC-USD"}, {"trade_id": 848259620, "side": "sell", "size": "0.00007492", "price": "119098.86000000", "time": "2025-07-13T15:10:00.460212Z", "fetched_at": "2025-07-13T15:10:49.430175+00:00", "symbol": "BTC-USD"}, {"trade_id": 848259619, "side": "buy", "size": "0.00000034", "price": "119095.16000000", "time": "2025-07-13T15:10:00.425550Z", "fetched_at": "2025-07-13T15:10:49.430175+00:00", "symbol": "BTC-USD"}, {"trade_id": 848259618, "side": "sell", "size": "0.00032240", "price": "119113.02000000", "time": "2025-07-13T15:10:00.368875Z", "fetched_at": "2025-07-13T15:10:49.430175+00:00", "symbol": "BTC-USD"}, {"trade_id": 848259617, "side": "sell", "size": "0.00005565", "price": "119113.01000000", "time": "2025-07-13T15:10:00.368875Z", "fetched_at": "2025-07-13T15:10:49.430175+00:00", "symbol": "BTC-USD"}, {"trade_id": 848259616, "side": "sell", "size": "0.00140412", "price": "119113.13000000", "time": "2025-07-13T15:10:00.198393Z", "fetched_at": "2025-07-13T15:10:49.430175+00:00", "symbol": "BTC-USD"}, {"trade_id": 848259615, "side": "sell", "size": "0.00005565", "price": "119113.12000000", "time": "2025-07-13T15:10:00.198393Z", "fetched_at": "2025-07-13T15:10:49.430175+00:00", "symbol": "BTC-USD"}, {"trade_id": 848259614, "side": "buy", "size": "0.00004559", "price": "119095.09000000", "time": "2025-07-13T15:09:59.774178Z", "fetched_at": "2025-07-13T15:10:49.430175+00:00", "symbol": "BTC-USD"}, {"trade_id": 848259613, "side": "sell", "size": "0.00001507", "price": "119104.85000000", "time": "2025-07-13T15:09:59.299358Z", "fetched_at": "2025-07-13T15:10:49.430175+00:00", "symbol": "BTC-USD"}, {"trade_id": 848259612, "side": "sell", "size": "0.00001033", "price": "119093.65000000", "time": "2025-07-13T15:09:59.299358Z", "fetched_at": "2025-07-13T15:10:49.430175+00:00", "symbol": "BTC-USD"}, {"trade_id": 848259611, "side": "sell", "size": "0.00005565", "price": "119093.65000000", "time": "2025-07-13T15:09:59.299358Z", "fetched_at": "2025-07-13T15:10:49.430175+00:00", "symbol": "BTC-USD"}, {"trade_id": 848259610, "side": "sell", "size": "0.00003982", "price": "119093.65000000", "time": "2025-07-13T15:09:58.980574Z", "fetched_at": "2025-07-13T15:10:49.430175+00:00", "symbol": "BTC-USD"}, {"trade_id": 848259609, "side": "sell", "size": "0.00202185", "price": "119112.51000000", "time": "2025-07-13T15:09:58.126505Z", "fetched_at": "2025-07-13T15:10:49.430175+00:00", "symbol": "BTC-USD"}, {"trade_id": 848259608, "side": "sell", "size": "0.00005565", "price": "119112.50000000", "time": "2025-07-13T15:09:58.126505Z", "fetched_at": "2025-07-13T15:10:49.430175+00:00", "symbol": "BTC-USD"}, {"trade_id": 848259607, "side": "sell", "size": "0.04950248", "price": "119126.29000000", "time": "2025-07-13T15:09:56.596756Z", "fetched_at": "2025-07-13T15:10:49.430175+00:00", "symbol": "BTC-USD"}, {"trade_id": 848259606, "side": "sell", "size": "0.13852375", "price": "119126.28000000", "time": "2025-07-13T15:09:56.596756Z", "fetched_at": "2025-07-13T15:10:49.430175+00:00", "symbol": "BTC-USD"}, {"trade_id": 848259605, "side": "sell", "size": "0.00001000", "price": "119126.20000000", "time": "2025-07-13T15:09:56.596756Z", "fetched_at": "2025-07-13T15:10:49.430175+00:00", "symbol": "BTC-USD"}, {"trade_id": 848259604, "side": "sell", "size": "0.01714157", "price": "119125.70000000", "time": "2025-07-13T15:09:56.596756Z", "fetched_at": "2025-07-13T15:10:49.430175+00:00", "symbol": "BTC-USD"}, {"trade_id": 848259603, "side": "sell", "size": "0.04422182", "price": "119125.69000000", "time": "2025-07-13T15:09:56.596756Z", "fetched_at": "2025-07-13T15:10:49.430175+00:00", "symbol": "BTC-USD"}, {"trade_id": 848259602, "side": "sell", "size": "0.00168819", "price": "119124.90000000", "time": "2025-07-13T15:09:56.596756Z", "fetched_at": "2025-07-13T15:10:49.430175+00:00", "symbol": "BTC-USD"}, {"trade_id": 848259601, "side": "sell", "size": "0.00001000", "price": "119117.27000000", "time": "2025-07-13T15:09:56.596756Z", "fetched_at": "2025-07-13T15:10:49.430175+00:00", "symbol": "BTC-USD"}, {"trade_id": 848259600, "side": "sell", "size": "0.06551174", "price": "119116.60000000", "time": "2025-07-13T15:09:56.596756Z", "fetched_at": "2025-07-13T15:10:49.430175+00:00", "symbol": "BTC-USD"}, {"trade_id": 848259599, "side": "sell", "size": "0.02575695", "price": "119111.40000000", "time": "2025-07-13T15:09:56.596756Z", "fetched_at": "2025-07-13T15:10:49.430175+00:00", "symbol": "BTC-USD"}, {"trade_id": 848259598, "side": "sell", "size": "0.00001161", "price": "119111.34000000", "time": "2025-07-13T15:09:56.596756Z", "fetched_at": "2025-07-13T15:10:49.430175+00:00", "symbol": "BTC-USD"}, {"trade_id": 848259597, "side": "sell", "size": "0.06480000", "price": "119111.30000000", "time": "2025-07-13T15:09:56.596756Z", "fetched_at": "2025-07-13T15:10:49.430175+00:00", "symbol": "BTC-USD"}, {"trade_id": 848259596, "side": "sell", "size": "0.00005565", "price": "119102.01000000", "time": "2025-07-13T15:09:56.596756Z", "fetched_at": "2025-07-13T15:10:49.430175+00:00", "symbol": "BTC-USD"}, {"trade_id": 848259595, "side": "sell", "size": "0.00839616", "price": "119101.95000000", "time": "2025-07-13T15:09:56.596756Z", "fetched_at": "2025-07-13T15:10:49.430175+00:00", "symbol": "BTC-USD"}, {"trade_id": 848259594, "side": "sell", "size": "0.00286352", "price": "119111.40000000", "time": "2025-07-13T15:09:55.941538Z", "fetched_at": "2025-07-13T15:10:49.430175+00:00", "symbol": "BTC-USD"}, {"trade_id": 848259593, "side": "sell", "size": "0.00005565", "price": "119111.39000000", "time": "2025-07-13T15:09:55.941538Z", "fetched_at": "2025-07-13T15:10:49.430175+00:00", "symbol": "BTC-USD"}, {"trade_id": 848259592, "side": "sell", "size": "0.00000075", "price": "119103.57000000", "time": "2025-07-13T15:09:55.941538Z", "fetched_at": "2025-07-13T15:10:49.430175+00:00", "symbol": "BTC-USD"}, {"trade_id": 848259591, "side": "buy", "size": "0.00017693", "price": "119097.62000000", "time": "2025-07-13T15:09:55.250493Z", "fetched_at": "2025-07-13T15:10:49.430175+00:00", "symbol": "BTC-USD"}, {"trade_id": 848259590, "side": "buy", "size": "0.00002232", "price": "119097.63000000", "time": "2025-07-13T15:09:55.250493Z", "fetched_at": "2025-07-13T15:10:49.430175+00:00", "symbol": "BTC-USD"}, {"trade_id": 848259589, "side": "buy", "size": "0.00025472", "price": "119097.63000000", "time": "2025-07-13T15:09:55.078900Z", "fetched_at": "2025-07-13T15:10:49.430175+00:00", "symbol": "BTC-USD"}, {"trade_id": 848259588, "side": "buy", "size": "0.00176437", "price": "119097.63000000", "time": "2025-07-13T15:09:54.839068Z", "fetched_at": "2025-07-13T15:10:49.430175+00:00", "symbol": "BTC-USD"}, {"trade_id": 848259587, "side": "buy", "size": "0.00671555", "price": "119097.94000000", "time": "2025-07-13T15:09:54.839068Z", "fetched_at": "2025-07-13T15:10:49.430175+00:00", "symbol": "BTC-USD"}, {"trade_id": 848259586, "side": "sell", "size": "0.00004786", "price": "119103.57000000", "time": "2025-07-13T15:09:54.223116Z", "fetched_at": "2025-07-13T15:10:49.430175+00:00", "symbol": "BTC-USD"}, {"trade_id": 848259585, "side": "sell", "size": "0.00000209", "price": "119103.56000000", "time": "2025-07-13T15:09:54.223116Z", "fetched_at": "2025-07-13T15:10:49.430175+00:00", "symbol": "BTC-USD"}, {"trade_id": 848259584, "side": "sell", "size": "0.00008462", "price": "119101.28000000", "time": "2025-07-13T15:09:54.223116Z", "fetched_at": "2025-07-13T15:10:49.430175+00:00", "symbol": "BTC-USD"}, {"trade_id": 848259583, "side": "sell", "size": "0.00004650", "price": "119103.56000000", "time": "2025-07-13T15:09:54.205921Z", "fetched_at": "2025-07-13T15:10:49.430175+00:00", "symbol": "BTC-USD"}, {"trade_id": 848259582, "side": "sell", "size": "0.00000209", "price": "119100.92000000", "time": "2025-07-13T15:09:54.205921Z", "fetched_at": "2025-07-13T15:10:49.430175+00:00", "symbol": "BTC-USD"}, {"trade_id": 848259581, "side": "sell", "size": "0.00001034", "price": "119098.45000000", "time": "2025-07-13T15:09:54.205921Z", "fetched_at": "2025-07-13T15:10:49.430175+00:00", "symbol": "BTC-USD"}, {"trade_id": 848259580, "side": "buy", "size": "0.00000168", "price": "119098.44000000", "time": "2025-07-13T15:09:54.102670Z", "fetched_at": "2025-07-13T15:10:49.430175+00:00", "symbol": "BTC-USD"}, {"trade_id": 848259579, "side": "sell", "size": "0.00003293", "price": "119098.45000000", "time": "2025-07-13T15:09:54.028262Z", "fetched_at": "2025-07-13T15:10:49.430175+00:00", "symbol": "BTC-USD"}, {"trade_id": 848259578, "side": "sell", "size": "0.00839708", "price": "119089.00000000", "time": "2025-07-13T15:09:53.148472Z", "fetched_at": "2025-07-13T15:10:49.430175+00:00", "symbol": "BTC-USD"}, {"trade_id": 848259577, "side": "sell", "size": "0.00008462", "price": "119083.72000000", "time": "2025-07-13T15:09:53.148472Z", "fetched_at": "2025-07-13T15:10:49.430175+00:00", "symbol": "BTC-USD"}, {"trade_id": 848259576, "side": "sell", "size": "0.00015417", "price": "119084.34000000", "time": "2025-07-13T15:09:52.501557Z", "fetched_at": "2025-07-13T15:10:49.430175+00:00", "symbol": "BTC-USD"}, {"trade_id": 848259575, "side": "sell", "size": "0.00008462", "price": "119083.72000000", "time": "2025-07-13T15:09:52.501557Z", "fetched_at": "2025-07-13T15:10:49.430175+00:00", "symbol": "BTC-USD"}, {"trade_id": 848259574, "side": "sell", "size": "0.00086489", "price": "119093.81000000", "time": "2025-07-13T15:09:50.867428Z", "fetched_at": "2025-07-13T15:10:49.430175+00:00", "symbol": "BTC-USD"}, {"trade_id": 848259573, "side": "sell", "size": "0.00008461", "price": "119083.65000000", "time": "2025-07-13T15:09:50.867428Z", "fetched_at": "2025-07-13T15:10:49.430175+00:00", "symbol": "BTC-USD"}, {"trade_id": 848259572, "side": "sell", "size": "0.00059206", "price": "119093.81000000", "time": "2025-07-13T15:09:50.705608Z", "fetched_at": "2025-07-13T15:10:49.430175+00:00", "symbol": "BTC-USD"}, {"trade_id": 848259571, "side": "sell", "size": "0.00008461", "price": "119086.26000000", "time": "2025-07-13T15:09:50.705608Z", "fetched_at": "2025-07-13T15:10:49.430175+00:00", "symbol": "BTC-USD"}, {"trade_id": 848259570, "side": "sell", "size": "0.00069717", "price": "119115.10000000", "time": "2025-07-13T15:09:49.368571Z", "fetched_at": "2025-07-13T15:10:49.430175+00:00", "symbol": "BTC-USD"}, {"trade_id": 848259569, "side": "sell", "size": "0.00000209", "price": "119111.43000000", "time": "2025-07-13T15:09:49.368571Z", "fetched_at": "2025-07-13T15:10:49.430175+00:00", "symbol": "BTC-USD"}, {"trade_id": 848259568, "side": "sell", "size": "0.00000168", "price": "119106.31000000", "time": "2025-07-13T15:09:49.368571Z", "fetched_at": "2025-07-13T15:10:49.430175+00:00", "symbol": "BTC-USD"}, {"trade_id": 848259567, "side": "sell", "size": "0.00001033", "price": "119105.95000000", "time": "2025-07-13T15:09:49.368571Z", "fetched_at": "2025-07-13T15:10:49.430175+00:00", "symbol": "BTC-USD"}, {"trade_id": 848259566, "side": "sell", "size": "0.00008461", "price": "119097.34000000", "time": "2025-07-13T15:09:49.368571Z", "fetched_at": "2025-07-13T15:10:49.430175+00:00", "symbol": "BTC-USD"}, {"trade_id": 848259565, "side": "sell", "size": "0.00270245", "price": "119099.67000000", "time": "2025-07-13T15:09:48.725534Z", "fetched_at": "2025-07-13T15:10:49.430175+00:00", "symbol": "BTC-USD"}, {"trade_id": 848259564, "side": "sell", "size": "0.00008461", "price": "119099.66000000", "time": "2025-07-13T15:09:48.725534Z", "fetched_at": "2025-07-13T15:10:49.430175+00:00", "symbol": "BTC-USD"}, {"trade_id": 848259563, "side": "buy", "size": "0.01271260", "price": "119086.52000000", "time": "2025-07-13T15:09:48.068504Z", "fetched_at": "2025-07-13T15:10:49.430175+00:00", "symbol": "BTC-USD"}, {"trade_id": 848259562, "side": "buy", "size": "0.00000352", "price": "119096.58000000", "time": "2025-07-13T15:09:48.068504Z", "fetched_at": "2025-07-13T15:10:49.430175+00:00", "symbol": "BTC-USD"}, {"trade_id": 848259561, "side": "buy", "size": "0.00000117", "price": "119096.58000000", "time": "2025-07-13T15:09:48.068504Z", "fetched_at": "2025-07-13T15:10:49.430175+00:00", "symbol": "BTC-USD"}, {"trade_id": 848259560, "side": "sell", "size": "0.00001662", "price": "119105.90000000", "time": "2025-07-13T15:09:47.975564Z", "fetched_at": "2025-07-13T15:10:49.430175+00:00", "symbol": "BTC-USD"}, {"trade_id": 848259559, "side": "sell", "size": "0.00064143", "price": "119106.32000000", "time": "2025-07-13T15:09:47.481829Z", "fetched_at": "2025-07-13T15:10:49.430175+00:00", "symbol": "BTC-USD"}, {"trade_id": 848259558, "side": "sell", "size": "0.00008463", "price": "119106.31000000", "time": "2025-07-13T15:09:47.481829Z", "fetched_at": "2025-07-13T15:10:49.430175+00:00", "symbol": "BTC-USD"}, {"trade_id": 848259557, "side": "sell", "size": "0.00000664", "price": "119096.60000000", "time": "2025-07-13T15:09:47.481829Z", "fetched_at": "2025-07-13T15:10:49.430175+00:00", "symbol": "BTC-USD"}, {"trade_id": 848259556, "side": "buy", "size": "0.00000367", "price": "119099.38000000", "time": "2025-07-13T15:09:47.159945Z", "fetched_at": "2025-07-13T15:10:49.430175+00:00", "symbol": "BTC-USD"}, {"trade_id": 848259555, "side": "buy", "size": "0.00287000", "price": "119099.38000000", "time": "2025-07-13T15:09:47.158082Z", "fetched_at": "2025-07-13T15:10:49.430175+00:00", "symbol": "BTC-USD"}, {"trade_id": 848259554, "side": "buy", "size": "0.03964600", "price": "119099.38000000", "time": "2025-07-13T15:09:47.153361Z", "fetched_at": "2025-07-13T15:10:49.430175+00:00", "symbol": "BTC-USD"}, {"trade_id": 848259553, "side": "buy", "size": "0.00127210", "price": "119087.11000000", "time": "2025-07-13T15:09:46.573094Z", "fetched_at": "2025-07-13T15:10:49.430175+00:00", "symbol": "BTC-USD"}, {"trade_id": 848259552, "side": "buy", "size": "0.00070883", "price": "119096.58000000", "time": "2025-07-13T15:09:46.573094Z", "fetched_at": "2025-07-13T15:10:49.430175+00:00", "symbol": "BTC-USD"}, {"trade_id": 848259551, "side": "sell", "size": "0.06467838", "price": "119087.58000000", "time": "2025-07-13T15:09:46.519001Z", "fetched_at": "2025-07-13T15:10:49.430175+00:00", "symbol": "BTC-USD"}, {"trade_id": 848259550, "side": "sell", "size": "0.00042000", "price": "119087.58000000", "time": "2025-07-13T15:09:46.517549Z", "fetched_at": "2025-07-13T15:10:49.430175+00:00", "symbol": "BTC-USD"}, {"trade_id": 848259549, "side": "sell", "size": "0.00041336", "price": "119087.58000000", "time": "2025-07-13T15:09:46.517175Z", "fetched_at": "2025-07-13T15:10:49.430175+00:00", "symbol": "BTC-USD"}, {"trade_id": 848259548, "side": "sell", "size": "0.00000664", "price": "119084.12000000", "time": "2025-07-13T15:09:46.517175Z", "fetched_at": "2025-07-13T15:10:49.430175+00:00", "symbol": "BTC-USD"}, {"trade_id": 848259547, "side": "sell", "size": "0.00202877", "price": "119078.13000000", "time": "2025-07-13T15:09:46.516969Z", "fetched_at": "2025-07-13T15:10:49.430175+00:00", "symbol": "BTC-USD"}, {"trade_id": 848259546, "side": "sell", "size": "0.04698193", "price": "119078.13000000", "time": "2025-07-13T15:09:46.516172Z", "fetched_at": "2025-07-13T15:10:49.430175+00:00", "symbol": "BTC-USD"}, {"trade_id": 848259545, "side": "sell", "size": "0.08980930", "price": "119078.13000000", "time": "2025-07-13T15:09:46.515780Z", "fetched_at": "2025-07-13T15:10:49.430175+00:00", "symbol": "BTC-USD"}, {"trade_id": 848259544, "side": "sell", "size": "0.00008462", "price": "119078.12000000", "time": "2025-07-13T15:09:46.515780Z", "fetched_at": "2025-07-13T15:10:49.430175+00:00", "symbol": "BTC-USD"}, {"trade_id": 848259543, "side": "buy", "size": "0.00420381", "price": "119073.74000000", "time": "2025-07-13T15:09:46.241093Z", "fetched_at": "2025-07-13T15:10:49.430175+00:00", "symbol": "BTC-USD"}, {"trade_id": 848259542, "side": "buy", "size": "0.00593271", "price": "119072.59000000", "time": "2025-07-13T15:09:46.066287Z", "fetched_at": "2025-07-13T15:10:49.430175+00:00", "symbol": "BTC-USD"}, {"trade_id": 848259541, "side": "buy", "size": "0.00885152", "price": "119084.12000000", "time": "2025-07-13T15:09:46.034548Z", "fetched_at": "2025-07-13T15:10:49.430175+00:00", "symbol": "BTC-USD"}, {"trade_id": 848259540, "side": "buy", "size": "0.00839885", "price": "119084.17000000", "time": "2025-07-13T15:09:45.635852Z", "fetched_at": "2025-07-13T15:10:49.430175+00:00", "symbol": "BTC-USD"}, {"trade_id": 848259539, "side": "sell", "size": "0.00011989", "price": "119093.73000000", "time": "2025-07-13T15:09:45.599162Z", "fetched_at": "2025-07-13T15:10:49.430175+00:00", "symbol": "BTC-USD"}, {"trade_id": 848259538, "side": "sell", "size": "0.00007910", "price": "119093.72000000", "time": "2025-07-13T15:09:45.599162Z", "fetched_at": "2025-07-13T15:10:49.430175+00:00", "symbol": "BTC-USD"}, {"trade_id": 848259537, "side": "buy", "size": "0.00027715", "price": "119092.84000000", "time": "2025-07-13T15:09:45.343373Z", "fetched_at": "2025-07-13T15:10:49.430175+00:00", "symbol": "BTC-USD"}, {"trade_id": 848259536, "side": "buy", "size": "0.00167883", "price": "119097.97000000", "time": "2025-07-13T15:09:45.078768Z", "fetched_at": "2025-07-13T15:10:49.430175+00:00", "symbol": "BTC-USD"}, {"trade_id": 848259535, "side": "sell", "size": "0.00001662", "price": "119089.07000000", "time": "2025-07-13T15:09:44.551836Z", "fetched_at": "2025-07-13T15:10:49.430175+00:00", "symbol": "BTC-USD"}, {"trade_id": 848259534, "side": "buy", "size": "0.00000689", "price": "119085.62000000", "time": "2025-07-13T15:09:44.409865Z", "fetched_at": "2025-07-13T15:10:49.430175+00:00", "symbol": "BTC-USD"}, {"trade_id": 848259533, "side": "sell", "size": "0.01230276", "price": "119102.78000000", "time": "2025-07-13T15:09:44.291011Z", "fetched_at": "2025-07-13T15:10:49.430175+00:00", "symbol": "BTC-USD"}, {"trade_id": 848259532, "side": "sell", "size": "0.00470227", "price": "119100.57000000", "time": "2025-07-13T15:09:44.291011Z", "fetched_at": "2025-07-13T15:10:49.430175+00:00", "symbol": "BTC-USD"}, {"trade_id": 848259531, "side": "sell", "size": "0.02893280", "price": "119093.88000000", "time": "2025-07-13T15:09:44.291011Z", "fetched_at": "2025-07-13T15:10:49.430175+00:00", "symbol": "BTC-USD"}, {"trade_id": 848259530, "side": "sell", "size": "0.00008462", "price": "119093.87000000", "time": "2025-07-13T15:09:44.291011Z", "fetched_at": "2025-07-13T15:10:49.430175+00:00", "symbol": "BTC-USD"}, {"trade_id": 848259529, "side": "sell", "size": "0.00002949", "price": "119085.41000000", "time": "2025-07-13T15:09:44.185145Z", "fetched_at": "2025-07-13T15:10:49.430175+00:00", "symbol": "BTC-USD"}, {"trade_id": 848259528, "side": "sell", "size": "0.00001034", "price": "119084.13000000", "time": "2025-07-13T15:09:44.185145Z", "fetched_at": "2025-07-13T15:10:49.430175+00:00", "symbol": "BTC-USD"}, {"trade_id": 848259527, "side": "buy", "size": "0.00001000", "price": "119099.41000000", "time": "2025-07-13T15:09:43.022754Z", "fetched_at": "2025-07-13T15:10:49.430175+00:00", "symbol": "BTC-USD"}, {"trade_id": 848259526, "side": "buy", "size": "0.02496397", "price": "119108.24000000", "time": "2025-07-13T15:09:42.942953Z", "fetched_at": "2025-07-13T15:10:49.430175+00:00", "symbol": "BTC-USD"}, {"trade_id": 848259525, "side": "buy", "size": "0.00041929", "price": "119111.42000000", "time": "2025-07-13T15:09:42.405618Z", "fetched_at": "2025-07-13T15:10:49.430175+00:00", "symbol": "BTC-USD"}, {"trade_id": 848259524, "side": "buy", "size": "0.00000344", "price": "119119.45000000", "time": "2025-07-13T15:09:42.405618Z", "fetched_at": "2025-07-13T15:10:49.430175+00:00", "symbol": "BTC-USD"}, {"trade_id": 848259523, "side": "buy", "size": "0.00000117", "price": "119119.45000000", "time": "2025-07-13T15:09:42.405618Z", "fetched_at": "2025-07-13T15:10:49.430175+00:00", "symbol": "BTC-USD"}, {"trade_id": 848259522, "side": "sell", "size": "0.00743973", "price": "119119.74000000", "time": "2025-07-13T15:09:42.270628Z", "fetched_at": "2025-07-13T15:10:49.430175+00:00", "symbol": "BTC-USD"}, {"trade_id": 848259521, "side": "sell", "size": "0.00006629", "price": "119119.46000000", "time": "2025-07-13T15:09:42.270628Z", "fetched_at": "2025-07-13T15:10:49.430175+00:00", "symbol": "BTC-USD"}, {"trade_id": 848259520, "side": "sell", "size": "0.00015934", "price": "119124.33000000", "time": "2025-07-13T15:09:40.942874Z", "fetched_at": "2025-07-13T15:10:49.430175+00:00", "symbol": "BTC-USD"}, {"trade_id": 848259519, "side": "buy", "size": "0.00013199", "price": "119117.93000000", "time": "2025-07-13T15:09:40.787313Z", "fetched_at": "2025-07-13T15:10:49.430175+00:00", "symbol": "BTC-USD"}, {"trade_id": 848259518, "side": "buy", "size": "0.00001541", "price": "119117.94000000", "time": "2025-07-13T15:09:40.787313Z", "fetched_at": "2025-07-13T15:10:49.430175+00:00", "symbol": "BTC-USD"}, {"trade_id": 848259517, "side": "sell", "size": "0.00471575", "price": "119135.97000000", "time": "2025-07-13T15:09:40.638108Z", "fetched_at": "2025-07-13T15:10:49.430175+00:00", "symbol": "BTC-USD"}, {"trade_id": 848259516, "side": "sell", "size": "0.00006535", "price": "119129.16000000", "time": "2025-07-13T15:09:40.638108Z", "fetched_at": "2025-07-13T15:10:49.430175+00:00", "symbol": "BTC-USD"}, {"trade_id": 848259515, "side": "buy", "size": "0.02449854", "price": "119117.85000000", "time": "2025-07-13T15:09:40.554480Z", "fetched_at": "2025-07-13T15:10:49.430175+00:00", "symbol": "BTC-USD"}, {"trade_id": 848259514, "side": "buy", "size": "0.00001541", "price": "119117.86000000", "time": "2025-07-13T15:09:40.554480Z", "fetched_at": "2025-07-13T15:10:49.430175+00:00", "symbol": "BTC-USD"}, {"trade_id": 848259513, "side": "buy", "size": "0.01010150", "price": "119129.73000000", "time": "2025-07-13T15:09:40.237446Z", "fetched_at": "2025-07-13T15:10:49.430175+00:00", "symbol": "BTC-USD"}, {"trade_id": 848259512, "side": "buy", "size": "0.00671375", "price": "119130.80000000", "time": "2025-07-13T15:09:40.237446Z", "fetched_at": "2025-07-13T15:10:49.430175+00:00", "symbol": "BTC-USD"}, {"trade_id": 848259511, "side": "sell", "size": "0.00788163", "price": "119149.42000000", "time": "2025-07-13T15:09:39.619596Z", "fetched_at": "2025-07-13T15:10:49.430175+00:00", "symbol": "BTC-USD"}, {"trade_id": 848259510, "side": "sell", "size": "0.00008456", "price": "119149.40000000", "time": "2025-07-13T15:09:39.619596Z", "fetched_at": "2025-07-13T15:10:49.430175+00:00", "symbol": "BTC-USD"}, {"trade_id": 848259509, "side": "buy", "size": "0.00734066", "price": "119137.52000000", "time": "2025-07-13T15:09:39.585571Z", "fetched_at": "2025-07-13T15:10:49.430175+00:00", "symbol": "BTC-USD"}, {"trade_id": 848259508, "side": "buy", "size": "0.00107597", "price": "119140.07000000", "time": "2025-07-13T15:09:39.585571Z", "fetched_at": "2025-07-13T15:10:49.430175+00:00", "symbol": "BTC-USD"}, {"trade_id": 848259507, "side": "buy", "size": "0.00000344", "price": "119151.38000000", "time": "2025-07-13T15:09:39.585571Z", "fetched_at": "2025-07-13T15:10:49.430175+00:00", "symbol": "BTC-USD"}, {"trade_id": 848259506, "side": "buy", "size": "0.00000117", "price": "119151.38000000", "time": "2025-07-13T15:09:39.585571Z", "fetched_at": "2025-07-13T15:10:49.430175+00:00", "symbol": "BTC-USD"}, {"trade_id": 848259505, "side": "sell", "size": "0.01992000", "price": "119151.39000000", "time": "2025-07-13T15:09:39.450687Z", "fetched_at": "2025-07-13T15:10:49.430175+00:00", "symbol": "BTC-USD"}, {"trade_id": 848259504, "side": "sell", "size": "0.00005949", "price": "119151.39000000", "time": "2025-07-13T15:09:39.370269Z", "fetched_at": "2025-07-13T15:10:49.430175+00:00", "symbol": "BTC-USD"}, {"trade_id": 848259503, "side": "sell", "size": "0.00015933", "price": "119151.39000000", "time": "2025-07-13T15:09:39.280782Z", "fetched_at": "2025-07-13T15:10:49.430175+00:00", "symbol": "BTC-USD"}, {"trade_id": 848259502, "side": "sell", "size": "0.00239722", "price": "119151.39000000", "time": "2025-07-13T15:09:39.179063Z", "fetched_at": "2025-07-13T15:10:49.430175+00:00", "symbol": "BTC-USD"}, {"trade_id": 848259501, "side": "sell", "size": "0.00001033", "price": "119151.39000000", "time": "2025-07-13T15:09:39.179063Z", "fetched_at": "2025-07-13T15:10:49.430175+00:00", "symbol": "BTC-USD"}, {"trade_id": 848259500, "side": "sell", "size": "0.00008456", "price": "119151.39000000", "time": "2025-07-13T15:09:39.179063Z", "fetched_at": "2025-07-13T15:10:49.430175+00:00", "symbol": "BTC-USD"}, {"trade_id": 848259499, "side": "buy", "size": "0.00774406", "price": "119157.61000000", "time": "2025-07-13T15:09:39.007252Z", "fetched_at": "2025-07-13T15:10:49.430175+00:00", "symbol": "BTC-USD"}, {"trade_id": 848259498, "side": "buy", "size": "0.00064818", "price": "119157.61000000", "time": "2025-07-13T15:09:39.007055Z", "fetched_at": "2025-07-13T15:10:49.430175+00:00", "symbol": "BTC-USD"}, {"trade_id": 848259497, "side": "buy", "size": "0.00206499", "price": "119161.37000000", "time": "2025-07-13T15:09:39.007055Z", "fetched_at": "2025-07-13T15:10:49.430175+00:00", "symbol": "BTC-USD"}, {"trade_id": 848259496, "side": "buy", "size": "0.00774406", "price": "119163.87000000", "time": "2025-07-13T15:09:39.007055Z", "fetched_at": "2025-07-13T15:10:49.430175+00:00", "symbol": "BTC-USD"}, {"trade_id": 848259495, "side": "buy", "size": "0.01824255", "price": "119163.87000000", "time": "2025-07-13T15:09:39.006645Z", "fetched_at": "2025-07-13T15:10:49.430175+00:00", "symbol": "BTC-USD"}, {"trade_id": 848259494, "side": "buy", "size": "0.00603343", "price": "119163.87000000", "time": "2025-07-13T15:09:39.006388Z", "fetched_at": "2025-07-13T15:10:49.430175+00:00", "symbol": "BTC-USD"}, {"trade_id": 848259493, "side": "buy", "size": "0.06139996", "price": "119163.87000000", "time": "2025-07-13T15:09:39.006216Z", "fetched_at": "2025-07-13T15:10:49.430175+00:00", "symbol": "BTC-USD"}, {"trade_id": 848259492, "side": "buy", "size": "0.00671157", "price": "119168.86000000", "time": "2025-07-13T15:09:39.006216Z", "fetched_at": "2025-07-13T15:10:49.430175+00:00", "symbol": "BTC-USD"}, {"trade_id": 848259491, "side": "buy", "size": "0.00103249", "price": "119169.06000000", "time": "2025-07-13T15:09:39.006216Z", "fetched_at": "2025-07-13T15:10:49.430175+00:00", "symbol": "BTC-USD"}, {"trade_id": 848259490, "side": "buy", "size": "0.00142709", "price": "119170.39000000", "time": "2025-07-13T15:09:39.005087Z", "fetched_at": "2025-07-13T15:10:49.430175+00:00", "symbol": "BTC-USD"}, {"trade_id": 848259489, "side": "buy", "size": "0.06227198", "price": "119170.56000000", "time": "2025-07-13T15:09:39.005087Z", "fetched_at": "2025-07-13T15:10:49.430175+00:00", "symbol": "BTC-USD"}, {"trade_id": 848259488, "side": "buy", "size": "0.00156199", "price": "119170.56000000", "time": "2025-07-13T15:09:39.005087Z", "fetched_at": "2025-07-13T15:10:49.430175+00:00", "symbol": "BTC-USD"}, {"trade_id": 848259487, "side": "sell", "size": "0.00071220", "price": "119178.91000000", "time": "2025-07-13T15:09:38.470817Z", "fetched_at": "2025-07-13T15:10:49.430175+00:00", "symbol": "BTC-USD"}, {"trade_id": 848259486, "side": "sell", "size": "0.00008458", "price": "119169.06000000", "time": "2025-07-13T15:09:38.470817Z", "fetched_at": "2025-07-13T15:10:49.430175+00:00", "symbol": "BTC-USD"}, {"trade_id": 848259485, "side": "sell", "size": "0.00253948", "price": "119178.91000000", "time": "2025-07-13T15:09:38.086418Z", "fetched_at": "2025-07-13T15:10:49.430175+00:00", "symbol": "BTC-USD"}, {"trade_id": 848259484, "side": "sell", "size": "0.00008458", "price": "119178.90000000", "time": "2025-07-13T15:09:38.086418Z", "fetched_at": "2025-07-13T15:10:49.430175+00:00", "symbol": "BTC-USD"}, {"trade_id": 848259483, "side": "sell", "size": "0.00006109", "price": "119175.38000000", "time": "2025-07-13T15:09:38.086418Z", "fetched_at": "2025-07-13T15:10:49.430175+00:00", "symbol": "BTC-USD"}, {"trade_id": 848259482, "side": "sell", "size": "0.00000209", "price": "119151.39000000", "time": "2025-07-13T15:09:38.086418Z", "fetched_at": "2025-07-13T15:10:49.430175+00:00", "symbol": "BTC-USD"}, {"trade_id": 848259481, "side": "sell", "size": "0.00000664", "price": "119151.39000000", "time": "2025-07-13T15:09:38.086418Z", "fetched_at": "2025-07-13T15:10:49.430175+00:00", "symbol": "BTC-USD"}, {"trade_id": 848259480, "side": "buy", "size": "0.00417750", "price": "119151.38000000", "time": "2025-07-13T15:09:37.084498Z", "fetched_at": "2025-07-13T15:10:49.430175+00:00", "symbol": "BTC-USD"}, {"trade_id": 848259479, "side": "buy", "size": "0.00003874", "price": "119151.38000000", "time": "2025-07-13T15:09:37.084498Z", "fetched_at": "2025-07-13T15:10:49.430175+00:00", "symbol": "BTC-USD"}, {"trade_id": 848259478, "side": "sell", "size": "0.00007967", "price": "119151.39000000", "time": "2025-07-13T15:09:36.142048Z", "fetched_at": "2025-07-13T15:10:49.430175+00:00", "symbol": "BTC-USD"}, {"trade_id": 848259477, "side": "sell", "size": "0.00316836", "price": "119144.94000000", "time": "2025-07-13T15:09:35.873245Z", "fetched_at": "2025-07-13T15:10:49.430175+00:00", "symbol": "BTC-USD"}, {"trade_id": 848259476, "side": "sell", "size": "0.00008459", "price": "119132.51000000", "time": "2025-07-13T15:09:35.872938Z", "fetched_at": "2025-07-13T15:10:49.430175+00:00", "symbol": "BTC-USD"}, {"trade_id": 848259475, "side": "sell", "size": "0.03311945", "price": "119144.95000000", "time": "2025-07-13T15:09:35.600184Z", "fetched_at": "2025-07-13T15:10:49.430175+00:00", "symbol": "BTC-USD"}, {"trade_id": 848259474, "side": "sell", "size": "0.00008456", "price": "119132.51000000", "time": "2025-07-13T15:09:35.600184Z", "fetched_at": "2025-07-13T15:10:49.430175+00:00", "symbol": "BTC-USD"}, {"trade_id": 848259473, "side": "sell", "size": "0.00001663", "price": "119132.51000000", "time": "2025-07-13T15:09:35.376944Z", "fetched_at": "2025-07-13T15:10:49.430175+00:00", "symbol": "BTC-USD"}, {"trade_id": 848259472, "side": "sell", "size": "0.02726316", "price": "119154.79000000", "time": "2025-07-13T15:09:35.021306Z", "fetched_at": "2025-07-13T15:10:49.430175+00:00", "symbol": "BTC-USD"}, {"trade_id": 848259471, "side": "sell", "size": "0.00003295", "price": "119133.22000000", "time": "2025-07-13T15:09:35.021306Z", "fetched_at": "2025-07-13T15:10:49.430175+00:00", "symbol": "BTC-USD"}, {"trade_id": 848259470, "side": "sell", "size": "0.00006705", "price": "119138.71000000", "time": "2025-07-13T15:09:35.000390Z", "fetched_at": "2025-07-13T15:10:49.430175+00:00", "symbol": "BTC-USD"}, {"trade_id": 848259469, "side": "sell", "size": "0.00003295", "price": "119132.51000000", "time": "2025-07-13T15:09:35.000390Z", "fetched_at": "2025-07-13T15:10:49.430175+00:00", "symbol": "BTC-USD"}, {"trade_id": 848259468, "side": "sell", "size": "0.00009181", "price": "119145.90000000", "time": "2025-07-13T15:09:34.914555Z", "fetched_at": "2025-07-13T15:10:49.430175+00:00", "symbol": "BTC-USD"}, {"trade_id": 848259467, "side": "sell", "size": "0.00003295", "price": "119134.43000000", "time": "2025-07-13T15:09:34.904371Z", "fetched_at": "2025-07-13T15:10:49.430175+00:00", "symbol": "BTC-USD"}, {"trade_id": 848259466, "side": "sell", "size": "0.00003917", "price": "119147.29000000", "time": "2025-07-13T15:09:34.848447Z", "fetched_at": "2025-07-13T15:10:49.430175+00:00", "symbol": "BTC-USD"}, {"trade_id": 848259465, "side": "sell", "size": "0.00075934", "price": "119147.23000000", "time": "2025-07-13T15:09:34.848447Z", "fetched_at": "2025-07-13T15:10:49.430175+00:00", "symbol": "BTC-USD"}, {"trade_id": 848259464, "side": "sell", "size": "0.00003295", "price": "119141.70000000", "time": "2025-07-13T15:09:34.848447Z", "fetched_at": "2025-07-13T15:10:49.430175+00:00", "symbol": "BTC-USD"}, {"trade_id": 848259463, "side": "buy", "size": "0.00091000", "price": "119162.74000000", "time": "2025-07-13T15:09:34.506574Z", "fetched_at": "2025-07-13T15:10:49.430175+00:00", "symbol": "BTC-USD"}, {"trade_id": 848259462, "side": "buy", "size": "0.00671173", "price": "119165.78000000", "time": "2025-07-13T15:09:34.499632Z", "fetched_at": "2025-07-13T15:10:49.430175+00:00", "symbol": "BTC-USD"}, {"trade_id": 848259461, "side": "buy", "size": "0.00089935", "price": "119166.32000000", "time": "2025-07-13T15:09:34.499632Z", "fetched_at": "2025-07-13T15:10:49.430175+00:00", "symbol": "BTC-USD"}, {"trade_id": 848259460, "side": "buy", "size": "0.01659526", "price": "119166.35000000", "time": "2025-07-13T15:09:34.499632Z", "fetched_at": "2025-07-13T15:10:49.430175+00:00", "symbol": "BTC-USD"}, {"trade_id": 848259459, "side": "buy", "size": "0.02430821", "price": "119166.35000000", "time": "2025-07-13T15:09:34.499612Z", "fetched_at": "2025-07-13T15:10:49.430175+00:00", "symbol": "BTC-USD"}, {"trade_id": 848259458, "side": "sell", "size": "0.00014900", "price": "119175.38000000", "time": "2025-07-13T15:09:34.203305Z", "fetched_at": "2025-07-13T15:10:49.430175+00:00", "symbol": "BTC-USD"}, {"trade_id": 848259457, "side": "sell", "size": "0.00001034", "price": "119173.06000000", "time": "2025-07-13T15:09:34.203305Z", "fetched_at": "2025-07-13T15:10:49.430175+00:00", "symbol": "BTC-USD"}, {"trade_id": 848259456, "side": "sell", "size": "0.00163139", "price": "119173.06000000", "time": "2025-07-13T15:09:34.152061Z", "fetched_at": "2025-07-13T15:10:49.430175+00:00", "symbol": "BTC-USD"}, {"trade_id": 848259455, "side": "buy", "size": "0.00177944", "price": "119161.68000000", "time": "2025-07-13T15:09:33.930385Z", "fetched_at": "2025-07-13T15:10:49.430175+00:00", "symbol": "BTC-USD"}, {"trade_id": 848259454, "side": "buy", "size": "0.02036773", "price": "119166.31000000", "time": "2025-07-13T15:09:33.930385Z", "fetched_at": "2025-07-13T15:10:49.430175+00:00", "symbol": "BTC-USD"}, {"trade_id": 848259453, "side": "buy", "size": "0.00088460", "price": "119171.82000000", "time": "2025-07-13T15:09:33.926425Z", "fetched_at": "2025-07-13T15:10:49.430175+00:00", "symbol": "BTC-USD"}, {"trade_id": 848259452, "side": "buy", "size": "0.02454512", "price": "119174.96000000", "time": "2025-07-13T15:09:33.926317Z", "fetched_at": "2025-07-13T15:10:49.430175+00:00", "symbol": "BTC-USD"}, {"trade_id": 848259451, "side": "buy", "size": "0.01796096", "price": "119174.96000000", "time": "2025-07-13T15:09:33.922931Z", "fetched_at": "2025-07-13T15:10:49.430175+00:00", "symbol": "BTC-USD"}, {"trade_id": 848259450, "side": "buy", "size": "0.06293360", "price": "119175.37000000", "time": "2025-07-13T15:09:33.922931Z", "fetched_at": "2025-07-13T15:10:49.430175+00:00", "symbol": "BTC-USD"}, {"trade_id": 848259449, "side": "buy", "size": "0.00042000", "price": "119171.81000000", "time": "2025-07-13T15:09:32.823510Z", "fetched_at": "2025-07-13T15:10:49.430175+00:00", "symbol": "BTC-USD"}, {"trade_id": 848259448, "side": "sell", "size": "0.00001000", "price": "119161.92000000", "time": "2025-07-13T15:09:32.813726Z", "fetched_at": "2025-07-13T15:10:49.430175+00:00", "symbol": "BTC-USD"}, {"trade_id": 848259447, "side": "sell", "size": "0.00004219", "price": "119153.11000000", "time": "2025-07-13T15:09:32.731969Z", "fetched_at": "2025-07-13T15:10:49.430175+00:00", "symbol": "BTC-USD"}, {"trade_id": 848259446, "side": "sell", "size": "0.00001215", "price": "119150.14000000", "time": "2025-07-13T15:09:32.728936Z", "fetched_at": "2025-07-13T15:10:49.430175+00:00", "symbol": "BTC-USD"}, {"trade_id": 848259445, "side": "sell", "size": "0.04000000", "price": "119148.61000000", "time": "2025-07-13T15:09:32.728936Z", "fetched_at": "2025-07-13T15:10:49.430175+00:00", "symbol": "BTC-USD"}, {"trade_id": 848259444, "side": "sell", "size": "0.04000000", "price": "119148.62000000", "time": "2025-07-13T15:09:32.724621Z", "fetched_at": "2025-07-13T15:10:49.430175+00:00", "symbol": "BTC-USD"}, {"trade_id": 848259443, "side": "sell", "size": "0.01007689", "price": "119148.62000000", "time": "2025-07-13T15:09:32.723716Z", "fetched_at": "2025-07-13T15:10:49.430175+00:00", "symbol": "BTC-USD"}, {"trade_id": 848259442, "side": "sell", "size": "0.04000000", "price": "119144.03000000", "time": "2025-07-13T15:09:32.723716Z", "fetched_at": "2025-07-13T15:10:49.430175+00:00", "symbol": "BTC-USD"}, {"trade_id": 848259441, "side": "sell", "size": "0.00596300", "price": "119143.89000000", "time": "2025-07-13T15:09:32.713250Z", "fetched_at": "2025-07-13T15:10:49.430175+00:00", "symbol": "BTC-USD"}, {"trade_id": 848259440, "side": "sell", "size": "0.08000000", "price": "119143.89000000", "time": "2025-07-13T15:09:32.713235Z", "fetched_at": "2025-07-13T15:10:49.430175+00:00", "symbol": "BTC-USD"}, {"trade_id": 848259439, "side": "sell", "size": "0.04000000", "price": "119143.89000000", "time": "2025-07-13T15:09:32.713235Z", "fetched_at": "2025-07-13T15:10:49.430175+00:00", "symbol": "BTC-USD"}, {"trade_id": 848259438, "side": "sell", "size": "0.04533889", "price": "119143.87000000", "time": "2025-07-13T15:09:32.713235Z", "fetched_at": "2025-07-13T15:10:49.430175+00:00", "symbol": "BTC-USD"}, {"trade_id": 848259437, "side": "sell", "size": "0.00839397", "price": "119133.10000000", "time": "2025-07-13T15:09:32.707157Z", "fetched_at": "2025-07-13T15:10:49.430175+00:00", "symbol": "BTC-USD"}, {"trade_id": 848259436, "side": "sell", "size": "0.04065575", "price": "119131.48000000", "time": "2025-07-13T15:09:32.705643Z", "fetched_at": "2025-07-13T15:10:49.430175+00:00", "symbol": "BTC-USD"}, {"trade_id": 848259435, "side": "sell", "size": "0.00000218", "price": "119128.67000000", "time": "2025-07-13T15:09:32.705643Z", "fetched_at": "2025-07-13T15:10:49.430175+00:00", "symbol": "BTC-USD"}, {"trade_id": 848259434, "side": "sell", "size": "0.03035000", "price": "119128.67000000", "time": "2025-07-13T15:09:32.705643Z", "fetched_at": "2025-07-13T15:10:49.430175+00:00", "symbol": "BTC-USD"}, {"trade_id": 848259433, "side": "buy", "size": "0.00018739", "price": "119116.85000000", "time": "2025-07-13T15:09:32.526985Z", "fetched_at": "2025-07-13T15:10:49.430175+00:00", "symbol": "BTC-USD"}