[{"trade_id": 139124500, "side": "sell", "size": "8.50000000", "price": "0.19464000", "time": "2025-07-15T14:20:19.861134Z", "fetched_at": "2025-07-15T14:20:22.039868+00:00", "symbol": "DOGE-USD"}, {"trade_id": 139124499, "side": "sell", "size": "15.70000000", "price": "0.19464000", "time": "2025-07-15T14:20:19.861134Z", "fetched_at": "2025-07-15T14:20:22.039868+00:00", "symbol": "DOGE-USD"}, {"trade_id": 139124498, "side": "buy", "size": "5.70000000", "price": "0.19462000", "time": "2025-07-15T14:20:18.681395Z", "fetched_at": "2025-07-15T14:20:22.039868+00:00", "symbol": "DOGE-USD"}, {"trade_id": 139124497, "side": "sell", "size": "121.80000000", "price": "0.19465000", "time": "2025-07-15T14:20:16.939501Z", "fetched_at": "2025-07-15T14:20:22.039868+00:00", "symbol": "DOGE-USD"}, {"trade_id": 139124496, "side": "sell", "size": "24.20000000", "price": "0.19465000", "time": "2025-07-15T14:20:16.547028Z", "fetched_at": "2025-07-15T14:20:22.039868+00:00", "symbol": "DOGE-USD"}, {"trade_id": 139124495, "side": "sell", "size": "30.70000000", "price": "0.19466000", "time": "2025-07-15T14:20:15.673552Z", "fetched_at": "2025-07-15T14:20:22.039868+00:00", "symbol": "DOGE-USD"}, {"trade_id": 139124494, "side": "sell", "size": "18.90000000", "price": "0.19466000", "time": "2025-07-15T14:20:15.673552Z", "fetched_at": "2025-07-15T14:20:22.039868+00:00", "symbol": "DOGE-USD"}, {"trade_id": 139124493, "side": "sell", "size": "308.80000000", "price": "0.19467000", "time": "2025-07-15T14:20:14.903575Z", "fetched_at": "2025-07-15T14:20:22.039868+00:00", "symbol": "DOGE-USD"}, {"trade_id": 139124492, "side": "sell", "size": "7.40000000", "price": "0.19466000", "time": "2025-07-15T14:20:14.903575Z", "fetched_at": "2025-07-15T14:20:22.039868+00:00", "symbol": "DOGE-USD"}, {"trade_id": 139124491, "side": "sell", "size": "183.00000000", "price": "0.19465000", "time": "2025-07-15T14:20:14.903575Z", "fetched_at": "2025-07-15T14:20:22.039868+00:00", "symbol": "DOGE-USD"}, {"trade_id": 139124490, "side": "buy", "size": "54.90000000", "price": "0.19464000", "time": "2025-07-15T14:20:10.776853Z", "fetched_at": "2025-07-15T14:20:22.039868+00:00", "symbol": "DOGE-USD"}, {"trade_id": 139124489, "side": "sell", "size": "4878.70000000", "price": "0.19473000", "time": "2025-07-15T14:20:10.213946Z", "fetched_at": "2025-07-15T14:20:22.039868+00:00", "symbol": "DOGE-USD"}, {"trade_id": 139124488, "side": "sell", "size": "89.60000000", "price": "0.19473000", "time": "2025-07-15T14:20:10.213946Z", "fetched_at": "2025-07-15T14:20:22.039868+00:00", "symbol": "DOGE-USD"}, {"trade_id": 139124487, "side": "sell", "size": "1566.00000000", "price": "0.19473000", "time": "2025-07-15T14:20:10.213946Z", "fetched_at": "2025-07-15T14:20:22.039868+00:00", "symbol": "DOGE-USD"}, {"trade_id": 139124486, "side": "sell", "size": "1621.30000000", "price": "0.19472000", "time": "2025-07-15T14:20:10.213946Z", "fetched_at": "2025-07-15T14:20:22.039868+00:00", "symbol": "DOGE-USD"}, {"trade_id": 139124485, "side": "sell", "size": "464.60000000", "price": "0.19472000", "time": "2025-07-15T14:20:10.213946Z", "fetched_at": "2025-07-15T14:20:22.039868+00:00", "symbol": "DOGE-USD"}, {"trade_id": 139124484, "side": "sell", "size": "5.70000000", "price": "0.19472000", "time": "2025-07-15T14:20:10.213946Z", "fetched_at": "2025-07-15T14:20:22.039868+00:00", "symbol": "DOGE-USD"}, {"trade_id": 139124483, "side": "sell", "size": "1577.70000000", "price": "0.19471000", "time": "2025-07-15T14:20:10.213946Z", "fetched_at": "2025-07-15T14:20:22.039868+00:00", "symbol": "DOGE-USD"}, {"trade_id": 139124482, "side": "sell", "size": "20.60000000", "price": "0.19471000", "time": "2025-07-15T14:20:10.213946Z", "fetched_at": "2025-07-15T14:20:22.039868+00:00", "symbol": "DOGE-USD"}, {"trade_id": 139124481, "side": "sell", "size": "5.70000000", "price": "0.19470000", "time": "2025-07-15T14:20:10.213946Z", "fetched_at": "2025-07-15T14:20:22.039868+00:00", "symbol": "DOGE-USD"}, {"trade_id": 139124480, "side": "sell", "size": "5845.40000000", "price": "0.19468000", "time": "2025-07-15T14:20:10.083270Z", "fetched_at": "2025-07-15T14:20:22.039868+00:00", "symbol": "DOGE-USD"}, {"trade_id": 139124479, "side": "sell", "size": "5.70000000", "price": "0.19468000", "time": "2025-07-15T14:20:10.083270Z", "fetched_at": "2025-07-15T14:20:22.039868+00:00", "symbol": "DOGE-USD"}, {"trade_id": 139124478, "side": "buy", "size": "6289.30000000", "price": "0.19463000", "time": "2025-07-15T14:20:06.769888Z", "fetched_at": "2025-07-15T14:20:22.039868+00:00", "symbol": "DOGE-USD"}, {"trade_id": 139124477, "side": "buy", "size": "412.40000000", "price": "0.19463000", "time": "2025-07-15T14:20:06.769888Z", "fetched_at": "2025-07-15T14:20:22.039868+00:00", "symbol": "DOGE-USD"}, {"trade_id": 139124476, "side": "buy", "size": "3872.30000000", "price": "0.19464000", "time": "2025-07-15T14:20:06.769888Z", "fetched_at": "2025-07-15T14:20:22.039868+00:00", "symbol": "DOGE-USD"}, {"trade_id": 139124475, "side": "buy", "size": "6589.40000000", "price": "0.19464000", "time": "2025-07-15T14:20:06.769888Z", "fetched_at": "2025-07-15T14:20:22.039868+00:00", "symbol": "DOGE-USD"}, {"trade_id": 139124474, "side": "buy", "size": "54.90000000", "price": "0.19465000", "time": "2025-07-15T14:20:06.769888Z", "fetched_at": "2025-07-15T14:20:22.039868+00:00", "symbol": "DOGE-USD"}, {"trade_id": 139124473, "side": "buy", "size": "924.50000000", "price": "0.19466000", "time": "2025-07-15T14:20:06.769888Z", "fetched_at": "2025-07-15T14:20:22.039868+00:00", "symbol": "DOGE-USD"}, {"trade_id": 139124472, "side": "buy", "size": "1552.50000000", "price": "0.19467000", "time": "2025-07-15T14:20:06.769888Z", "fetched_at": "2025-07-15T14:20:22.039868+00:00", "symbol": "DOGE-USD"}, {"trade_id": 139124471, "side": "buy", "size": "304.70000000", "price": "0.19467000", "time": "2025-07-15T14:20:06.769888Z", "fetched_at": "2025-07-15T14:20:22.039868+00:00", "symbol": "DOGE-USD"}, {"trade_id": 139124470, "side": "sell", "size": "758.80000000", "price": "0.19463000", "time": "2025-07-15T14:20:06.387384Z", "fetched_at": "2025-07-15T14:20:22.039868+00:00", "symbol": "DOGE-USD"}, {"trade_id": 139124469, "side": "sell", "size": "2938.90000000", "price": "0.19463000", "time": "2025-07-15T14:20:06.383258Z", "fetched_at": "2025-07-15T14:20:22.039868+00:00", "symbol": "DOGE-USD"}, {"trade_id": 139124468, "side": "buy", "size": "9.90000000", "price": "0.19462000", "time": "2025-07-15T14:20:05.312210Z", "fetched_at": "2025-07-15T14:20:22.039868+00:00", "symbol": "DOGE-USD"}, {"trade_id": 139124467, "side": "buy", "size": "1748.80000000", "price": "0.19457000", "time": "2025-07-15T14:20:05.034973Z", "fetched_at": "2025-07-15T14:20:22.039868+00:00", "symbol": "DOGE-USD"}, {"trade_id": 139124466, "side": "buy", "size": "6590.80000000", "price": "0.19457000", "time": "2025-07-15T14:20:05.034973Z", "fetched_at": "2025-07-15T14:20:22.039868+00:00", "symbol": "DOGE-USD"}, {"trade_id": 139124465, "side": "buy", "size": "1773.80000000", "price": "0.19457000", "time": "2025-07-15T14:20:05.034973Z", "fetched_at": "2025-07-15T14:20:22.039868+00:00", "symbol": "DOGE-USD"}, {"trade_id": 139124464, "side": "buy", "size": "5.70000000", "price": "0.19458000", "time": "2025-07-15T14:20:05.034973Z", "fetched_at": "2025-07-15T14:20:22.039868+00:00", "symbol": "DOGE-USD"}, {"trade_id": 139124463, "side": "buy", "size": "6591.10000000", "price": "0.19458000", "time": "2025-07-15T14:20:05.034973Z", "fetched_at": "2025-07-15T14:20:22.039868+00:00", "symbol": "DOGE-USD"}, {"trade_id": 139124462, "side": "buy", "size": "3133.20000000", "price": "0.19458000", "time": "2025-07-15T14:20:05.034973Z", "fetched_at": "2025-07-15T14:20:22.039868+00:00", "symbol": "DOGE-USD"}, {"trade_id": 139124461, "side": "buy", "size": "1773.80000000", "price": "0.19458000", "time": "2025-07-15T14:20:05.034973Z", "fetched_at": "2025-07-15T14:20:22.039868+00:00", "symbol": "DOGE-USD"}, {"trade_id": 139124460, "side": "buy", "size": "1566.00000000", "price": "0.19458000", "time": "2025-07-15T14:20:05.034973Z", "fetched_at": "2025-07-15T14:20:22.039868+00:00", "symbol": "DOGE-USD"}, {"trade_id": 139124459, "side": "buy", "size": "6591.10000000", "price": "0.19459000", "time": "2025-07-15T14:20:05.034973Z", "fetched_at": "2025-07-15T14:20:22.039868+00:00", "symbol": "DOGE-USD"}, {"trade_id": 139124458, "side": "buy", "size": "3875.50000000", "price": "0.19459000", "time": "2025-07-15T14:20:05.034973Z", "fetched_at": "2025-07-15T14:20:22.039868+00:00", "symbol": "DOGE-USD"}, {"trade_id": 139124457, "side": "buy", "size": "54.90000000", "price": "0.19460000", "time": "2025-07-15T14:20:05.034973Z", "fetched_at": "2025-07-15T14:20:22.039868+00:00", "symbol": "DOGE-USD"}, {"trade_id": 139124456, "side": "buy", "size": "1381.20000000", "price": "0.19460000", "time": "2025-07-15T14:20:05.034973Z", "fetched_at": "2025-07-15T14:20:22.039868+00:00", "symbol": "DOGE-USD"}, {"trade_id": 139124455, "side": "buy", "size": "1567.90000000", "price": "0.19461000", "time": "2025-07-15T14:20:05.034973Z", "fetched_at": "2025-07-15T14:20:22.039868+00:00", "symbol": "DOGE-USD"}, {"trade_id": 139124454, "side": "buy", "size": "1411.20000000", "price": "0.19462000", "time": "2025-07-15T14:20:05.034973Z", "fetched_at": "2025-07-15T14:20:22.039868+00:00", "symbol": "DOGE-USD"}, {"trade_id": 139124453, "side": "buy", "size": "924.50000000", "price": "0.19462000", "time": "2025-07-15T14:20:05.034973Z", "fetched_at": "2025-07-15T14:20:22.039868+00:00", "symbol": "DOGE-USD"}, {"trade_id": 139124452, "side": "sell", "size": "57.40000000", "price": "0.19463000", "time": "2025-07-15T14:20:03.004917Z", "fetched_at": "2025-07-15T14:20:22.039868+00:00", "symbol": "DOGE-USD"}, {"trade_id": 139124451, "side": "buy", "size": "304.70000000", "price": "0.19464000", "time": "2025-07-15T14:20:02.553294Z", "fetched_at": "2025-07-15T14:20:22.039868+00:00", "symbol": "DOGE-USD"}, {"trade_id": 139124450, "side": "buy", "size": "924.50000000", "price": "0.19463000", "time": "2025-07-15T14:20:02.530523Z", "fetched_at": "2025-07-15T14:20:22.039868+00:00", "symbol": "DOGE-USD"}, {"trade_id": 139124449, "side": "buy", "size": "304.70000000", "price": "0.19464000", "time": "2025-07-15T14:20:02.530523Z", "fetched_at": "2025-07-15T14:20:22.039868+00:00", "symbol": "DOGE-USD"}, {"trade_id": 139124448, "side": "buy", "size": "18953.60000000", "price": "0.19460000", "time": "2025-07-15T14:20:00.763391Z", "fetched_at": "2025-07-15T14:20:22.039868+00:00", "symbol": "DOGE-USD"}, {"trade_id": 139124447, "side": "buy", "size": "54.10000000", "price": "0.19461000", "time": "2025-07-15T14:20:00.763391Z", "fetched_at": "2025-07-15T14:20:22.039868+00:00", "symbol": "DOGE-USD"}, {"trade_id": 139124446, "side": "buy", "size": "924.50000000", "price": "0.19462000", "time": "2025-07-15T14:20:00.748847Z", "fetched_at": "2025-07-15T14:20:22.039868+00:00", "symbol": "DOGE-USD"}, {"trade_id": 139124445, "side": "buy", "size": "924.50000000", "price": "0.19463000", "time": "2025-07-15T14:20:00.748847Z", "fetched_at": "2025-07-15T14:20:22.039868+00:00", "symbol": "DOGE-USD"}, {"trade_id": 139124444, "side": "sell", "size": "1566.00000000", "price": "0.19469000", "time": "2025-07-15T14:19:59.815002Z", "fetched_at": "2025-07-15T14:20:22.039868+00:00", "symbol": "DOGE-USD"}, {"trade_id": 139124443, "side": "sell", "size": "5.70000000", "price": "0.19468000", "time": "2025-07-15T14:19:59.815002Z", "fetched_at": "2025-07-15T14:20:22.039868+00:00", "symbol": "DOGE-USD"}, {"trade_id": 139124442, "side": "sell", "size": "924.50000000", "price": "0.19467000", "time": "2025-07-15T14:19:59.815002Z", "fetched_at": "2025-07-15T14:20:22.039868+00:00", "symbol": "DOGE-USD"}, {"trade_id": 139124441, "side": "sell", "size": "5.70000000", "price": "0.19466000", "time": "2025-07-15T14:19:59.815002Z", "fetched_at": "2025-07-15T14:20:22.039868+00:00", "symbol": "DOGE-USD"}, {"trade_id": 139124440, "side": "sell", "size": "1566.90000000", "price": "0.19465000", "time": "2025-07-15T14:19:59.815002Z", "fetched_at": "2025-07-15T14:20:22.039868+00:00", "symbol": "DOGE-USD"}, {"trade_id": 139124439, "side": "sell", "size": "2500.00000000", "price": "0.19465000", "time": "2025-07-15T14:19:59.815002Z", "fetched_at": "2025-07-15T14:20:22.039868+00:00", "symbol": "DOGE-USD"}, {"trade_id": 139124438, "side": "sell", "size": "2920.50000000", "price": "0.19465000", "time": "2025-07-15T14:19:59.808926Z", "fetched_at": "2025-07-15T14:20:22.039868+00:00", "symbol": "DOGE-USD"}, {"trade_id": 139124437, "side": "sell", "size": "5.70000000", "price": "0.19464000", "time": "2025-07-15T14:19:59.808926Z", "fetched_at": "2025-07-15T14:20:22.039868+00:00", "symbol": "DOGE-USD"}, {"trade_id": 139124436, "side": "sell", "size": "9.10000000", "price": "0.19463000", "time": "2025-07-15T14:19:59.808926Z", "fetched_at": "2025-07-15T14:20:22.039868+00:00", "symbol": "DOGE-USD"}, {"trade_id": 139124435, "side": "sell", "size": "5.70000000", "price": "0.19462000", "time": "2025-07-15T14:19:59.808926Z", "fetched_at": "2025-07-15T14:20:22.039868+00:00", "symbol": "DOGE-USD"}, {"trade_id": 139124434, "side": "sell", "size": "5.70000000", "price": "0.19460000", "time": "2025-07-15T14:19:59.808926Z", "fetched_at": "2025-07-15T14:20:22.039868+00:00", "symbol": "DOGE-USD"}, {"trade_id": 139124433, "side": "sell", "size": "15.00000000", "price": "0.19458000", "time": "2025-07-15T14:19:59.584294Z", "fetched_at": "2025-07-15T14:20:22.039868+00:00", "symbol": "DOGE-USD"}, {"trade_id": 139124432, "side": "sell", "size": "5701.30000000", "price": "0.19458000", "time": "2025-07-15T14:19:59.582382Z", "fetched_at": "2025-07-15T14:20:22.039868+00:00", "symbol": "DOGE-USD"}, {"trade_id": 139124431, "side": "sell", "size": "5.70000000", "price": "0.19458000", "time": "2025-07-15T14:19:59.582382Z", "fetched_at": "2025-07-15T14:20:22.039868+00:00", "symbol": "DOGE-USD"}, {"trade_id": 139124430, "side": "sell", "size": "5.70000000", "price": "0.19456000", "time": "2025-07-15T14:19:58.224154Z", "fetched_at": "2025-07-15T14:20:22.039868+00:00", "symbol": "DOGE-USD"}, {"trade_id": 139124429, "side": "sell", "size": "6948.00000000", "price": "0.19454000", "time": "2025-07-15T14:19:57.917045Z", "fetched_at": "2025-07-15T14:20:22.039868+00:00", "symbol": "DOGE-USD"}, {"trade_id": 139124428, "side": "sell", "size": "5.70000000", "price": "0.19454000", "time": "2025-07-15T14:19:57.917045Z", "fetched_at": "2025-07-15T14:20:22.039868+00:00", "symbol": "DOGE-USD"}, {"trade_id": 139124427, "side": "sell", "size": "1712.10000000", "price": "0.19451000", "time": "2025-07-15T14:19:56.864931Z", "fetched_at": "2025-07-15T14:20:22.039868+00:00", "symbol": "DOGE-USD"}, {"trade_id": 139124426, "side": "buy", "size": "304.70000000", "price": "0.19452000", "time": "2025-07-15T14:19:56.700585Z", "fetched_at": "2025-07-15T14:20:22.039868+00:00", "symbol": "DOGE-USD"}, {"trade_id": 139124425, "side": "buy", "size": "304.70000000", "price": "0.19452000", "time": "2025-07-15T14:19:56.658337Z", "fetched_at": "2025-07-15T14:20:22.039868+00:00", "symbol": "DOGE-USD"}, {"trade_id": 139124424, "side": "buy", "size": "304.70000000", "price": "0.19452000", "time": "2025-07-15T14:19:56.604304Z", "fetched_at": "2025-07-15T14:20:22.039868+00:00", "symbol": "DOGE-USD"}, {"trade_id": 139124423, "side": "buy", "size": "304.70000000", "price": "0.19452000", "time": "2025-07-15T14:19:56.562Z", "fetched_at": "2025-07-15T14:20:22.039868+00:00", "symbol": "DOGE-USD"}, {"trade_id": 139124422, "side": "buy", "size": "304.70000000", "price": "0.19451000", "time": "2025-07-15T14:19:56.528361Z", "fetched_at": "2025-07-15T14:20:22.039868+00:00", "symbol": "DOGE-USD"}, {"trade_id": 139124421, "side": "buy", "size": "1536.30000000", "price": "0.19451000", "time": "2025-07-15T14:19:56.513271Z", "fetched_at": "2025-07-15T14:20:22.039868+00:00", "symbol": "DOGE-USD"}, {"trade_id": 139124420, "side": "buy", "size": "1513.40000000", "price": "0.19452000", "time": "2025-07-15T14:19:56.495430Z", "fetched_at": "2025-07-15T14:20:22.039868+00:00", "symbol": "DOGE-USD"}, {"trade_id": 139124419, "side": "buy", "size": "304.70000000", "price": "0.19452000", "time": "2025-07-15T14:19:56.495430Z", "fetched_at": "2025-07-15T14:20:22.039868+00:00", "symbol": "DOGE-USD"}, {"trade_id": 139124418, "side": "sell", "size": "7271.00000000", "price": "0.19454000", "time": "2025-07-15T14:19:54.050651Z", "fetched_at": "2025-07-15T14:20:22.039868+00:00", "symbol": "DOGE-USD"}, {"trade_id": 139124417, "side": "sell", "size": "6597.20000000", "price": "0.19454000", "time": "2025-07-15T14:19:54.050651Z", "fetched_at": "2025-07-15T14:20:22.039868+00:00", "symbol": "DOGE-USD"}, {"trade_id": 139124416, "side": "sell", "size": "5000.00000000", "price": "0.19454000", "time": "2025-07-15T14:19:54.050651Z", "fetched_at": "2025-07-15T14:20:22.039868+00:00", "symbol": "DOGE-USD"}, {"trade_id": 139124415, "side": "sell", "size": "2500.00000000", "price": "0.19454000", "time": "2025-07-15T14:19:54.050651Z", "fetched_at": "2025-07-15T14:20:22.039868+00:00", "symbol": "DOGE-USD"}, {"trade_id": 139124414, "side": "sell", "size": "1566.00000000", "price": "0.19454000", "time": "2025-07-15T14:19:54.050651Z", "fetched_at": "2025-07-15T14:20:22.039868+00:00", "symbol": "DOGE-USD"}, {"trade_id": 139124413, "side": "sell", "size": "5.70000000", "price": "0.19454000", "time": "2025-07-15T14:19:54.050651Z", "fetched_at": "2025-07-15T14:20:22.039868+00:00", "symbol": "DOGE-USD"}, {"trade_id": 139124412, "side": "sell", "size": "924.50000000", "price": "0.19453000", "time": "2025-07-15T14:19:54.050651Z", "fetched_at": "2025-07-15T14:20:22.039868+00:00", "symbol": "DOGE-USD"}, {"trade_id": 139124411, "side": "sell", "size": "6597.20000000", "price": "0.19453000", "time": "2025-07-15T14:19:54.050651Z", "fetched_at": "2025-07-15T14:20:22.039868+00:00", "symbol": "DOGE-USD"}, {"trade_id": 139124410, "side": "sell", "size": "2500.00000000", "price": "0.19453000", "time": "2025-07-15T14:19:54.050651Z", "fetched_at": "2025-07-15T14:20:22.039868+00:00", "symbol": "DOGE-USD"}, {"trade_id": 139124409, "side": "sell", "size": "3877.60000000", "price": "0.19452000", "time": "2025-07-15T14:19:54.050651Z", "fetched_at": "2025-07-15T14:20:22.039868+00:00", "symbol": "DOGE-USD"}, {"trade_id": 139124408, "side": "sell", "size": "5.70000000", "price": "0.19452000", "time": "2025-07-15T14:19:54.050651Z", "fetched_at": "2025-07-15T14:20:22.039868+00:00", "symbol": "DOGE-USD"}, {"trade_id": 139124407, "side": "sell", "size": "1508.90000000", "price": "0.19451000", "time": "2025-07-15T14:19:54.050651Z", "fetched_at": "2025-07-15T14:20:22.039868+00:00", "symbol": "DOGE-USD"}, {"trade_id": 139124406, "side": "sell", "size": "1453.10000000", "price": "0.19450000", "time": "2025-07-15T14:19:54.050651Z", "fetched_at": "2025-07-15T14:20:22.039868+00:00", "symbol": "DOGE-USD"}, {"trade_id": 139124405, "side": "sell", "size": "5.70000000", "price": "0.19450000", "time": "2025-07-15T14:19:54.050651Z", "fetched_at": "2025-07-15T14:20:22.039868+00:00", "symbol": "DOGE-USD"}, {"trade_id": 139124404, "side": "sell", "size": "12744.20000000", "price": "0.19450000", "time": "2025-07-15T14:19:54.050651Z", "fetched_at": "2025-07-15T14:20:22.039868+00:00", "symbol": "DOGE-USD"}, {"trade_id": 139124403, "side": "sell", "size": "11.70000000", "price": "0.19449000", "time": "2025-07-15T14:19:54.050651Z", "fetched_at": "2025-07-15T14:20:22.039868+00:00", "symbol": "DOGE-USD"}, {"trade_id": 139124402, "side": "sell", "size": "5.70000000", "price": "0.19448000", "time": "2025-07-15T14:19:54.050651Z", "fetched_at": "2025-07-15T14:20:22.039868+00:00", "symbol": "DOGE-USD"}, {"trade_id": 139124401, "side": "sell", "size": "8877.10000000", "price": "0.19445000", "time": "2025-07-15T14:19:53.464098Z", "fetched_at": "2025-07-15T14:20:22.039868+00:00", "symbol": "DOGE-USD"}, {"trade_id": 139124400, "side": "sell", "size": "7525.00000000", "price": "0.19445000", "time": "2025-07-15T14:19:53.464064Z", "fetched_at": "2025-07-15T14:20:22.039868+00:00", "symbol": "DOGE-USD"}, {"trade_id": 139124399, "side": "sell", "size": "5710.90000000", "price": "0.19445000", "time": "2025-07-15T14:19:53.463062Z", "fetched_at": "2025-07-15T14:20:22.039868+00:00", "symbol": "DOGE-USD"}, {"trade_id": 139124398, "side": "sell", "size": "2447.90000000", "price": "0.19445000", "time": "2025-07-15T14:19:53.462576Z", "fetched_at": "2025-07-15T14:20:22.039868+00:00", "symbol": "DOGE-USD"}, {"trade_id": 139124397, "side": "sell", "size": "2227.00000000", "price": "0.19445000", "time": "2025-07-15T14:19:53.462549Z", "fetched_at": "2025-07-15T14:20:22.039868+00:00", "symbol": "DOGE-USD"}, {"trade_id": 139124396, "side": "sell", "size": "7771.70000000", "price": "0.19445000", "time": "2025-07-15T14:19:53.460676Z", "fetched_at": "2025-07-15T14:20:22.039868+00:00", "symbol": "DOGE-USD"}, {"trade_id": 139124395, "side": "sell", "size": "11379.70000000", "price": "0.19445000", "time": "2025-07-15T14:19:53.459857Z", "fetched_at": "2025-07-15T14:20:22.039868+00:00", "symbol": "DOGE-USD"}, {"trade_id": 139124394, "side": "sell", "size": "6546.60000000", "price": "0.19445000", "time": "2025-07-15T14:19:53.358409Z", "fetched_at": "2025-07-15T14:20:22.039868+00:00", "symbol": "DOGE-USD"}, {"trade_id": 139124393, "side": "sell", "size": "6586.40000000", "price": "0.19445000", "time": "2025-07-15T14:19:53.355090Z", "fetched_at": "2025-07-15T14:20:22.039868+00:00", "symbol": "DOGE-USD"}, {"trade_id": 139124392, "side": "sell", "size": "19020.60000000", "price": "0.19445000", "time": "2025-07-15T14:19:53.354407Z", "fetched_at": "2025-07-15T14:20:22.039868+00:00", "symbol": "DOGE-USD"}, {"trade_id": 139124391, "side": "sell", "size": "2498.00000000", "price": "0.19444000", "time": "2025-07-15T14:19:53.164920Z", "fetched_at": "2025-07-15T14:20:22.039868+00:00", "symbol": "DOGE-USD"}, {"trade_id": 139124390, "side": "buy", "size": "788.00000000", "price": "0.19444000", "time": "2025-07-15T14:19:53.067331Z", "fetched_at": "2025-07-15T14:20:22.039868+00:00", "symbol": "DOGE-USD"}, {"trade_id": 139124389, "side": "buy", "size": "304.70000000", "price": "0.19444000", "time": "2025-07-15T14:19:53.067331Z", "fetched_at": "2025-07-15T14:20:22.039868+00:00", "symbol": "DOGE-USD"}, {"trade_id": 139124388, "side": "buy", "size": "183.00000000", "price": "0.19444000", "time": "2025-07-15T14:19:53.067331Z", "fetched_at": "2025-07-15T14:20:22.039868+00:00", "symbol": "DOGE-USD"}, {"trade_id": 139124387, "side": "buy", "size": "1611.60000000", "price": "0.19444000", "time": "2025-07-15T14:19:53.067331Z", "fetched_at": "2025-07-15T14:20:22.039868+00:00", "symbol": "DOGE-USD"}, {"trade_id": 139124386, "side": "buy", "size": "105.90000000", "price": "0.19446000", "time": "2025-07-15T14:19:49.518573Z", "fetched_at": "2025-07-15T14:20:22.039868+00:00", "symbol": "DOGE-USD"}, {"trade_id": 139124385, "side": "buy", "size": "839.50000000", "price": "0.19445000", "time": "2025-07-15T14:19:47.636920Z", "fetched_at": "2025-07-15T14:20:22.039868+00:00", "symbol": "DOGE-USD"}, {"trade_id": 139124384, "side": "buy", "size": "304.70000000", "price": "0.19446000", "time": "2025-07-15T14:19:47.636920Z", "fetched_at": "2025-07-15T14:20:22.039868+00:00", "symbol": "DOGE-USD"}, {"trade_id": 139124383, "side": "buy", "size": "55.00000000", "price": "0.19445000", "time": "2025-07-15T14:19:47.554697Z", "fetched_at": "2025-07-15T14:20:22.039868+00:00", "symbol": "DOGE-USD"}, {"trade_id": 139124382, "side": "buy", "size": "1466.90000000", "price": "0.19445000", "time": "2025-07-15T14:19:47.554697Z", "fetched_at": "2025-07-15T14:20:22.039868+00:00", "symbol": "DOGE-USD"}, {"trade_id": 139124381, "side": "buy", "size": "304.70000000", "price": "0.19446000", "time": "2025-07-15T14:19:47.530053Z", "fetched_at": "2025-07-15T14:20:22.039868+00:00", "symbol": "DOGE-USD"}, {"trade_id": 139124380, "side": "buy", "size": "304.70000000", "price": "0.19447000", "time": "2025-07-15T14:19:47.504558Z", "fetched_at": "2025-07-15T14:20:22.039868+00:00", "symbol": "DOGE-USD"}, {"trade_id": 139124379, "side": "buy", "size": "1603.70000000", "price": "0.19445000", "time": "2025-07-15T14:19:47.416071Z", "fetched_at": "2025-07-15T14:20:22.039868+00:00", "symbol": "DOGE-USD"}, {"trade_id": 139124378, "side": "buy", "size": "1542.80000000", "price": "0.19445000", "time": "2025-07-15T14:19:47.416071Z", "fetched_at": "2025-07-15T14:20:22.039868+00:00", "symbol": "DOGE-USD"}, {"trade_id": 139124377, "side": "buy", "size": "40.90000000", "price": "0.19442000", "time": "2025-07-15T14:19:46.015227Z", "fetched_at": "2025-07-15T14:20:22.039868+00:00", "symbol": "DOGE-USD"}, {"trade_id": 139124376, "side": "buy", "size": "5.70000000", "price": "0.19442000", "time": "2025-07-15T14:19:46.015227Z", "fetched_at": "2025-07-15T14:20:22.039868+00:00", "symbol": "DOGE-USD"}, {"trade_id": 139124375, "side": "buy", "size": "5.70000000", "price": "0.19444000", "time": "2025-07-15T14:19:46.015227Z", "fetched_at": "2025-07-15T14:20:22.039868+00:00", "symbol": "DOGE-USD"}, {"trade_id": 139124374, "side": "sell", "size": "264.60000000", "price": "0.19446000", "time": "2025-07-15T14:19:44.043933Z", "fetched_at": "2025-07-15T14:20:22.039868+00:00", "symbol": "DOGE-USD"}, {"trade_id": 139124373, "side": "sell", "size": "2739.50000000", "price": "0.19445000", "time": "2025-07-15T14:19:44.020766Z", "fetched_at": "2025-07-15T14:20:22.039868+00:00", "symbol": "DOGE-USD"}, {"trade_id": 139124372, "side": "sell", "size": "4397.50000000", "price": "0.19445000", "time": "2025-07-15T14:19:44.019918Z", "fetched_at": "2025-07-15T14:20:22.039868+00:00", "symbol": "DOGE-USD"}, {"trade_id": 139124371, "side": "buy", "size": "5.70000000", "price": "0.19446000", "time": "2025-07-15T14:19:42.497200Z", "fetched_at": "2025-07-15T14:20:22.039868+00:00", "symbol": "DOGE-USD"}, {"trade_id": 139124370, "side": "buy", "size": "304.70000000", "price": "0.19449000", "time": "2025-07-15T14:19:39.440908Z", "fetched_at": "2025-07-15T14:20:22.039868+00:00", "symbol": "DOGE-USD"}, {"trade_id": 139124369, "side": "buy", "size": "304.70000000", "price": "0.19449000", "time": "2025-07-15T14:19:39.422685Z", "fetched_at": "2025-07-15T14:20:22.039868+00:00", "symbol": "DOGE-USD"}, {"trade_id": 139124368, "side": "buy", "size": "1380.30000000", "price": "0.19449000", "time": "2025-07-15T14:19:39.422685Z", "fetched_at": "2025-07-15T14:20:22.039868+00:00", "symbol": "DOGE-USD"}, {"trade_id": 139124367, "side": "buy", "size": "304.70000000", "price": "0.19449000", "time": "2025-07-15T14:19:39.399061Z", "fetched_at": "2025-07-15T14:20:22.039868+00:00", "symbol": "DOGE-USD"}, {"trade_id": 139124366, "side": "buy", "size": "304.70000000", "price": "0.19449000", "time": "2025-07-15T14:19:39.315324Z", "fetched_at": "2025-07-15T14:20:22.039868+00:00", "symbol": "DOGE-USD"}, {"trade_id": 139124365, "side": "buy", "size": "183.00000000", "price": "0.19449000", "time": "2025-07-15T14:19:39.315324Z", "fetched_at": "2025-07-15T14:20:22.039868+00:00", "symbol": "DOGE-USD"}, {"trade_id": 139124364, "side": "sell", "size": "5.70000000", "price": "0.19450000", "time": "2025-07-15T14:19:33.297809Z", "fetched_at": "2025-07-15T14:20:22.039868+00:00", "symbol": "DOGE-USD"}, {"trade_id": 139124363, "side": "sell", "size": "5.70000000", "price": "0.19448000", "time": "2025-07-15T14:19:33.131569Z", "fetched_at": "2025-07-15T14:20:22.039868+00:00", "symbol": "DOGE-USD"}, {"trade_id": 139124362, "side": "sell", "size": "5.70000000", "price": "0.19446000", "time": "2025-07-15T14:19:33.054574Z", "fetched_at": "2025-07-15T14:20:22.039868+00:00", "symbol": "DOGE-USD"}, {"trade_id": 139124361, "side": "sell", "size": "5.70000000", "price": "0.19444000", "time": "2025-07-15T14:19:32.743658Z", "fetched_at": "2025-07-15T14:20:22.039868+00:00", "symbol": "DOGE-USD"}, {"trade_id": 139124360, "side": "sell", "size": "12561.60000000", "price": "0.19444000", "time": "2025-07-15T14:19:32.743658Z", "fetched_at": "2025-07-15T14:20:22.039868+00:00", "symbol": "DOGE-USD"}, {"trade_id": 139124359, "side": "sell", "size": "2868.50000000", "price": "0.19444000", "time": "2025-07-15T14:19:32.732733Z", "fetched_at": "2025-07-15T14:20:22.039868+00:00", "symbol": "DOGE-USD"}, {"trade_id": 139124358, "side": "sell", "size": "6451.10000000", "price": "0.19443000", "time": "2025-07-15T14:19:32.660390Z", "fetched_at": "2025-07-15T14:20:22.039868+00:00", "symbol": "DOGE-USD"}, {"trade_id": 139124357, "side": "sell", "size": "999.00000000", "price": "0.19443000", "time": "2025-07-15T14:19:32.660390Z", "fetched_at": "2025-07-15T14:20:22.039868+00:00", "symbol": "DOGE-USD"}, {"trade_id": 139124356, "side": "sell", "size": "6273.40000000", "price": "0.19442000", "time": "2025-07-15T14:19:32.125030Z", "fetched_at": "2025-07-15T14:20:22.039868+00:00", "symbol": "DOGE-USD"}, {"trade_id": 139124355, "side": "sell", "size": "5.70000000", "price": "0.19442000", "time": "2025-07-15T14:19:32.125030Z", "fetched_at": "2025-07-15T14:20:22.039868+00:00", "symbol": "DOGE-USD"}, {"trade_id": 139124354, "side": "buy", "size": "480.60000000", "price": "0.19441000", "time": "2025-07-15T14:19:31.463158Z", "fetched_at": "2025-07-15T14:20:22.039868+00:00", "symbol": "DOGE-USD"}, {"trade_id": 139124353, "side": "buy", "size": "304.70000000", "price": "0.19441000", "time": "2025-07-15T14:19:31.463158Z", "fetched_at": "2025-07-15T14:20:22.039868+00:00", "symbol": "DOGE-USD"}, {"trade_id": 139124352, "side": "sell", "size": "5.70000000", "price": "0.19440000", "time": "2025-07-15T14:19:30.842187Z", "fetched_at": "2025-07-15T14:20:22.039868+00:00", "symbol": "DOGE-USD"}, {"trade_id": 139124351, "side": "sell", "size": "332.90000000", "price": "0.19435000", "time": "2025-07-15T14:19:27.424600Z", "fetched_at": "2025-07-15T14:20:22.039868+00:00", "symbol": "DOGE-USD"}, {"trade_id": 139124350, "side": "sell", "size": "208.30000000", "price": "0.19435000", "time": "2025-07-15T14:19:27.423911Z", "fetched_at": "2025-07-15T14:20:22.039868+00:00", "symbol": "DOGE-USD"}, {"trade_id": 139124349, "side": "buy", "size": "695.30000000", "price": "0.19434000", "time": "2025-07-15T14:19:27.257751Z", "fetched_at": "2025-07-15T14:20:22.039868+00:00", "symbol": "DOGE-USD"}, {"trade_id": 139124348, "side": "buy", "size": "304.70000000", "price": "0.19434000", "time": "2025-07-15T14:19:27.257751Z", "fetched_at": "2025-07-15T14:20:22.039868+00:00", "symbol": "DOGE-USD"}, {"trade_id": 139124347, "side": "sell", "size": "12762.10000000", "price": "0.19434000", "time": "2025-07-15T14:19:26.940838Z", "fetched_at": "2025-07-15T14:20:22.039868+00:00", "symbol": "DOGE-USD"}, {"trade_id": 139124346, "side": "buy", "size": "924.50000000", "price": "0.19434000", "time": "2025-07-15T14:19:26.934338Z", "fetched_at": "2025-07-15T14:20:22.039868+00:00", "symbol": "DOGE-USD"}, {"trade_id": 139124345, "side": "buy", "size": "1486.10000000", "price": "0.19434000", "time": "2025-07-15T14:19:26.934338Z", "fetched_at": "2025-07-15T14:20:22.039868+00:00", "symbol": "DOGE-USD"}, {"trade_id": 139124344, "side": "buy", "size": "1493.60000000", "price": "0.19434000", "time": "2025-07-15T14:19:26.934338Z", "fetched_at": "2025-07-15T14:20:22.039868+00:00", "symbol": "DOGE-USD"}, {"trade_id": 139124343, "side": "buy", "size": "5.70000000", "price": "0.19434000", "time": "2025-07-15T14:19:26.934338Z", "fetched_at": "2025-07-15T14:20:22.039868+00:00", "symbol": "DOGE-USD"}, {"trade_id": 139124342, "side": "sell", "size": "6346.60000000", "price": "0.19435000", "time": "2025-07-15T14:19:26.541524Z", "fetched_at": "2025-07-15T14:20:22.039868+00:00", "symbol": "DOGE-USD"}, {"trade_id": 139124341, "side": "buy", "size": "5.70000000", "price": "0.19436000", "time": "2025-07-15T14:19:21.785472Z", "fetched_at": "2025-07-15T14:20:22.039868+00:00", "symbol": "DOGE-USD"}, {"trade_id": 139124340, "side": "buy", "size": "5.70000000", "price": "0.19438000", "time": "2025-07-15T14:19:21.777064Z", "fetched_at": "2025-07-15T14:20:22.039868+00:00", "symbol": "DOGE-USD"}, {"trade_id": 139124339, "side": "buy", "size": "924.50000000", "price": "0.19439000", "time": "2025-07-15T14:19:21.396678Z", "fetched_at": "2025-07-15T14:20:22.039868+00:00", "symbol": "DOGE-USD"}, {"trade_id": 139124338, "side": "sell", "size": "14431.10000000", "price": "0.19443000", "time": "2025-07-15T14:19:19.947148Z", "fetched_at": "2025-07-15T14:20:22.039868+00:00", "symbol": "DOGE-USD"}, {"trade_id": 139124337, "side": "sell", "size": "15430.10000000", "price": "0.19442000", "time": "2025-07-15T14:19:19.899755Z", "fetched_at": "2025-07-15T14:20:22.039868+00:00", "symbol": "DOGE-USD"}, {"trade_id": 139124336, "side": "sell", "size": "7016.60000000", "price": "0.19442000", "time": "2025-07-15T14:19:19.899755Z", "fetched_at": "2025-07-15T14:20:22.039868+00:00", "symbol": "DOGE-USD"}, {"trade_id": 139124335, "side": "sell", "size": "49.60000000", "price": "0.19442000", "time": "2025-07-15T14:19:19.623170Z", "fetched_at": "2025-07-15T14:20:22.039868+00:00", "symbol": "DOGE-USD"}, {"trade_id": 139124334, "side": "buy", "size": "52.40000000", "price": "0.19440000", "time": "2025-07-15T14:19:19.432777Z", "fetched_at": "2025-07-15T14:20:22.039868+00:00", "symbol": "DOGE-USD"}, {"trade_id": 139124333, "side": "buy", "size": "172.40000000", "price": "0.19441000", "time": "2025-07-15T14:19:18.339508Z", "fetched_at": "2025-07-15T14:20:22.039868+00:00", "symbol": "DOGE-USD"}, {"trade_id": 139124332, "side": "buy", "size": "261.40000000", "price": "0.19441000", "time": "2025-07-15T14:19:18.271180Z", "fetched_at": "2025-07-15T14:20:22.039868+00:00", "symbol": "DOGE-USD"}, {"trade_id": 139124331, "side": "buy", "size": "110.80000000", "price": "0.19441000", "time": "2025-07-15T14:19:18.075625Z", "fetched_at": "2025-07-15T14:20:22.039868+00:00", "symbol": "DOGE-USD"}, {"trade_id": 139124330, "side": "buy", "size": "304.70000000", "price": "0.19441000", "time": "2025-07-15T14:19:18.075625Z", "fetched_at": "2025-07-15T14:20:22.039868+00:00", "symbol": "DOGE-USD"}, {"trade_id": 139124329, "side": "buy", "size": "110.30000000", "price": "0.19439000", "time": "2025-07-15T14:19:17.670001Z", "fetched_at": "2025-07-15T14:20:22.039868+00:00", "symbol": "DOGE-USD"}, {"trade_id": 139124328, "side": "buy", "size": "99.80000000", "price": "0.19439000", "time": "2025-07-15T14:19:17.670001Z", "fetched_at": "2025-07-15T14:20:22.039868+00:00", "symbol": "DOGE-USD"}, {"trade_id": 139124327, "side": "buy", "size": "114.50000000", "price": "0.19439000", "time": "2025-07-15T14:19:17.608920Z", "fetched_at": "2025-07-15T14:20:22.039868+00:00", "symbol": "DOGE-USD"}, {"trade_id": 139124326, "side": "buy", "size": "94.60000000", "price": "0.19440000", "time": "2025-07-15T14:19:17.608920Z", "fetched_at": "2025-07-15T14:20:22.039868+00:00", "symbol": "DOGE-USD"}, {"trade_id": 139124325, "side": "buy", "size": "210.10000000", "price": "0.19440000", "time": "2025-07-15T14:19:17.557458Z", "fetched_at": "2025-07-15T14:20:22.039868+00:00", "symbol": "DOGE-USD"}, {"trade_id": 139124324, "side": "buy", "size": "105.00000000", "price": "0.19439000", "time": "2025-07-15T14:19:17.500216Z", "fetched_at": "2025-07-15T14:20:22.039868+00:00", "symbol": "DOGE-USD"}, {"trade_id": 139124323, "side": "buy", "size": "105.00000000", "price": "0.19439000", "time": "2025-07-15T14:19:17.491454Z", "fetched_at": "2025-07-15T14:20:22.039868+00:00", "symbol": "DOGE-USD"}, {"trade_id": 139124322, "side": "buy", "size": "105.00000000", "price": "0.19439000", "time": "2025-07-15T14:19:17.481409Z", "fetched_at": "2025-07-15T14:20:22.039868+00:00", "symbol": "DOGE-USD"}, {"trade_id": 139124321, "side": "buy", "size": "104.40000000", "price": "0.19439000", "time": "2025-07-15T14:19:17.467500Z", "fetched_at": "2025-07-15T14:20:22.039868+00:00", "symbol": "DOGE-USD"}, {"trade_id": 139124320, "side": "buy", "size": "105.00000000", "price": "0.19439000", "time": "2025-07-15T14:19:17.462361Z", "fetched_at": "2025-07-15T14:20:22.039868+00:00", "symbol": "DOGE-USD"}, {"trade_id": 139124319, "side": "buy", "size": "210.10000000", "price": "0.19439000", "time": "2025-07-15T14:19:17.439795Z", "fetched_at": "2025-07-15T14:20:22.039868+00:00", "symbol": "DOGE-USD"}, {"trade_id": 139124318, "side": "buy", "size": "105.00000000", "price": "0.19439000", "time": "2025-07-15T14:19:17.436432Z", "fetched_at": "2025-07-15T14:20:22.039868+00:00", "symbol": "DOGE-USD"}, {"trade_id": 139124317, "side": "buy", "size": "210.10000000", "price": "0.19439000", "time": "2025-07-15T14:19:17.426083Z", "fetched_at": "2025-07-15T14:20:22.039868+00:00", "symbol": "DOGE-USD"}, {"trade_id": 139124316, "side": "buy", "size": "210.10000000", "price": "0.19439000", "time": "2025-07-15T14:19:17.421938Z", "fetched_at": "2025-07-15T14:20:22.039868+00:00", "symbol": "DOGE-USD"}, {"trade_id": 139124315, "side": "sell", "size": "12623.00000000", "price": "0.19438000", "time": "2025-07-15T14:19:14.992947Z", "fetched_at": "2025-07-15T14:20:22.039868+00:00", "symbol": "DOGE-USD"}, {"trade_id": 139124314, "side": "sell", "size": "5984.00000000", "price": "0.19437000", "time": "2025-07-15T14:19:14.850243Z", "fetched_at": "2025-07-15T14:20:22.039868+00:00", "symbol": "DOGE-USD"}, {"trade_id": 139124313, "side": "buy", "size": "5.70000000", "price": "0.19438000", "time": "2025-07-15T14:19:13.839569Z", "fetched_at": "2025-07-15T14:20:22.039868+00:00", "symbol": "DOGE-USD"}, {"trade_id": 139124312, "side": "sell", "size": "62.30000000", "price": "0.19439000", "time": "2025-07-15T14:19:13.643388Z", "fetched_at": "2025-07-15T14:20:22.039868+00:00", "symbol": "DOGE-USD"}, {"trade_id": 139124311, "side": "buy", "size": "5.70000000", "price": "0.19440000", "time": "2025-07-15T14:19:13.569254Z", "fetched_at": "2025-07-15T14:20:22.039868+00:00", "symbol": "DOGE-USD"}, {"trade_id": 139124310, "side": "buy", "size": "5.70000000", "price": "0.19442000", "time": "2025-07-15T14:19:13.470663Z", "fetched_at": "2025-07-15T14:20:22.039868+00:00", "symbol": "DOGE-USD"}, {"trade_id": 139124309, "side": "buy", "size": "5.70000000", "price": "0.19444000", "time": "2025-07-15T14:19:13.219660Z", "fetched_at": "2025-07-15T14:20:22.039868+00:00", "symbol": "DOGE-USD"}, {"trade_id": 139124308, "side": "buy", "size": "6.70000000", "price": "0.19446000", "time": "2025-07-15T14:19:13.202701Z", "fetched_at": "2025-07-15T14:20:22.039868+00:00", "symbol": "DOGE-USD"}, {"trade_id": 139124307, "side": "buy", "size": "190.70000000", "price": "0.19449000", "time": "2025-07-15T14:19:09.867351Z", "fetched_at": "2025-07-15T14:20:22.039868+00:00", "symbol": "DOGE-USD"}, {"trade_id": 139124306, "side": "buy", "size": "190.60000000", "price": "0.19449000", "time": "2025-07-15T14:19:09.867351Z", "fetched_at": "2025-07-15T14:20:22.039868+00:00", "symbol": "DOGE-USD"}, {"trade_id": 139124305, "side": "buy", "size": "381.30000000", "price": "0.19449000", "time": "2025-07-15T14:19:09.867351Z", "fetched_at": "2025-07-15T14:20:22.039868+00:00", "symbol": "DOGE-USD"}, {"trade_id": 139124304, "side": "sell", "size": "5.70000000", "price": "0.19448000", "time": "2025-07-15T14:19:08.988517Z", "fetched_at": "2025-07-15T14:20:22.039868+00:00", "symbol": "DOGE-USD"}, {"trade_id": 139124303, "side": "buy", "size": "27.00000000", "price": "0.19444000", "time": "2025-07-15T14:19:08.598069Z", "fetched_at": "2025-07-15T14:20:22.039868+00:00", "symbol": "DOGE-USD"}, {"trade_id": 139124302, "side": "buy", "size": "569.50000000", "price": "0.19444000", "time": "2025-07-15T14:19:08.519940Z", "fetched_at": "2025-07-15T14:20:22.039868+00:00", "symbol": "DOGE-USD"}, {"trade_id": 139124301, "side": "buy", "size": "304.70000000", "price": "0.19445000", "time": "2025-07-15T14:19:08.519940Z", "fetched_at": "2025-07-15T14:20:22.039868+00:00", "symbol": "DOGE-USD"}, {"trade_id": 139124300, "side": "buy", "size": "225.40000000", "price": "0.19442000", "time": "2025-07-15T14:19:08.293162Z", "fetched_at": "2025-07-15T14:20:22.039868+00:00", "symbol": "DOGE-USD"}, {"trade_id": 139124299, "side": "buy", "size": "1594.40000000", "price": "0.19443000", "time": "2025-07-15T14:19:08.293162Z", "fetched_at": "2025-07-15T14:20:22.039868+00:00", "symbol": "DOGE-USD"}, {"trade_id": 139124298, "side": "buy", "size": "1340.60000000", "price": "0.19442000", "time": "2025-07-15T14:19:08.268657Z", "fetched_at": "2025-07-15T14:20:22.039868+00:00", "symbol": "DOGE-USD"}, {"trade_id": 139124297, "side": "buy", "size": "5.70000000", "price": "0.19442000", "time": "2025-07-15T14:19:08.268657Z", "fetched_at": "2025-07-15T14:20:22.039868+00:00", "symbol": "DOGE-USD"}, {"trade_id": 139124296, "side": "buy", "size": "924.50000000", "price": "0.19443000", "time": "2025-07-15T14:19:08.268657Z", "fetched_at": "2025-07-15T14:20:22.039868+00:00", "symbol": "DOGE-USD"}, {"trade_id": 139124295, "side": "buy", "size": "304.70000000", "price": "0.19446000", "time": "2025-07-15T14:19:08.268657Z", "fetched_at": "2025-07-15T14:20:22.039868+00:00", "symbol": "DOGE-USD"}, {"trade_id": 139124294, "side": "buy", "size": "41.50000000", "price": "0.19442000", "time": "2025-07-15T14:19:08.234531Z", "fetched_at": "2025-07-15T14:20:22.039868+00:00", "symbol": "DOGE-USD"}, {"trade_id": 139124293, "side": "buy", "size": "1478.40000000", "price": "0.19443000", "time": "2025-07-15T14:19:08.234531Z", "fetched_at": "2025-07-15T14:20:22.039868+00:00", "symbol": "DOGE-USD"}, {"trade_id": 139124292, "side": "buy", "size": "183.00000000", "price": "0.19446000", "time": "2025-07-15T14:19:08.234531Z", "fetched_at": "2025-07-15T14:20:22.039868+00:00", "symbol": "DOGE-USD"}, {"trade_id": 139124291, "side": "sell", "size": "5.70000000", "price": "0.19444000", "time": "2025-07-15T14:19:08.197643Z", "fetched_at": "2025-07-15T14:20:22.039868+00:00", "symbol": "DOGE-USD"}, {"trade_id": 139124290, "side": "sell", "size": "5000.00000000", "price": "0.19444000", "time": "2025-07-15T14:19:08.197643Z", "fetched_at": "2025-07-15T14:20:22.039868+00:00", "symbol": "DOGE-USD"}, {"trade_id": 139124289, "side": "buy", "size": "283.60000000", "price": "0.19441000", "time": "2025-07-15T14:19:07.910046Z", "fetched_at": "2025-07-15T14:20:22.039868+00:00", "symbol": "DOGE-USD"}, {"trade_id": 139124288, "side": "sell", "size": "2500.00000000", "price": "0.19442000", "time": "2025-07-15T14:19:04.848051Z", "fetched_at": "2025-07-15T14:20:22.039868+00:00", "symbol": "DOGE-USD"}, {"trade_id": 139124287, "side": "buy", "size": "519.60000000", "price": "0.19438000", "time": "2025-07-15T14:19:03.912783Z", "fetched_at": "2025-07-15T14:20:22.039868+00:00", "symbol": "DOGE-USD"}, {"trade_id": 139124286, "side": "buy", "size": "924.50000000", "price": "0.19442000", "time": "2025-07-15T14:19:03.579120Z", "fetched_at": "2025-07-15T14:20:22.039868+00:00", "symbol": "DOGE-USD"}, {"trade_id": 139124285, "side": "buy", "size": "1691.40000000", "price": "0.19442000", "time": "2025-07-15T14:19:03.579120Z", "fetched_at": "2025-07-15T14:20:22.039868+00:00", "symbol": "DOGE-USD"}, {"trade_id": 139124284, "side": "sell", "size": "468.10000000", "price": "0.19444000", "time": "2025-07-15T14:19:03.094255Z", "fetched_at": "2025-07-15T14:20:22.039868+00:00", "symbol": "DOGE-USD"}, {"trade_id": 139124283, "side": "buy", "size": "991.00000000", "price": "0.19444000", "time": "2025-07-15T14:19:03.085316Z", "fetched_at": "2025-07-15T14:20:22.039868+00:00", "symbol": "DOGE-USD"}, {"trade_id": 139124282, "side": "buy", "size": "1566.00000000", "price": "0.19445000", "time": "2025-07-15T14:19:03.085316Z", "fetched_at": "2025-07-15T14:20:22.039868+00:00", "symbol": "DOGE-USD"}, {"trade_id": 139124281, "side": "buy", "size": "304.70000000", "price": "0.19449000", "time": "2025-07-15T14:19:03.085259Z", "fetched_at": "2025-07-15T14:20:22.039868+00:00", "symbol": "DOGE-USD"}, {"trade_id": 139124280, "side": "buy", "size": "12623.00000000", "price": "0.19446000", "time": "2025-07-15T14:19:03.084278Z", "fetched_at": "2025-07-15T14:20:22.039868+00:00", "symbol": "DOGE-USD"}, {"trade_id": 139124279, "side": "buy", "size": "183.00000000", "price": "0.19447000", "time": "2025-07-15T14:19:03.084278Z", "fetched_at": "2025-07-15T14:20:22.039868+00:00", "symbol": "DOGE-USD"}, {"trade_id": 139124278, "side": "buy", "size": "55.00000000", "price": "0.19447000", "time": "2025-07-15T14:19:03.084278Z", "fetched_at": "2025-07-15T14:20:22.039868+00:00", "symbol": "DOGE-USD"}, {"trade_id": 139124277, "side": "sell", "size": "5.70000000", "price": "0.19448000", "time": "2025-07-15T14:19:03.081108Z", "fetched_at": "2025-07-15T14:20:22.039868+00:00", "symbol": "DOGE-USD"}, {"trade_id": 139124276, "side": "sell", "size": "19009.60000000", "price": "0.19446000", "time": "2025-07-15T14:19:02.606629Z", "fetched_at": "2025-07-15T14:20:22.039868+00:00", "symbol": "DOGE-USD"}, {"trade_id": 139124275, "side": "sell", "size": "6.20000000", "price": "0.19444000", "time": "2025-07-15T14:19:02.600496Z", "fetched_at": "2025-07-15T14:20:22.039868+00:00", "symbol": "DOGE-USD"}, {"trade_id": 139124274, "side": "sell", "size": "7.40000000", "price": "0.19438000", "time": "2025-07-15T14:19:02.134068Z", "fetched_at": "2025-07-15T14:20:22.039868+00:00", "symbol": "DOGE-USD"}, {"trade_id": 139124273, "side": "sell", "size": "2000.00000000", "price": "0.19438000", "time": "2025-07-15T14:19:02.134068Z", "fetched_at": "2025-07-15T14:20:22.039868+00:00", "symbol": "DOGE-USD"}, {"trade_id": 139124272, "side": "sell", "size": "2000.00000000", "price": "0.19438000", "time": "2025-07-15T14:19:02.134068Z", "fetched_at": "2025-07-15T14:20:22.039868+00:00", "symbol": "DOGE-USD"}, {"trade_id": 139124271, "side": "buy", "size": "5.70000000", "price": "0.19438000", "time": "2025-07-15T14:19:01.242035Z", "fetched_at": "2025-07-15T14:20:22.039868+00:00", "symbol": "DOGE-USD"}, {"trade_id": 139124270, "side": "sell", "size": "53.10000000", "price": "0.19441000", "time": "2025-07-15T14:19:01.197768Z", "fetched_at": "2025-07-15T14:20:22.039868+00:00", "symbol": "DOGE-USD"}, {"trade_id": 139124269, "side": "sell", "size": "6.80000000", "price": "0.19440000", "time": "2025-07-15T14:19:01.197768Z", "fetched_at": "2025-07-15T14:20:22.039868+00:00", "symbol": "DOGE-USD"}, {"trade_id": 139124268, "side": "buy", "size": "753.80000000", "price": "0.19440000", "time": "2025-07-15T14:19:00.554831Z", "fetched_at": "2025-07-15T14:20:22.039868+00:00", "symbol": "DOGE-USD"}, {"trade_id": 139124267, "side": "buy", "size": "5.70000000", "price": "0.19440000", "time": "2025-07-15T14:19:00.554831Z", "fetched_at": "2025-07-15T14:20:22.039868+00:00", "symbol": "DOGE-USD"}, {"trade_id": 139124266, "side": "buy", "size": "5.70000000", "price": "0.19442000", "time": "2025-07-15T14:19:00.554831Z", "fetched_at": "2025-07-15T14:20:22.039868+00:00", "symbol": "DOGE-USD"}, {"trade_id": 139124265, "side": "buy", "size": "5.70000000", "price": "0.19444000", "time": "2025-07-15T14:19:00.554831Z", "fetched_at": "2025-07-15T14:20:22.039868+00:00", "symbol": "DOGE-USD"}, {"trade_id": 139124264, "side": "sell", "size": "4960.20000000", "price": "0.19446000", "time": "2025-07-15T14:18:58.024857Z", "fetched_at": "2025-07-15T14:20:22.039868+00:00", "symbol": "DOGE-USD"}, {"trade_id": 139124263, "side": "sell", "size": "1880.30000000", "price": "0.19446000", "time": "2025-07-15T14:18:58.024857Z", "fetched_at": "2025-07-15T14:20:22.039868+00:00", "symbol": "DOGE-USD"}, {"trade_id": 139124262, "side": "sell", "size": "25.40000000", "price": "0.19445000", "time": "2025-07-15T14:18:58.024857Z", "fetched_at": "2025-07-15T14:20:22.039868+00:00", "symbol": "DOGE-USD"}, {"trade_id": 139124261, "side": "buy", "size": "183.00000000", "price": "0.19449000", "time": "2025-07-15T14:18:57.492425Z", "fetched_at": "2025-07-15T14:20:22.039868+00:00", "symbol": "DOGE-USD"}, {"trade_id": 139124260, "side": "buy", "size": "5.70000000", "price": "0.19446000", "time": "2025-07-15T14:18:57.488838Z", "fetched_at": "2025-07-15T14:20:22.039868+00:00", "symbol": "DOGE-USD"}, {"trade_id": 139124259, "side": "buy", "size": "5.70000000", "price": "0.19448000", "time": "2025-07-15T14:18:57.488838Z", "fetched_at": "2025-07-15T14:20:22.039868+00:00", "symbol": "DOGE-USD"}, {"trade_id": 139124258, "side": "buy", "size": "2871.60000000", "price": "0.19447000", "time": "2025-07-15T14:18:57.481096Z", "fetched_at": "2025-07-15T14:20:22.039868+00:00", "symbol": "DOGE-USD"}, {"trade_id": 139124257, "side": "buy", "size": "18946.60000000", "price": "0.19447000", "time": "2025-07-15T14:18:57.481096Z", "fetched_at": "2025-07-15T14:20:22.039868+00:00", "symbol": "DOGE-USD"}, {"trade_id": 139124256, "side": "buy", "size": "55.00000000", "price": "0.19448000", "time": "2025-07-15T14:18:57.480781Z", "fetched_at": "2025-07-15T14:20:22.039868+00:00", "symbol": "DOGE-USD"}, {"trade_id": 139124255, "side": "buy", "size": "5.70000000", "price": "0.19448000", "time": "2025-07-15T14:18:57.480781Z", "fetched_at": "2025-07-15T14:20:22.039868+00:00", "symbol": "DOGE-USD"}, {"trade_id": 139124254, "side": "buy", "size": "924.50000000", "price": "0.19449000", "time": "2025-07-15T14:18:57.480781Z", "fetched_at": "2025-07-15T14:20:22.039868+00:00", "symbol": "DOGE-USD"}, {"trade_id": 139124253, "side": "buy", "size": "5.70000000", "price": "0.19450000", "time": "2025-07-15T14:18:57.480781Z", "fetched_at": "2025-07-15T14:20:22.039868+00:00", "symbol": "DOGE-USD"}, {"trade_id": 139124252, "side": "buy", "size": "5.70000000", "price": "0.19452000", "time": "2025-07-15T14:18:57.480781Z", "fetched_at": "2025-07-15T14:20:22.039868+00:00", "symbol": "DOGE-USD"}, {"trade_id": 139124251, "side": "buy", "size": "43.00000000", "price": "0.19453000", "time": "2025-07-15T14:18:56.348783Z", "fetched_at": "2025-07-15T14:20:22.039868+00:00", "symbol": "DOGE-USD"}, {"trade_id": 139124250, "side": "buy", "size": "22.90000000", "price": "0.19454000", "time": "2025-07-15T14:18:55.618511Z", "fetched_at": "2025-07-15T14:20:22.039868+00:00", "symbol": "DOGE-USD"}, {"trade_id": 139124249, "side": "buy", "size": "5.70000000", "price": "0.19454000", "time": "2025-07-15T14:18:55.618511Z", "fetched_at": "2025-07-15T14:20:22.039868+00:00", "symbol": "DOGE-USD"}, {"trade_id": 139124248, "side": "buy", "size": "5.70000000", "price": "0.19456000", "time": "2025-07-15T14:18:54.244777Z", "fetched_at": "2025-07-15T14:20:22.039868+00:00", "symbol": "DOGE-USD"}, {"trade_id": 139124247, "side": "buy", "size": "5.70000000", "price": "0.19458000", "time": "2025-07-15T14:18:53.880789Z", "fetched_at": "2025-07-15T14:20:22.039868+00:00", "symbol": "DOGE-USD"}, {"trade_id": 139124246, "side": "sell", "size": "243.60000000", "price": "0.19459000", "time": "2025-07-15T14:18:52.029014Z", "fetched_at": "2025-07-15T14:20:22.039868+00:00", "symbol": "DOGE-USD"}, {"trade_id": 139124245, "side": "buy", "size": "118.90000000", "price": "0.19460000", "time": "2025-07-15T14:18:44.669638Z", "fetched_at": "2025-07-15T14:20:22.039868+00:00", "symbol": "DOGE-USD"}, {"trade_id": 139124244, "side": "buy", "size": "54.90000000", "price": "0.19461000", "time": "2025-07-15T14:18:44.669638Z", "fetched_at": "2025-07-15T14:20:22.039868+00:00", "symbol": "DOGE-USD"}, {"trade_id": 139124243, "side": "buy", "size": "1470.70000000", "price": "0.19462000", "time": "2025-07-15T14:18:44.669638Z", "fetched_at": "2025-07-15T14:20:22.039868+00:00", "symbol": "DOGE-USD"}, {"trade_id": 139124242, "side": "buy", "size": "924.50000000", "price": "0.19462000", "time": "2025-07-15T14:18:44.669638Z", "fetched_at": "2025-07-15T14:20:22.039868+00:00", "symbol": "DOGE-USD"}, {"trade_id": 139124241, "side": "sell", "size": "4.80000000", "price": "0.19458000", "time": "2025-07-15T14:18:39.584468Z", "fetched_at": "2025-07-15T14:20:22.039868+00:00", "symbol": "DOGE-USD"}, {"trade_id": 139124240, "side": "sell", "size": "15965.40000000", "price": "0.19453000", "time": "2025-07-15T14:18:36.213827Z", "fetched_at": "2025-07-15T14:20:22.039868+00:00", "symbol": "DOGE-USD"}, {"trade_id": 139124239, "side": "sell", "size": "9.80000000", "price": "0.19452000", "time": "2025-07-15T14:18:36.213827Z", "fetched_at": "2025-07-15T14:20:22.039868+00:00", "symbol": "DOGE-USD"}, {"trade_id": 139124238, "side": "buy", "size": "30.20000000", "price": "0.19450000", "time": "2025-07-15T14:18:36.133411Z", "fetched_at": "2025-07-15T14:20:22.039868+00:00", "symbol": "DOGE-USD"}, {"trade_id": 139124237, "side": "buy", "size": "5.70000000", "price": "0.19452000", "time": "2025-07-15T14:18:36.133411Z", "fetched_at": "2025-07-15T14:20:22.039868+00:00", "symbol": "DOGE-USD"}, {"trade_id": 139124236, "side": "buy", "size": "6.20000000", "price": "0.19455000", "time": "2025-07-15T14:18:35.219393Z", "fetched_at": "2025-07-15T14:20:22.039868+00:00", "symbol": "DOGE-USD"}, {"trade_id": 139124235, "side": "buy", "size": "5.70000000", "price": "0.19456000", "time": "2025-07-15T14:18:35.157220Z", "fetched_at": "2025-07-15T14:20:22.039868+00:00", "symbol": "DOGE-USD"}, {"trade_id": 139124234, "side": "buy", "size": "5.70000000", "price": "0.19458000", "time": "2025-07-15T14:18:34.771854Z", "fetched_at": "2025-07-15T14:20:22.039868+00:00", "symbol": "DOGE-USD"}, {"trade_id": 139124233, "side": "buy", "size": "5.70000000", "price": "0.19460000", "time": "2025-07-15T14:18:34.536965Z", "fetched_at": "2025-07-15T14:20:22.039868+00:00", "symbol": "DOGE-USD"}, {"trade_id": 139124232, "side": "buy", "size": "5.70000000", "price": "0.19462000", "time": "2025-07-15T14:18:34.449108Z", "fetched_at": "2025-07-15T14:20:22.039868+00:00", "symbol": "DOGE-USD"}, {"trade_id": 139124231, "side": "buy", "size": "93.20000000", "price": "0.19465000", "time": "2025-07-15T14:18:33.819487Z", "fetched_at": "2025-07-15T14:20:22.039868+00:00", "symbol": "DOGE-USD"}, {"trade_id": 139124230, "side": "sell", "size": "1566.00000000", "price": "0.19464000", "time": "2025-07-15T14:18:33.666732Z", "fetched_at": "2025-07-15T14:20:22.039868+00:00", "symbol": "DOGE-USD"}, {"trade_id": 139124229, "side": "sell", "size": "1566.00000000", "price": "0.19464000", "time": "2025-07-15T14:18:33.666732Z", "fetched_at": "2025-07-15T14:20:22.039868+00:00", "symbol": "DOGE-USD"}, {"trade_id": 139124228, "side": "buy", "size": "5.70000000", "price": "0.19464000", "time": "2025-07-15T14:18:33.148215Z", "fetched_at": "2025-07-15T14:20:22.039868+00:00", "symbol": "DOGE-USD"}, {"trade_id": 139124227, "side": "buy", "size": "5.70000000", "price": "0.19466000", "time": "2025-07-15T14:18:32.668982Z", "fetched_at": "2025-07-15T14:20:22.039868+00:00", "symbol": "DOGE-USD"}, {"trade_id": 139124226, "side": "buy", "size": "5.70000000", "price": "0.19468000", "time": "2025-07-15T14:18:32.623875Z", "fetched_at": "2025-07-15T14:20:22.039868+00:00", "symbol": "DOGE-USD"}, {"trade_id": 139124225, "side": "buy", "size": "5.70000000", "price": "0.19470000", "time": "2025-07-15T14:18:32.513452Z", "fetched_at": "2025-07-15T14:20:22.039868+00:00", "symbol": "DOGE-USD"}, {"trade_id": 139124224, "side": "buy", "size": "5.70000000", "price": "0.19472000", "time": "2025-07-15T14:18:32.431966Z", "fetched_at": "2025-07-15T14:20:22.039868+00:00", "symbol": "DOGE-USD"}, {"trade_id": 139124223, "side": "buy", "size": "5.70000000", "price": "0.19474000", "time": "2025-07-15T14:18:32.302414Z", "fetched_at": "2025-07-15T14:20:22.039868+00:00", "symbol": "DOGE-USD"}, {"trade_id": 139124222, "side": "buy", "size": "5.70000000", "price": "0.19476000", "time": "2025-07-15T14:18:32.204975Z", "fetched_at": "2025-07-15T14:20:22.039868+00:00", "symbol": "DOGE-USD"}, {"trade_id": 139124221, "side": "buy", "size": "5.70000000", "price": "0.19478000", "time": "2025-07-15T14:18:32.155162Z", "fetched_at": "2025-07-15T14:20:22.039868+00:00", "symbol": "DOGE-USD"}, {"trade_id": 139124220, "side": "buy", "size": "5.70000000", "price": "0.19480000", "time": "2025-07-15T14:18:32.002538Z", "fetched_at": "2025-07-15T14:20:22.039868+00:00", "symbol": "DOGE-USD"}, {"trade_id": 139124219, "side": "buy", "size": "35.60000000", "price": "0.19482000", "time": "2025-07-15T14:18:32.002538Z", "fetched_at": "2025-07-15T14:20:22.039868+00:00", "symbol": "DOGE-USD"}, {"trade_id": 139124218, "side": "buy", "size": "2898.10000000", "price": "0.19481000", "time": "2025-07-15T14:18:31.999094Z", "fetched_at": "2025-07-15T14:20:22.039868+00:00", "symbol": "DOGE-USD"}, {"trade_id": 139124217, "side": "buy", "size": "1773.80000000", "price": "0.19481000", "time": "2025-07-15T14:18:31.999094Z", "fetched_at": "2025-07-15T14:20:22.039868+00:00", "symbol": "DOGE-USD"}, {"trade_id": 139124216, "side": "buy", "size": "35.10000000", "price": "0.19482000", "time": "2025-07-15T14:18:31.993156Z", "fetched_at": "2025-07-15T14:20:22.039868+00:00", "symbol": "DOGE-USD"}, {"trade_id": 139124215, "side": "buy", "size": "3786.90000000", "price": "0.19482000", "time": "2025-07-15T14:18:31.993156Z", "fetched_at": "2025-07-15T14:20:22.039868+00:00", "symbol": "DOGE-USD"}, {"trade_id": 139124214, "side": "buy", "size": "1566.00000000", "price": "0.19482000", "time": "2025-07-15T14:18:31.993156Z", "fetched_at": "2025-07-15T14:20:22.039868+00:00", "symbol": "DOGE-USD"}, {"trade_id": 139124213, "side": "buy", "size": "304.70000000", "price": "0.19485000", "time": "2025-07-15T14:18:31.993156Z", "fetched_at": "2025-07-15T14:20:22.039868+00:00", "symbol": "DOGE-USD"}, {"trade_id": 139124212, "side": "sell", "size": "10000.00000000", "price": "0.19484000", "time": "2025-07-15T14:18:29.581279Z", "fetched_at": "2025-07-15T14:20:22.039868+00:00", "symbol": "DOGE-USD"}, {"trade_id": 139124211, "side": "sell", "size": "6455.40000000", "price": "0.19484000", "time": "2025-07-15T14:18:29.581279Z", "fetched_at": "2025-07-15T14:20:22.039868+00:00", "symbol": "DOGE-USD"}, {"trade_id": 139124210, "side": "sell", "size": "921.80000000", "price": "0.19484000", "time": "2025-07-15T14:18:29.581279Z", "fetched_at": "2025-07-15T14:20:22.039868+00:00", "symbol": "DOGE-USD"}, {"trade_id": 139124209, "side": "sell", "size": "1773.80000000", "price": "0.19484000", "time": "2025-07-15T14:18:29.581279Z", "fetched_at": "2025-07-15T14:20:22.039868+00:00", "symbol": "DOGE-USD"}, {"trade_id": 139124208, "side": "sell", "size": "2500.00000000", "price": "0.19484000", "time": "2025-07-15T14:18:29.581279Z", "fetched_at": "2025-07-15T14:20:22.039868+00:00", "symbol": "DOGE-USD"}, {"trade_id": 139124207, "side": "sell", "size": "7434.90000000", "price": "0.19483000", "time": "2025-07-15T14:18:29.577867Z", "fetched_at": "2025-07-15T14:20:22.039868+00:00", "symbol": "DOGE-USD"}, {"trade_id": 139124206, "side": "sell", "size": "1773.80000000", "price": "0.19483000", "time": "2025-07-15T14:18:29.577867Z", "fetched_at": "2025-07-15T14:20:22.039868+00:00", "symbol": "DOGE-USD"}, {"trade_id": 139124205, "side": "sell", "size": "1499.40000000", "price": "0.19481000", "time": "2025-07-15T14:18:29.564485Z", "fetched_at": "2025-07-15T14:20:22.039868+00:00", "symbol": "DOGE-USD"}, {"trade_id": 139124204, "side": "sell", "size": "0.50000000", "price": "0.19481000", "time": "2025-07-15T14:18:28.218242Z", "fetched_at": "2025-07-15T14:20:22.039868+00:00", "symbol": "DOGE-USD"}, {"trade_id": 139124203, "side": "buy", "size": "5094.20000000", "price": "0.19482000", "time": "2025-07-15T14:18:21.958334Z", "fetched_at": "2025-07-15T14:20:22.039868+00:00", "symbol": "DOGE-USD"}, {"trade_id": 139124202, "side": "buy", "size": "5.70000000", "price": "0.19482000", "time": "2025-07-15T14:18:21.958334Z", "fetched_at": "2025-07-15T14:20:22.039868+00:00", "symbol": "DOGE-USD"}, {"trade_id": 139124201, "side": "sell", "size": "27.60000000", "price": "0.19483000", "time": "2025-07-15T14:18:20.679911Z", "fetched_at": "2025-07-15T14:20:22.039868+00:00", "symbol": "DOGE-USD"}, {"trade_id": 139124200, "side": "sell", "size": "24.10000000", "price": "0.19487000", "time": "2025-07-15T14:18:15.988682Z", "fetched_at": "2025-07-15T14:20:22.039868+00:00", "symbol": "DOGE-USD"}, {"trade_id": 139124199, "side": "sell", "size": "5815.60000000", "price": "0.19490000", "time": "2025-07-15T14:18:14.553679Z", "fetched_at": "2025-07-15T14:20:22.039868+00:00", "symbol": "DOGE-USD"}, {"trade_id": 139124198, "side": "sell", "size": "5.70000000", "price": "0.19490000", "time": "2025-07-15T14:18:14.553679Z", "fetched_at": "2025-07-15T14:20:22.039868+00:00", "symbol": "DOGE-USD"}, {"trade_id": 139124197, "side": "sell", "size": "1448.20000000", "price": "0.19489000", "time": "2025-07-15T14:18:14.553679Z", "fetched_at": "2025-07-15T14:20:22.039868+00:00", "symbol": "DOGE-USD"}, {"trade_id": 139124196, "side": "sell", "size": "2000.00000000", "price": "0.19489000", "time": "2025-07-15T14:18:14.553679Z", "fetched_at": "2025-07-15T14:20:22.039868+00:00", "symbol": "DOGE-USD"}, {"trade_id": 139124195, "side": "sell", "size": "6.30000000", "price": "0.19488000", "time": "2025-07-15T14:18:14.553679Z", "fetched_at": "2025-07-15T14:20:22.039868+00:00", "symbol": "DOGE-USD"}, {"trade_id": 139124194, "side": "sell", "size": "5.70000000", "price": "0.19488000", "time": "2025-07-15T14:18:14.553679Z", "fetched_at": "2025-07-15T14:20:22.039868+00:00", "symbol": "DOGE-USD"}, {"trade_id": 139124193, "side": "buy", "size": "51.30000000", "price": "0.19484000", "time": "2025-07-15T14:18:05.778201Z", "fetched_at": "2025-07-15T14:20:22.039868+00:00", "symbol": "DOGE-USD"}, {"trade_id": 139124192, "side": "buy", "size": "51.60000000", "price": "0.19484000", "time": "2025-07-15T14:18:05.529387Z", "fetched_at": "2025-07-15T14:20:22.039868+00:00", "symbol": "DOGE-USD"}, {"trade_id": 139124191, "side": "sell", "size": "18916.50000000", "price": "0.19485000", "time": "2025-07-15T14:18:04.269624Z", "fetched_at": "2025-07-15T14:20:22.039868+00:00", "symbol": "DOGE-USD"}, {"trade_id": 139124190, "side": "sell", "size": "19.50000000", "price": "0.19484000", "time": "2025-07-15T14:18:04.269624Z", "fetched_at": "2025-07-15T14:20:22.039868+00:00", "symbol": "DOGE-USD"}, {"trade_id": 139124189, "side": "sell", "size": "283.90000000", "price": "0.19488000", "time": "2025-07-15T14:18:02.609734Z", "fetched_at": "2025-07-15T14:20:22.039868+00:00", "symbol": "DOGE-USD"}, {"trade_id": 139124188, "side": "sell", "size": "15.20000000", "price": "0.19487000", "time": "2025-07-15T14:18:02.609734Z", "fetched_at": "2025-07-15T14:20:22.039868+00:00", "symbol": "DOGE-USD"}, {"trade_id": 139124187, "side": "sell", "size": "2000.00000000", "price": "0.19486000", "time": "2025-07-15T14:18:01.710550Z", "fetched_at": "2025-07-15T14:20:22.039868+00:00", "symbol": "DOGE-USD"}, {"trade_id": 139124186, "side": "sell", "size": "16.20000000", "price": "0.19485000", "time": "2025-07-15T14:18:01.710550Z", "fetched_at": "2025-07-15T14:20:22.039868+00:00", "symbol": "DOGE-USD"}, {"trade_id": 139124185, "side": "sell", "size": "4.90000000", "price": "0.19485000", "time": "2025-07-15T14:18:01.427868Z", "fetched_at": "2025-07-15T14:20:22.039868+00:00", "symbol": "DOGE-USD"}, {"trade_id": 139124184, "side": "sell", "size": "10000.00000000", "price": "0.19480000", "time": "2025-07-15T14:17:59.595074Z", "fetched_at": "2025-07-15T14:20:22.039868+00:00", "symbol": "DOGE-USD"}, {"trade_id": 139124183, "side": "sell", "size": "52.60000000", "price": "0.19479000", "time": "2025-07-15T14:17:59.595074Z", "fetched_at": "2025-07-15T14:20:22.039868+00:00", "symbol": "DOGE-USD"}, {"trade_id": 139124182, "side": "buy", "size": "27637.50000000", "price": "0.19491000", "time": "2025-07-15T14:17:58.118523Z", "fetched_at": "2025-07-15T14:20:22.039868+00:00", "symbol": "DOGE-USD"}, {"trade_id": 139124181, "side": "sell", "size": "6581.50000000", "price": "0.19491000", "time": "2025-07-15T14:17:58.057235Z", "fetched_at": "2025-07-15T14:20:22.039868+00:00", "symbol": "DOGE-USD"}, {"trade_id": 139124180, "side": "sell", "size": "3739.30000000", "price": "0.19491000", "time": "2025-07-15T14:17:58.057235Z", "fetched_at": "2025-07-15T14:20:22.039868+00:00", "symbol": "DOGE-USD"}, {"trade_id": 139124179, "side": "sell", "size": "1750.00000000", "price": "0.19491000", "time": "2025-07-15T14:17:58.057235Z", "fetched_at": "2025-07-15T14:20:22.039868+00:00", "symbol": "DOGE-USD"}, {"trade_id": 139124178, "side": "sell", "size": "2175.10000000", "price": "0.19491000", "time": "2025-07-15T14:17:58.057235Z", "fetched_at": "2025-07-15T14:20:22.039868+00:00", "symbol": "DOGE-USD"}, {"trade_id": 139124177, "side": "sell", "size": "1773.80000000", "price": "0.19491000", "time": "2025-07-15T14:17:58.057235Z", "fetched_at": "2025-07-15T14:20:22.039868+00:00", "symbol": "DOGE-USD"}, {"trade_id": 139124176, "side": "sell", "size": "1566.00000000", "price": "0.19491000", "time": "2025-07-15T14:17:58.057235Z", "fetched_at": "2025-07-15T14:20:22.039868+00:00", "symbol": "DOGE-USD"}, {"trade_id": 139124175, "side": "sell", "size": "6581.50000000", "price": "0.19490000", "time": "2025-07-15T14:17:58.057235Z", "fetched_at": "2025-07-15T14:20:22.039868+00:00", "symbol": "DOGE-USD"}, {"trade_id": 139124174, "side": "sell", "size": "1773.80000000", "price": "0.19490000", "time": "2025-07-15T14:17:58.057235Z", "fetched_at": "2025-07-15T14:20:22.039868+00:00", "symbol": "DOGE-USD"}, {"trade_id": 139124173, "side": "sell", "size": "18912.00000000", "price": "0.19490000", "time": "2025-07-15T14:17:58.057235Z", "fetched_at": "2025-07-15T14:20:22.039868+00:00", "symbol": "DOGE-USD"}, {"trade_id": 139124172, "side": "sell", "size": "474.70000000", "price": "0.19488000", "time": "2025-07-15T14:17:58.057235Z", "fetched_at": "2025-07-15T14:20:22.039868+00:00", "symbol": "DOGE-USD"}, {"trade_id": 139124171, "side": "sell", "size": "1597.20000000", "price": "0.19487000", "time": "2025-07-15T14:17:58.057235Z", "fetched_at": "2025-07-15T14:20:22.039868+00:00", "symbol": "DOGE-USD"}, {"trade_id": 139124170, "side": "sell", "size": "1566.00000000", "price": "0.19487000", "time": "2025-07-15T14:17:58.057235Z", "fetched_at": "2025-07-15T14:20:22.039868+00:00", "symbol": "DOGE-USD"}, {"trade_id": 139124169, "side": "sell", "size": "183.00000000", "price": "0.19487000", "time": "2025-07-15T14:17:58.057235Z", "fetched_at": "2025-07-15T14:20:22.039868+00:00", "symbol": "DOGE-USD"}, {"trade_id": 139124168, "side": "sell", "size": "1606.10000000", "price": "0.19486000", "time": "2025-07-15T14:17:58.057235Z", "fetched_at": "2025-07-15T14:20:22.039868+00:00", "symbol": "DOGE-USD"}, {"trade_id": 139124167, "side": "sell", "size": "114.60000000", "price": "0.19486000", "time": "2025-07-15T14:17:58.057235Z", "fetched_at": "2025-07-15T14:20:22.039868+00:00", "symbol": "DOGE-USD"}, {"trade_id": 139124166, "side": "sell", "size": "33.20000000", "price": "0.19486000", "time": "2025-07-15T14:17:58.057235Z", "fetched_at": "2025-07-15T14:20:22.039868+00:00", "symbol": "DOGE-USD"}, {"trade_id": 139124165, "side": "buy", "size": "2525.00000000", "price": "0.19480000", "time": "2025-07-15T14:17:57.963006Z", "fetched_at": "2025-07-15T14:20:22.039868+00:00", "symbol": "DOGE-USD"}, {"trade_id": 139124164, "side": "buy", "size": "5.70000000", "price": "0.19480000", "time": "2025-07-15T14:17:57.963006Z", "fetched_at": "2025-07-15T14:20:22.039868+00:00", "symbol": "DOGE-USD"}, {"trade_id": 139124163, "side": "buy", "size": "20.90000000", "price": "0.19482000", "time": "2025-07-15T14:17:57.955587Z", "fetched_at": "2025-07-15T14:20:22.039868+00:00", "symbol": "DOGE-USD"}, {"trade_id": 139124162, "side": "buy", "size": "5.70000000", "price": "0.19482000", "time": "2025-07-15T14:17:57.952267Z", "fetched_at": "2025-07-15T14:20:22.039868+00:00", "symbol": "DOGE-USD"}, {"trade_id": 139124161, "side": "buy", "size": "918.50000000", "price": "0.19487000", "time": "2025-07-15T14:17:57.952267Z", "fetched_at": "2025-07-15T14:20:22.039868+00:00", "symbol": "DOGE-USD"}, {"trade_id": 139124160, "side": "buy", "size": "18912.60000000", "price": "0.19482000", "time": "2025-07-15T14:17:57.942975Z", "fetched_at": "2025-07-15T14:20:22.039868+00:00", "symbol": "DOGE-USD"}, {"trade_id": 139124159, "side": "buy", "size": "5.70000000", "price": "0.19482000", "time": "2025-07-15T14:17:57.942975Z", "fetched_at": "2025-07-15T14:20:22.039868+00:00", "symbol": "DOGE-USD"}, {"trade_id": 139124158, "side": "buy", "size": "6583.70000000", "price": "0.19482000", "time": "2025-07-15T14:17:57.942975Z", "fetched_at": "2025-07-15T14:20:22.039868+00:00", "symbol": "DOGE-USD"}, {"trade_id": 139124157, "side": "buy", "size": "3746.10000000", "price": "0.19483000", "time": "2025-07-15T14:17:57.942975Z", "fetched_at": "2025-07-15T14:20:22.039868+00:00", "symbol": "DOGE-USD"}, {"trade_id": 139124156, "side": "buy", "size": "6581.60000000", "price": "0.19483000", "time": "2025-07-15T14:17:57.942975Z", "fetched_at": "2025-07-15T14:20:22.039868+00:00", "symbol": "DOGE-USD"}, {"trade_id": 139124155, "side": "buy", "size": "5.70000000", "price": "0.19484000", "time": "2025-07-15T14:17:57.942536Z", "fetched_at": "2025-07-15T14:20:22.039868+00:00", "symbol": "DOGE-USD"}, {"trade_id": 139124154, "side": "buy", "size": "20.90000000", "price": "0.19486000", "time": "2025-07-15T14:17:57.942536Z", "fetched_at": "2025-07-15T14:20:22.039868+00:00", "symbol": "DOGE-USD"}, {"trade_id": 139124153, "side": "buy", "size": "5.70000000", "price": "0.19486000", "time": "2025-07-15T14:17:57.942536Z", "fetched_at": "2025-07-15T14:20:22.039868+00:00", "symbol": "DOGE-USD"}, {"trade_id": 139124152, "side": "sell", "size": "37.40000000", "price": "0.19491000", "time": "2025-07-15T14:17:56.659613Z", "fetched_at": "2025-07-15T14:20:22.039868+00:00", "symbol": "DOGE-USD"}, {"trade_id": 139124151, "side": "sell", "size": "1333.10000000", "price": "0.19492000", "time": "2025-07-15T14:17:56.603519Z", "fetched_at": "2025-07-15T14:20:22.039868+00:00", "symbol": "DOGE-USD"}, {"trade_id": 139124150, "side": "sell", "size": "1773.80000000", "price": "0.19492000", "time": "2025-07-15T14:17:56.603519Z", "fetched_at": "2025-07-15T14:20:22.039868+00:00", "symbol": "DOGE-USD"}, {"trade_id": 139124149, "side": "sell", "size": "366.70000000", "price": "0.19491000", "time": "2025-07-15T14:17:56.603519Z", "fetched_at": "2025-07-15T14:20:22.039868+00:00", "symbol": "DOGE-USD"}, {"trade_id": 139124148, "side": "sell", "size": "1566.00000000", "price": "0.19491000", "time": "2025-07-15T14:17:56.603519Z", "fetched_at": "2025-07-15T14:20:22.039868+00:00", "symbol": "DOGE-USD"}, {"trade_id": 139124147, "side": "sell", "size": "37.40000000", "price": "0.19490000", "time": "2025-07-15T14:17:56.603519Z", "fetched_at": "2025-07-15T14:20:22.039868+00:00", "symbol": "DOGE-USD"}, {"trade_id": 139124146, "side": "buy", "size": "277.20000000", "price": "0.19487000", "time": "2025-07-15T14:17:55.254515Z", "fetched_at": "2025-07-15T14:20:22.039868+00:00", "symbol": "DOGE-USD"}, {"trade_id": 139124145, "side": "buy", "size": "5.70000000", "price": "0.19488000", "time": "2025-07-15T14:17:55.254515Z", "fetched_at": "2025-07-15T14:20:22.039868+00:00", "symbol": "DOGE-USD"}, {"trade_id": 139124144, "side": "buy", "size": "5.70000000", "price": "0.19490000", "time": "2025-07-15T14:17:55.254515Z", "fetched_at": "2025-07-15T14:20:22.039868+00:00", "symbol": "DOGE-USD"}, {"trade_id": 139124143, "side": "buy", "size": "142.40000000", "price": "0.19491000", "time": "2025-07-15T14:17:53.497802Z", "fetched_at": "2025-07-15T14:20:22.039868+00:00", "symbol": "DOGE-USD"}, {"trade_id": 139124142, "side": "buy", "size": "918.50000000", "price": "0.19491000", "time": "2025-07-15T14:17:53.497802Z", "fetched_at": "2025-07-15T14:20:22.039868+00:00", "symbol": "DOGE-USD"}, {"trade_id": 139124141, "side": "buy", "size": "5.70000000", "price": "0.19492000", "time": "2025-07-15T14:17:53.497802Z", "fetched_at": "2025-07-15T14:20:22.039868+00:00", "symbol": "DOGE-USD"}, {"trade_id": 139124140, "side": "buy", "size": "18914.50000000", "price": "0.19494000", "time": "2025-07-15T14:17:52.186349Z", "fetched_at": "2025-07-15T14:20:22.039868+00:00", "symbol": "DOGE-USD"}, {"trade_id": 139124139, "side": "buy", "size": "10.40000000", "price": "0.19501000", "time": "2025-07-15T14:17:50.631142Z", "fetched_at": "2025-07-15T14:20:22.039868+00:00", "symbol": "DOGE-USD"}, {"trade_id": 139124138, "side": "buy", "size": "177.80000000", "price": "0.19496000", "time": "2025-07-15T14:17:49.204147Z", "fetched_at": "2025-07-15T14:20:22.039868+00:00", "symbol": "DOGE-USD"}, {"trade_id": 139124137, "side": "buy", "size": "304.70000000", "price": "0.19498000", "time": "2025-07-15T14:17:49.204147Z", "fetched_at": "2025-07-15T14:20:22.039868+00:00", "symbol": "DOGE-USD"}, {"trade_id": 139124136, "side": "sell", "size": "437.30000000", "price": "0.19500000", "time": "2025-07-15T14:17:48.710900Z", "fetched_at": "2025-07-15T14:20:22.039868+00:00", "symbol": "DOGE-USD"}, {"trade_id": 139124135, "side": "sell", "size": "5.70000000", "price": "0.19500000", "time": "2025-07-15T14:17:48.710900Z", "fetched_at": "2025-07-15T14:20:22.039868+00:00", "symbol": "DOGE-USD"}, {"trade_id": 139124134, "side": "sell", "size": "535.00000000", "price": "0.19499000", "time": "2025-07-15T14:17:48.710900Z", "fetched_at": "2025-07-15T14:20:22.039868+00:00", "symbol": "DOGE-USD"}, {"trade_id": 139124133, "side": "sell", "size": "33.70000000", "price": "0.19498000", "time": "2025-07-15T14:17:48.710900Z", "fetched_at": "2025-07-15T14:20:22.039868+00:00", "symbol": "DOGE-USD"}, {"trade_id": 139124132, "side": "sell", "size": "5.70000000", "price": "0.19498000", "time": "2025-07-15T14:17:48.710900Z", "fetched_at": "2025-07-15T14:20:22.039868+00:00", "symbol": "DOGE-USD"}, {"trade_id": 139124131, "side": "sell", "size": "5.70000000", "price": "0.19496000", "time": "2025-07-15T14:17:48.710900Z", "fetched_at": "2025-07-15T14:20:22.039868+00:00", "symbol": "DOGE-USD"}, {"trade_id": 139124130, "side": "sell", "size": "5.70000000", "price": "0.19492000", "time": "2025-07-15T14:17:47.837465Z", "fetched_at": "2025-07-15T14:20:22.039868+00:00", "symbol": "DOGE-USD"}, {"trade_id": 139124129, "side": "buy", "size": "32.10000000", "price": "0.19491000", "time": "2025-07-15T14:17:45.662702Z", "fetched_at": "2025-07-15T14:20:22.039868+00:00", "symbol": "DOGE-USD"}, {"trade_id": 139124128, "side": "sell", "size": "5.70000000", "price": "0.19488000", "time": "2025-07-15T14:17:45.115377Z", "fetched_at": "2025-07-15T14:20:22.039868+00:00", "symbol": "DOGE-USD"}, {"trade_id": 139124127, "side": "sell", "size": "5612.50000000", "price": "0.19487000", "time": "2025-07-15T14:17:43.983936Z", "fetched_at": "2025-07-15T14:20:22.039868+00:00", "symbol": "DOGE-USD"}, {"trade_id": 139124126, "side": "sell", "size": "7229.60000000", "price": "0.19487000", "time": "2025-07-15T14:17:43.983936Z", "fetched_at": "2025-07-15T14:20:22.039868+00:00", "symbol": "DOGE-USD"}, {"trade_id": 139124125, "side": "sell", "size": "1773.80000000", "price": "0.19487000", "time": "2025-07-15T14:17:43.983936Z", "fetched_at": "2025-07-15T14:20:22.039868+00:00", "symbol": "DOGE-USD"}, {"trade_id": 139124124, "side": "sell", "size": "40.40000000", "price": "0.19486000", "time": "2025-07-15T14:17:43.983936Z", "fetched_at": "2025-07-15T14:20:22.039868+00:00", "symbol": "DOGE-USD"}, {"trade_id": 139124123, "side": "sell", "size": "3.70000000", "price": "0.19486000", "time": "2025-07-15T14:17:43.983936Z", "fetched_at": "2025-07-15T14:20:22.039868+00:00", "symbol": "DOGE-USD"}, {"trade_id": 139124122, "side": "sell", "size": "2.00000000", "price": "0.19486000", "time": "2025-07-15T14:17:42.785368Z", "fetched_at": "2025-07-15T14:20:22.039868+00:00", "symbol": "DOGE-USD"}, {"trade_id": 139124121, "side": "sell", "size": "5000.00000000", "price": "0.19480000", "time": "2025-07-15T14:17:40.449249Z", "fetched_at": "2025-07-15T14:20:22.039868+00:00", "symbol": "DOGE-USD"}, {"trade_id": 139124120, "side": "sell", "size": "2500.00000000", "price": "0.19480000", "time": "2025-07-15T14:17:40.449249Z", "fetched_at": "2025-07-15T14:20:22.039868+00:00", "symbol": "DOGE-USD"}, {"trade_id": 139124119, "side": "sell", "size": "183.00000000", "price": "0.19479000", "time": "2025-07-15T14:17:40.449249Z", "fetched_at": "2025-07-15T14:20:22.039868+00:00", "symbol": "DOGE-USD"}, {"trade_id": 139124118, "side": "sell", "size": "46.00000000", "price": "0.19479000", "time": "2025-07-15T14:17:40.449249Z", "fetched_at": "2025-07-15T14:20:22.039868+00:00", "symbol": "DOGE-USD"}, {"trade_id": 139124117, "side": "buy", "size": "21.10000000", "price": "0.19477000", "time": "2025-07-15T14:17:39.244769Z", "fetched_at": "2025-07-15T14:20:22.039868+00:00", "symbol": "DOGE-USD"}, {"trade_id": 139124116, "side": "buy", "size": "5.70000000", "price": "0.19478000", "time": "2025-07-15T14:17:39.244769Z", "fetched_at": "2025-07-15T14:20:22.039868+00:00", "symbol": "DOGE-USD"}, {"trade_id": 139124115, "side": "buy", "size": "5.70000000", "price": "0.19480000", "time": "2025-07-15T14:17:39.066505Z", "fetched_at": "2025-07-15T14:20:22.039868+00:00", "symbol": "DOGE-USD"}, {"trade_id": 139124114, "side": "buy", "size": "5.70000000", "price": "0.19482000", "time": "2025-07-15T14:17:38.439132Z", "fetched_at": "2025-07-15T14:20:22.039868+00:00", "symbol": "DOGE-USD"}, {"trade_id": 139124113, "side": "buy", "size": "6.70000000", "price": "0.19484000", "time": "2025-07-15T14:17:38.436856Z", "fetched_at": "2025-07-15T14:20:22.039868+00:00", "symbol": "DOGE-USD"}, {"trade_id": 139124112, "side": "buy", "size": "5.70000000", "price": "0.19484000", "time": "2025-07-15T14:17:38.436856Z", "fetched_at": "2025-07-15T14:20:22.039868+00:00", "symbol": "DOGE-USD"}, {"trade_id": 139124111, "side": "buy", "size": "918.50000000", "price": "0.19486000", "time": "2025-07-15T14:17:35.687289Z", "fetched_at": "2025-07-15T14:20:22.039868+00:00", "symbol": "DOGE-USD"}, {"trade_id": 139124110, "side": "buy", "size": "5.70000000", "price": "0.19486000", "time": "2025-07-15T14:17:35.687289Z", "fetched_at": "2025-07-15T14:20:22.039868+00:00", "symbol": "DOGE-USD"}, {"trade_id": 139124109, "side": "buy", "size": "5.70000000", "price": "0.19488000", "time": "2025-07-15T14:17:35.687289Z", "fetched_at": "2025-07-15T14:20:22.039868+00:00", "symbol": "DOGE-USD"}, {"trade_id": 139124108, "side": "buy", "size": "5.70000000", "price": "0.19490000", "time": "2025-07-15T14:17:35.677563Z", "fetched_at": "2025-07-15T14:20:22.039868+00:00", "symbol": "DOGE-USD"}, {"trade_id": 139124107, "side": "sell", "size": "7.60000000", "price": "0.19491000", "time": "2025-07-15T14:17:31.278928Z", "fetched_at": "2025-07-15T14:20:22.039868+00:00", "symbol": "DOGE-USD"}, {"trade_id": 139124106, "side": "sell", "size": "5.70000000", "price": "0.19494000", "time": "2025-07-15T14:17:26.526119Z", "fetched_at": "2025-07-15T14:20:22.039868+00:00", "symbol": "DOGE-USD"}, {"trade_id": 139124105, "side": "sell", "size": "1566.00000000", "price": "0.19494000", "time": "2025-07-15T14:17:26.526119Z", "fetched_at": "2025-07-15T14:20:22.039868+00:00", "symbol": "DOGE-USD"}, {"trade_id": 139124104, "side": "sell", "size": "19.00000000", "price": "0.19493000", "time": "2025-07-15T14:17:26.526119Z", "fetched_at": "2025-07-15T14:20:22.039868+00:00", "symbol": "DOGE-USD"}, {"trade_id": 139124103, "side": "sell", "size": "5.70000000", "price": "0.19492000", "time": "2025-07-15T14:17:26.526119Z", "fetched_at": "2025-07-15T14:20:22.039868+00:00", "symbol": "DOGE-USD"}, {"trade_id": 139124102, "side": "sell", "size": "5.70000000", "price": "0.19490000", "time": "2025-07-15T14:17:25.363298Z", "fetched_at": "2025-07-15T14:20:22.039868+00:00", "symbol": "DOGE-USD"}, {"trade_id": 139124101, "side": "sell", "size": "18918.60000000", "price": "0.19488000", "time": "2025-07-15T14:17:25.082100Z", "fetched_at": "2025-07-15T14:20:22.039868+00:00", "symbol": "DOGE-USD"}, {"trade_id": 139124100, "side": "buy", "size": "5.70000000", "price": "0.19486000", "time": "2025-07-15T14:17:23.766914Z", "fetched_at": "2025-07-15T14:20:22.039868+00:00", "symbol": "DOGE-USD"}, {"trade_id": 139124099, "side": "buy", "size": "5.70000000", "price": "0.19488000", "time": "2025-07-15T14:17:20.370946Z", "fetched_at": "2025-07-15T14:20:22.039868+00:00", "symbol": "DOGE-USD"}, {"trade_id": 139124098, "side": "buy", "size": "5.70000000", "price": "0.19492000", "time": "2025-07-15T14:17:19.216656Z", "fetched_at": "2025-07-15T14:20:22.039868+00:00", "symbol": "DOGE-USD"}, {"trade_id": 139124097, "side": "sell", "size": "6603.90000000", "price": "0.19493000", "time": "2025-07-15T14:17:18.892067Z", "fetched_at": "2025-07-15T14:20:22.039868+00:00", "symbol": "DOGE-USD"}, {"trade_id": 139124096, "side": "sell", "size": "7269.30000000", "price": "0.19493000", "time": "2025-07-15T14:17:17.974385Z", "fetched_at": "2025-07-15T14:20:22.039868+00:00", "symbol": "DOGE-USD"}, {"trade_id": 139124095, "side": "sell", "size": "8625.10000000", "price": "0.19498000", "time": "2025-07-15T14:17:15.894765Z", "fetched_at": "2025-07-15T14:20:22.039868+00:00", "symbol": "DOGE-USD"}, {"trade_id": 139124094, "side": "sell", "size": "1773.80000000", "price": "0.19498000", "time": "2025-07-15T14:17:15.894765Z", "fetched_at": "2025-07-15T14:20:22.039868+00:00", "symbol": "DOGE-USD"}, {"trade_id": 139124093, "side": "sell", "size": "6579.10000000", "price": "0.19498000", "time": "2025-07-15T14:17:15.894765Z", "fetched_at": "2025-07-15T14:20:22.039868+00:00", "symbol": "DOGE-USD"}, {"trade_id": 139124092, "side": "sell", "size": "10000.00000000", "price": "0.19498000", "time": "2025-07-15T14:17:15.894765Z", "fetched_at": "2025-07-15T14:20:22.039868+00:00", "symbol": "DOGE-USD"}, {"trade_id": 139124091, "side": "sell", "size": "2500.00000000", "price": "0.19497000", "time": "2025-07-15T14:17:15.894765Z", "fetched_at": "2025-07-15T14:20:22.039868+00:00", "symbol": "DOGE-USD"}, {"trade_id": 139124090, "side": "sell", "size": "6579.10000000", "price": "0.19497000", "time": "2025-07-15T14:17:15.894765Z", "fetched_at": "2025-07-15T14:20:22.039868+00:00", "symbol": "DOGE-USD"}, {"trade_id": 139124089, "side": "sell", "size": "10938.00000000", "price": "0.19497000", "time": "2025-07-15T14:17:15.894765Z", "fetched_at": "2025-07-15T14:20:22.039868+00:00", "symbol": "DOGE-USD"}, {"trade_id": 139124088, "side": "sell", "size": "1773.80000000", "price": "0.19497000", "time": "2025-07-15T14:17:15.894765Z", "fetched_at": "2025-07-15T14:20:22.039868+00:00", "symbol": "DOGE-USD"}, {"trade_id": 139124087, "side": "sell", "size": "6579.10000000", "price": "0.19496000", "time": "2025-07-15T14:17:15.894765Z", "fetched_at": "2025-07-15T14:20:22.039868+00:00", "symbol": "DOGE-USD"}, {"trade_id": 139124086, "side": "sell", "size": "3688.70000000", "price": "0.19496000", "time": "2025-07-15T14:17:15.894765Z", "fetched_at": "2025-07-15T14:20:22.039868+00:00", "symbol": "DOGE-USD"}, {"trade_id": 139124085, "side": "sell", "size": "1444.20000000", "price": "0.19496000", "time": "2025-07-15T14:17:15.894765Z", "fetched_at": "2025-07-15T14:20:22.039868+00:00", "symbol": "DOGE-USD"}, {"trade_id": 139124084, "side": "sell", "size": "918.50000000", "price": "0.19494000", "time": "2025-07-15T14:17:15.894765Z", "fetched_at": "2025-07-15T14:20:22.039868+00:00", "symbol": "DOGE-USD"}, {"trade_id": 139124083, "side": "sell", "size": "1566.00000000", "price": "0.19494000", "time": "2025-07-15T14:17:15.894765Z", "fetched_at": "2025-07-15T14:20:22.039868+00:00", "symbol": "DOGE-USD"}, {"trade_id": 139124082, "side": "sell", "size": "1651.30000000", "price": "0.19493000", "time": "2025-07-15T14:17:15.894765Z", "fetched_at": "2025-07-15T14:20:22.039868+00:00", "symbol": "DOGE-USD"}, {"trade_id": 139124081, "side": "sell", "size": "183.00000000", "price": "0.19493000", "time": "2025-07-15T14:17:15.894765Z", "fetched_at": "2025-07-15T14:20:22.039868+00:00", "symbol": "DOGE-USD"}, {"trade_id": 139124080, "side": "sell", "size": "54.70000000", "price": "0.19493000", "time": "2025-07-15T14:17:15.894765Z", "fetched_at": "2025-07-15T14:20:22.039868+00:00", "symbol": "DOGE-USD"}, {"trade_id": 139124079, "side": "buy", "size": "5.70000000", "price": "0.19496000", "time": "2025-07-15T14:17:15.575707Z", "fetched_at": "2025-07-15T14:20:22.039868+00:00", "symbol": "DOGE-USD"}, {"trade_id": 139124078, "side": "sell", "size": "677.20000000", "price": "0.19500000", "time": "2025-07-15T14:17:15.238399Z", "fetched_at": "2025-07-15T14:20:22.039868+00:00", "symbol": "DOGE-USD"}, {"trade_id": 139124077, "side": "sell", "size": "54.70000000", "price": "0.19499000", "time": "2025-07-15T14:17:15.238399Z", "fetched_at": "2025-07-15T14:20:22.039868+00:00", "symbol": "DOGE-USD"}, {"trade_id": 139124076, "side": "buy", "size": "5.70000000", "price": "0.19500000", "time": "2025-07-15T14:17:15.032881Z", "fetched_at": "2025-07-15T14:20:22.039868+00:00", "symbol": "DOGE-USD"}, {"trade_id": 139124075, "side": "buy", "size": "21748.90000000", "price": "0.19500000", "time": "2025-07-15T14:17:15.032881Z", "fetched_at": "2025-07-15T14:20:22.039868+00:00", "symbol": "DOGE-USD"}, {"trade_id": 139124074, "side": "buy", "size": "4273.70000000", "price": "0.19500000", "time": "2025-07-15T14:17:15.031932Z", "fetched_at": "2025-07-15T14:20:22.039868+00:00", "symbol": "DOGE-USD"}, {"trade_id": 139124073, "side": "buy", "size": "32995.60000000", "price": "0.19500000", "time": "2025-07-15T14:17:15.027671Z", "fetched_at": "2025-07-15T14:20:22.039868+00:00", "symbol": "DOGE-USD"}, {"trade_id": 139124072, "side": "buy", "size": "58280.30000000", "price": "0.19500000", "time": "2025-07-15T14:17:15.023324Z", "fetched_at": "2025-07-15T14:20:22.039868+00:00", "symbol": "DOGE-USD"}, {"trade_id": 139124071, "side": "buy", "size": "62204.70000000", "price": "0.19500000", "time": "2025-07-15T14:17:15.022580Z", "fetched_at": "2025-07-15T14:20:22.039868+00:00", "symbol": "DOGE-USD"}, {"trade_id": 139124070, "side": "buy", "size": "937.40000000", "price": "0.19503000", "time": "2025-07-15T14:17:14.912800Z", "fetched_at": "2025-07-15T14:20:22.039868+00:00", "symbol": "DOGE-USD"}, {"trade_id": 139124069, "side": "buy", "size": "2137.60000000", "price": "0.19503000", "time": "2025-07-15T14:17:14.630857Z", "fetched_at": "2025-07-15T14:20:22.039868+00:00", "symbol": "DOGE-USD"}, {"trade_id": 139124068, "side": "buy", "size": "5.70000000", "price": "0.19504000", "time": "2025-07-15T14:17:14.630857Z", "fetched_at": "2025-07-15T14:20:22.039868+00:00", "symbol": "DOGE-USD"}, {"trade_id": 139124067, "side": "buy", "size": "5.70000000", "price": "0.19506000", "time": "2025-07-15T14:17:14.630857Z", "fetched_at": "2025-07-15T14:20:22.039868+00:00", "symbol": "DOGE-USD"}, {"trade_id": 139124066, "side": "buy", "size": "5.70000000", "price": "0.19508000", "time": "2025-07-15T14:17:14.269939Z", "fetched_at": "2025-07-15T14:20:22.039868+00:00", "symbol": "DOGE-USD"}, {"trade_id": 139124065, "side": "buy", "size": "5.70000000", "price": "0.19510000", "time": "2025-07-15T14:17:14.112077Z", "fetched_at": "2025-07-15T14:20:22.039868+00:00", "symbol": "DOGE-USD"}, {"trade_id": 139124064, "side": "sell", "size": "1695.30000000", "price": "0.19511000", "time": "2025-07-15T14:17:13.160937Z", "fetched_at": "2025-07-15T14:20:22.039868+00:00", "symbol": "DOGE-USD"}, {"trade_id": 139124063, "side": "sell", "size": "183.00000000", "price": "0.19511000", "time": "2025-07-15T14:17:13.160937Z", "fetched_at": "2025-07-15T14:20:22.039868+00:00", "symbol": "DOGE-USD"}, {"trade_id": 139124062, "side": "sell", "size": "49.20000000", "price": "0.19511000", "time": "2025-07-15T14:17:13.160937Z", "fetched_at": "2025-07-15T14:20:22.039868+00:00", "symbol": "DOGE-USD"}, {"trade_id": 139124061, "side": "sell", "size": "949.50000000", "price": "0.19511000", "time": "2025-07-15T14:17:13.160937Z", "fetched_at": "2025-07-15T14:20:22.039868+00:00", "symbol": "DOGE-USD"}, {"trade_id": 139124060, "side": "buy", "size": "5.70000000", "price": "0.19512000", "time": "2025-07-15T14:17:12.993034Z", "fetched_at": "2025-07-15T14:20:22.039868+00:00", "symbol": "DOGE-USD"}, {"trade_id": 139124059, "side": "buy", "size": "5.70000000", "price": "0.19514000", "time": "2025-07-15T14:17:12.840344Z", "fetched_at": "2025-07-15T14:20:22.039868+00:00", "symbol": "DOGE-USD"}, {"trade_id": 139124058, "side": "buy", "size": "5.70000000", "price": "0.19516000", "time": "2025-07-15T14:17:12.524203Z", "fetched_at": "2025-07-15T14:20:22.039868+00:00", "symbol": "DOGE-USD"}, {"trade_id": 139124057, "side": "buy", "size": "5.70000000", "price": "0.19518000", "time": "2025-07-15T14:17:12.242384Z", "fetched_at": "2025-07-15T14:20:22.039868+00:00", "symbol": "DOGE-USD"}, {"trade_id": 139124056, "side": "buy", "size": "5.70000000", "price": "0.19520000", "time": "2025-07-15T14:17:11.103783Z", "fetched_at": "2025-07-15T14:20:22.039868+00:00", "symbol": "DOGE-USD"}, {"trade_id": 139124055, "side": "sell", "size": "3141.90000000", "price": "0.19521000", "time": "2025-07-15T14:17:07.982709Z", "fetched_at": "2025-07-15T14:20:22.039868+00:00", "symbol": "DOGE-USD"}, {"trade_id": 139124054, "side": "sell", "size": "149.30000000", "price": "0.19521000", "time": "2025-07-15T14:17:06.212462Z", "fetched_at": "2025-07-15T14:20:22.039868+00:00", "symbol": "DOGE-USD"}, {"trade_id": 139124053, "side": "buy", "size": "303.10000000", "price": "0.19526000", "time": "2025-07-15T14:17:04.997152Z", "fetched_at": "2025-07-15T14:20:22.039868+00:00", "symbol": "DOGE-USD"}, {"trade_id": 139124052, "side": "sell", "size": "3783.90000000", "price": "0.19528000", "time": "2025-07-15T14:17:03.572238Z", "fetched_at": "2025-07-15T14:20:22.039868+00:00", "symbol": "DOGE-USD"}, {"trade_id": 139124051, "side": "sell", "size": "5.70000000", "price": "0.19528000", "time": "2025-07-15T14:17:03.572238Z", "fetched_at": "2025-07-15T14:20:22.039868+00:00", "symbol": "DOGE-USD"}, {"trade_id": 139124050, "side": "buy", "size": "1181.20000000", "price": "0.19522000", "time": "2025-07-15T14:17:01.189573Z", "fetched_at": "2025-07-15T14:20:22.039868+00:00", "symbol": "DOGE-USD"}, {"trade_id": 139124049, "side": "buy", "size": "1388.60000000", "price": "0.19522000", "time": "2025-07-15T14:17:01.189573Z", "fetched_at": "2025-07-15T14:20:22.039868+00:00", "symbol": "DOGE-USD"}, {"trade_id": 139124048, "side": "buy", "size": "5.70000000", "price": "0.19522000", "time": "2025-07-15T14:17:01.189573Z", "fetched_at": "2025-07-15T14:20:22.039868+00:00", "symbol": "DOGE-USD"}, {"trade_id": 139124047, "side": "buy", "size": "54.80000000", "price": "0.19523000", "time": "2025-07-15T14:17:01.189573Z", "fetched_at": "2025-07-15T14:20:22.039868+00:00", "symbol": "DOGE-USD"}, {"trade_id": 139124046, "side": "sell", "size": "1416.20000000", "price": "0.19526000", "time": "2025-07-15T14:16:55.947589Z", "fetched_at": "2025-07-15T14:20:22.039868+00:00", "symbol": "DOGE-USD"}, {"trade_id": 139124045, "side": "sell", "size": "1566.00000000", "price": "0.19525000", "time": "2025-07-15T14:16:55.947589Z", "fetched_at": "2025-07-15T14:20:22.039868+00:00", "symbol": "DOGE-USD"}, {"trade_id": 139124044, "side": "sell", "size": "25.70000000", "price": "0.19524000", "time": "2025-07-15T14:16:55.947589Z", "fetched_at": "2025-07-15T14:20:22.039868+00:00", "symbol": "DOGE-USD"}, {"trade_id": 139124043, "side": "sell", "size": "25.70000000", "price": "0.19521000", "time": "2025-07-15T14:16:55.947589Z", "fetched_at": "2025-07-15T14:20:22.039868+00:00", "symbol": "DOGE-USD"}, {"trade_id": 139124042, "side": "buy", "size": "9966.20000000", "price": "0.19513000", "time": "2025-07-15T14:16:55.088789Z", "fetched_at": "2025-07-15T14:20:22.039868+00:00", "symbol": "DOGE-USD"}, {"trade_id": 139124041, "side": "buy", "size": "6570.20000000", "price": "0.19513000", "time": "2025-07-15T14:16:55.088789Z", "fetched_at": "2025-07-15T14:20:22.039868+00:00", "symbol": "DOGE-USD"}, {"trade_id": 139124040, "side": "buy", "size": "12623.00000000", "price": "0.19513000", "time": "2025-07-15T14:16:55.088789Z", "fetched_at": "2025-07-15T14:20:22.039868+00:00", "symbol": "DOGE-USD"}, {"trade_id": 139124039, "side": "buy", "size": "1338.30000000", "price": "0.19514000", "time": "2025-07-15T14:16:55.088789Z", "fetched_at": "2025-07-15T14:20:22.039868+00:00", "symbol": "DOGE-USD"}, {"trade_id": 139124038, "side": "buy", "size": "2500.00000000", "price": "0.19514000", "time": "2025-07-15T14:16:55.088789Z", "fetched_at": "2025-07-15T14:20:22.039868+00:00", "symbol": "DOGE-USD"}, {"trade_id": 139124037, "side": "buy", "size": "6571.50000000", "price": "0.19514000", "time": "2025-07-15T14:16:55.088789Z", "fetched_at": "2025-07-15T14:20:22.039868+00:00", "symbol": "DOGE-USD"}, {"trade_id": 139124036, "side": "buy", "size": "5.70000000", "price": "0.19514000", "time": "2025-07-15T14:16:55.088789Z", "fetched_at": "2025-07-15T14:20:22.039868+00:00", "symbol": "DOGE-USD"}, {"trade_id": 139124035, "side": "buy", "size": "1566.00000000", "price": "0.19514000", "time": "2025-07-15T14:16:55.088789Z", "fetched_at": "2025-07-15T14:20:22.039868+00:00", "symbol": "DOGE-USD"}, {"trade_id": 139124034, "side": "buy", "size": "6571.50000000", "price": "0.19515000", "time": "2025-07-15T14:16:55.088789Z", "fetched_at": "2025-07-15T14:20:22.039868+00:00", "symbol": "DOGE-USD"}, {"trade_id": 139124033, "side": "buy", "size": "6571.50000000", "price": "0.19516000", "time": "2025-07-15T14:16:55.088789Z", "fetched_at": "2025-07-15T14:20:22.039868+00:00", "symbol": "DOGE-USD"}, {"trade_id": 139124032, "side": "buy", "size": "5.70000000", "price": "0.19516000", "time": "2025-07-15T14:16:55.088789Z", "fetched_at": "2025-07-15T14:20:22.039868+00:00", "symbol": "DOGE-USD"}, {"trade_id": 139124031, "side": "buy", "size": "6570.20000000", "price": "0.19517000", "time": "2025-07-15T14:16:55.088789Z", "fetched_at": "2025-07-15T14:20:22.039868+00:00", "symbol": "DOGE-USD"}, {"trade_id": 139124030, "side": "buy", "size": "6570.20000000", "price": "0.19518000", "time": "2025-07-15T14:16:55.088789Z", "fetched_at": "2025-07-15T14:20:22.039868+00:00", "symbol": "DOGE-USD"}, {"trade_id": 139124029, "side": "buy", "size": "3679.40000000", "price": "0.19518000", "time": "2025-07-15T14:16:55.088789Z", "fetched_at": "2025-07-15T14:20:22.039868+00:00", "symbol": "DOGE-USD"}, {"trade_id": 139124028, "side": "buy", "size": "1448.70000000", "price": "0.19518000", "time": "2025-07-15T14:16:55.088789Z", "fetched_at": "2025-07-15T14:20:22.039868+00:00", "symbol": "DOGE-USD"}, {"trade_id": 139124027, "side": "buy", "size": "5.70000000", "price": "0.19518000", "time": "2025-07-15T14:16:55.088789Z", "fetched_at": "2025-07-15T14:20:22.039868+00:00", "symbol": "DOGE-USD"}, {"trade_id": 139124026, "side": "buy", "size": "1457.20000000", "price": "0.19519000", "time": "2025-07-15T14:16:55.088789Z", "fetched_at": "2025-07-15T14:20:22.039868+00:00", "symbol": "DOGE-USD"}, {"trade_id": 139124025, "side": "buy", "size": "54.80000000", "price": "0.19519000", "time": "2025-07-15T14:16:55.088789Z", "fetched_at": "2025-07-15T14:20:22.039868+00:00", "symbol": "DOGE-USD"}, {"trade_id": 139124024, "side": "buy", "size": "918.50000000", "price": "0.19520000", "time": "2025-07-15T14:16:55.088789Z", "fetched_at": "2025-07-15T14:20:22.039868+00:00", "symbol": "DOGE-USD"}, {"trade_id": 139124023, "side": "buy", "size": "5.70000000", "price": "0.19520000", "time": "2025-07-15T14:16:55.088789Z", "fetched_at": "2025-07-15T14:20:22.039868+00:00", "symbol": "DOGE-USD"}, {"trade_id": 139124022, "side": "sell", "size": "3.60000000", "price": "0.19522000", "time": "2025-07-15T14:16:55.051734Z", "fetched_at": "2025-07-15T14:20:22.039868+00:00", "symbol": "DOGE-USD"}, {"trade_id": 139124021, "side": "buy", "size": "70.10000000", "price": "0.19524000", "time": "2025-07-15T14:16:53.599613Z", "fetched_at": "2025-07-15T14:20:22.039868+00:00", "symbol": "DOGE-USD"}, {"trade_id": 139124020, "side": "buy", "size": "918.50000000", "price": "0.19524000", "time": "2025-07-15T14:16:53.599613Z", "fetched_at": "2025-07-15T14:20:22.039868+00:00", "symbol": "DOGE-USD"}, {"trade_id": 139124019, "side": "buy", "size": "918.50000000", "price": "0.19524000", "time": "2025-07-15T14:16:53.583551Z", "fetched_at": "2025-07-15T14:20:22.039868+00:00", "symbol": "DOGE-USD"}, {"trade_id": 139124018, "side": "buy", "size": "304.70000000", "price": "0.19525000", "time": "2025-07-15T14:16:53.583551Z", "fetched_at": "2025-07-15T14:20:22.039868+00:00", "symbol": "DOGE-USD"}, {"trade_id": 139124017, "side": "sell", "size": "2597.30000000", "price": "0.19521000", "time": "2025-07-15T14:16:52.516776Z", "fetched_at": "2025-07-15T14:20:22.039868+00:00", "symbol": "DOGE-USD"}, {"trade_id": 139124016, "side": "buy", "size": "54.80000000", "price": "0.19522000", "time": "2025-07-15T14:16:45.356793Z", "fetched_at": "2025-07-15T14:20:22.039868+00:00", "symbol": "DOGE-USD"}, {"trade_id": 139124015, "side": "buy", "size": "1338.30000000", "price": "0.19521000", "time": "2025-07-15T14:16:45.345975Z", "fetched_at": "2025-07-15T14:20:22.039868+00:00", "symbol": "DOGE-USD"}, {"trade_id": 139124014, "side": "buy", "size": "54.80000000", "price": "0.19522000", "time": "2025-07-15T14:16:45.344465Z", "fetched_at": "2025-07-15T14:20:22.039868+00:00", "symbol": "DOGE-USD"}, {"trade_id": 139124013, "side": "buy", "size": "5.70000000", "price": "0.19522000", "time": "2025-07-15T14:16:45.344465Z", "fetched_at": "2025-07-15T14:20:22.039868+00:00", "symbol": "DOGE-USD"}, {"trade_id": 139124012, "side": "buy", "size": "915.90000000", "price": "0.19523000", "time": "2025-07-15T14:16:45.344465Z", "fetched_at": "2025-07-15T14:20:22.039868+00:00", "symbol": "DOGE-USD"}, {"trade_id": 139124011, "side": "buy", "size": "5.70000000", "price": "0.19524000", "time": "2025-07-15T14:16:45.344465Z", "fetched_at": "2025-07-15T14:20:22.039868+00:00", "symbol": "DOGE-USD"}, {"trade_id": 139124010, "side": "buy", "size": "915.90000000", "price": "0.19530000", "time": "2025-07-15T14:16:41.310332Z", "fetched_at": "2025-07-15T14:20:22.039868+00:00", "symbol": "DOGE-USD"}, {"trade_id": 139124009, "side": "buy", "size": "915.90000000", "price": "0.19530000", "time": "2025-07-15T14:16:41.310332Z", "fetched_at": "2025-07-15T14:20:22.039868+00:00", "symbol": "DOGE-USD"}, {"trade_id": 139124008, "side": "sell", "size": "3034.20000000", "price": "0.19527000", "time": "2025-07-15T14:16:40.920115Z", "fetched_at": "2025-07-15T14:20:22.039868+00:00", "symbol": "DOGE-USD"}, {"trade_id": 139124007, "side": "sell", "size": "35.80000000", "price": "0.19526000", "time": "2025-07-15T14:16:40.920115Z", "fetched_at": "2025-07-15T14:20:22.039868+00:00", "symbol": "DOGE-USD"}, {"trade_id": 139124006, "side": "buy", "size": "299.70000000", "price": "0.19526000", "time": "2025-07-15T14:16:39.669412Z", "fetched_at": "2025-07-15T14:20:22.039868+00:00", "symbol": "DOGE-USD"}, {"trade_id": 139124005, "side": "buy", "size": "5.70000000", "price": "0.19526000", "time": "2025-07-15T14:16:39.669412Z", "fetched_at": "2025-07-15T14:20:22.039868+00:00", "symbol": "DOGE-USD"}, {"trade_id": 139124004, "side": "sell", "size": "246.70000000", "price": "0.19527000", "time": "2025-07-15T14:16:39.570427Z", "fetched_at": "2025-07-15T14:20:22.039868+00:00", "symbol": "DOGE-USD"}, {"trade_id": 139124003, "side": "sell", "size": "6.70000000", "price": "0.19527000", "time": "2025-07-15T14:16:39.570427Z", "fetched_at": "2025-07-15T14:20:22.039868+00:00", "symbol": "DOGE-USD"}, {"trade_id": 139124002, "side": "buy", "size": "54.80000000", "price": "0.19528000", "time": "2025-07-15T14:16:36.923315Z", "fetched_at": "2025-07-15T14:20:22.039868+00:00", "symbol": "DOGE-USD"}, {"trade_id": 139124001, "side": "buy", "size": "915.90000000", "price": "0.19528000", "time": "2025-07-15T14:16:36.923315Z", "fetched_at": "2025-07-15T14:20:22.039868+00:00", "symbol": "DOGE-USD"}, {"trade_id": 139124000, "side": "buy", "size": "5.70000000", "price": "0.19528000", "time": "2025-07-15T14:16:36.923315Z", "fetched_at": "2025-07-15T14:20:22.039868+00:00", "symbol": "DOGE-USD"}, {"trade_id": 139123999, "side": "buy", "size": "23.80000000", "price": "0.19528000", "time": "2025-07-15T14:16:36.923315Z", "fetched_at": "2025-07-15T14:20:22.039868+00:00", "symbol": "DOGE-USD"}, {"trade_id": 139123998, "side": "buy", "size": "18970.80000000", "price": "0.19529000", "time": "2025-07-15T14:16:36.910835Z", "fetched_at": "2025-07-15T14:20:22.039868+00:00", "symbol": "DOGE-USD"}, {"trade_id": 139123997, "side": "buy", "size": "81.40000000", "price": "0.19529000", "time": "2025-07-15T14:16:36.318324Z", "fetched_at": "2025-07-15T14:20:22.039868+00:00", "symbol": "DOGE-USD"}