[{"trade_id": 139141768, "side": "sell", "size": "3470.60000000", "price": "0.19341000", "time": "2025-07-15T16:20:16.805909Z", "fetched_at": "2025-07-15T16:20:18.928053+00:00", "symbol": "DOGE-USD"}, {"trade_id": 139141767, "side": "sell", "size": "1743.50000000", "price": "0.19341000", "time": "2025-07-15T16:20:16.804925Z", "fetched_at": "2025-07-15T16:20:18.928053+00:00", "symbol": "DOGE-USD"}, {"trade_id": 139141766, "side": "sell", "size": "5128.00000000", "price": "0.19341000", "time": "2025-07-15T16:20:16.804903Z", "fetched_at": "2025-07-15T16:20:18.928053+00:00", "symbol": "DOGE-USD"}, {"trade_id": 139141765, "side": "sell", "size": "203.80000000", "price": "0.19341000", "time": "2025-07-15T16:20:16.804903Z", "fetched_at": "2025-07-15T16:20:18.928053+00:00", "symbol": "DOGE-USD"}, {"trade_id": 139141764, "side": "sell", "size": "5.70000000", "price": "0.19340000", "time": "2025-07-15T16:20:16.804903Z", "fetched_at": "2025-07-15T16:20:18.928053+00:00", "symbol": "DOGE-USD"}, {"trade_id": 139141763, "side": "sell", "size": "2054.40000000", "price": "0.19339000", "time": "2025-07-15T16:20:16.366025Z", "fetched_at": "2025-07-15T16:20:18.928053+00:00", "symbol": "DOGE-USD"}, {"trade_id": 139141762, "side": "sell", "size": "5.70000000", "price": "0.19338000", "time": "2025-07-15T16:20:16.366025Z", "fetched_at": "2025-07-15T16:20:18.928053+00:00", "symbol": "DOGE-USD"}, {"trade_id": 139141761, "side": "buy", "size": "31.30000000", "price": "0.19337000", "time": "2025-07-15T16:20:16.255683Z", "fetched_at": "2025-07-15T16:20:18.928053+00:00", "symbol": "DOGE-USD"}, {"trade_id": 139141760, "side": "sell", "size": "5.70000000", "price": "0.19336000", "time": "2025-07-15T16:20:13.359927Z", "fetched_at": "2025-07-15T16:20:18.928053+00:00", "symbol": "DOGE-USD"}, {"trade_id": 139141759, "side": "sell", "size": "5.70000000", "price": "0.19334000", "time": "2025-07-15T16:20:12.943805Z", "fetched_at": "2025-07-15T16:20:18.928053+00:00", "symbol": "DOGE-USD"}, {"trade_id": 139141758, "side": "buy", "size": "115.00000000", "price": "0.19333000", "time": "2025-07-15T16:20:12.163551Z", "fetched_at": "2025-07-15T16:20:18.928053+00:00", "symbol": "DOGE-USD"}, {"trade_id": 139141757, "side": "sell", "size": "2643.20000000", "price": "0.19332000", "time": "2025-07-15T16:20:11.059179Z", "fetched_at": "2025-07-15T16:20:18.928053+00:00", "symbol": "DOGE-USD"}, {"trade_id": 139141756, "side": "sell", "size": "2150.60000000", "price": "0.19332000", "time": "2025-07-15T16:20:11.051718Z", "fetched_at": "2025-07-15T16:20:18.928053+00:00", "symbol": "DOGE-USD"}, {"trade_id": 139141755, "side": "sell", "size": "353.00000000", "price": "0.19332000", "time": "2025-07-15T16:20:09.775414Z", "fetched_at": "2025-07-15T16:20:18.928053+00:00", "symbol": "DOGE-USD"}, {"trade_id": 139141754, "side": "sell", "size": "5.70000000", "price": "0.19332000", "time": "2025-07-15T16:20:09.775414Z", "fetched_at": "2025-07-15T16:20:18.928053+00:00", "symbol": "DOGE-USD"}, {"trade_id": 139141753, "side": "sell", "size": "0.20000000", "price": "0.19331000", "time": "2025-07-15T16:20:09.567344Z", "fetched_at": "2025-07-15T16:20:18.928053+00:00", "symbol": "DOGE-USD"}, {"trade_id": 139141752, "side": "sell", "size": "4416.40000000", "price": "0.19325000", "time": "2025-07-15T16:20:07.882071Z", "fetched_at": "2025-07-15T16:20:18.928053+00:00", "symbol": "DOGE-USD"}, {"trade_id": 139141751, "side": "buy", "size": "233.90000000", "price": "0.19324000", "time": "2025-07-15T16:20:06.522602Z", "fetched_at": "2025-07-15T16:20:18.928053+00:00", "symbol": "DOGE-USD"}, {"trade_id": 139141750, "side": "buy", "size": "88.30000000", "price": "0.19321000", "time": "2025-07-15T16:20:05.946028Z", "fetched_at": "2025-07-15T16:20:18.928053+00:00", "symbol": "DOGE-USD"}, {"trade_id": 139141749, "side": "buy", "size": "1703.70000000", "price": "0.19321000", "time": "2025-07-15T16:20:05.946028Z", "fetched_at": "2025-07-15T16:20:18.928053+00:00", "symbol": "DOGE-USD"}, {"trade_id": 139141748, "side": "buy", "size": "937.10000000", "price": "0.19322000", "time": "2025-07-15T16:20:05.946028Z", "fetched_at": "2025-07-15T16:20:18.928053+00:00", "symbol": "DOGE-USD"}, {"trade_id": 139141747, "side": "buy", "size": "1409.80000000", "price": "0.19323000", "time": "2025-07-15T16:20:05.946028Z", "fetched_at": "2025-07-15T16:20:18.928053+00:00", "symbol": "DOGE-USD"}, {"trade_id": 139141746, "side": "buy", "size": "247.00000000", "price": "0.19323000", "time": "2025-07-15T16:20:04.205777Z", "fetched_at": "2025-07-15T16:20:18.928053+00:00", "symbol": "DOGE-USD"}, {"trade_id": 139141745, "side": "sell", "size": "342.00000000", "price": "0.19321000", "time": "2025-07-15T16:20:03.399860Z", "fetched_at": "2025-07-15T16:20:18.928053+00:00", "symbol": "DOGE-USD"}, {"trade_id": 139141744, "side": "buy", "size": "5.70000000", "price": "0.19322000", "time": "2025-07-15T16:20:02.231413Z", "fetched_at": "2025-07-15T16:20:18.928053+00:00", "symbol": "DOGE-USD"}, {"trade_id": 139141743, "side": "sell", "size": "5.70000000", "price": "0.19330000", "time": "2025-07-15T16:20:00.082706Z", "fetched_at": "2025-07-15T16:20:18.928053+00:00", "symbol": "DOGE-USD"}, {"trade_id": 139141742, "side": "sell", "size": "427.00000000", "price": "0.19328000", "time": "2025-07-15T16:19:59.931427Z", "fetched_at": "2025-07-15T16:20:18.928053+00:00", "symbol": "DOGE-USD"}, {"trade_id": 139141741, "side": "sell", "size": "5.70000000", "price": "0.19328000", "time": "2025-07-15T16:19:59.931427Z", "fetched_at": "2025-07-15T16:20:18.928053+00:00", "symbol": "DOGE-USD"}, {"trade_id": 139141740, "side": "buy", "size": "632.50000000", "price": "0.19326000", "time": "2025-07-15T16:19:54.046912Z", "fetched_at": "2025-07-15T16:20:18.928053+00:00", "symbol": "DOGE-USD"}, {"trade_id": 139141739, "side": "sell", "size": "503.20000000", "price": "0.19326000", "time": "2025-07-15T16:19:52.567459Z", "fetched_at": "2025-07-15T16:20:18.928053+00:00", "symbol": "DOGE-USD"}, {"trade_id": 139141738, "side": "sell", "size": "5.70000000", "price": "0.19326000", "time": "2025-07-15T16:19:52.567459Z", "fetched_at": "2025-07-15T16:20:18.928053+00:00", "symbol": "DOGE-USD"}, {"trade_id": 139141737, "side": "sell", "size": "29.50000000", "price": "0.19325000", "time": "2025-07-15T16:19:51.788775Z", "fetched_at": "2025-07-15T16:20:18.928053+00:00", "symbol": "DOGE-USD"}, {"trade_id": 139141736, "side": "buy", "size": "419.90000000", "price": "0.19322000", "time": "2025-07-15T16:19:51.447475Z", "fetched_at": "2025-07-15T16:20:18.928053+00:00", "symbol": "DOGE-USD"}, {"trade_id": 139141735, "side": "buy", "size": "1566.00000000", "price": "0.19322000", "time": "2025-07-15T16:19:51.447475Z", "fetched_at": "2025-07-15T16:20:18.928053+00:00", "symbol": "DOGE-USD"}, {"trade_id": 139141734, "side": "buy", "size": "3219.60000000", "price": "0.19323000", "time": "2025-07-15T16:19:51.447475Z", "fetched_at": "2025-07-15T16:20:18.928053+00:00", "symbol": "DOGE-USD"}, {"trade_id": 139141733, "side": "buy", "size": "1703.70000000", "price": "0.19323000", "time": "2025-07-15T16:19:51.447475Z", "fetched_at": "2025-07-15T16:20:18.928053+00:00", "symbol": "DOGE-USD"}, {"trade_id": 139141732, "side": "buy", "size": "1563.30000000", "price": "0.19323000", "time": "2025-07-15T16:19:51.447475Z", "fetched_at": "2025-07-15T16:20:18.928053+00:00", "symbol": "DOGE-USD"}, {"trade_id": 139141731, "side": "buy", "size": "1494.30000000", "price": "0.19325000", "time": "2025-07-15T16:19:51.447475Z", "fetched_at": "2025-07-15T16:20:18.928053+00:00", "symbol": "DOGE-USD"}, {"trade_id": 139141730, "side": "buy", "size": "286.00000000", "price": "0.19325000", "time": "2025-07-15T16:19:51.447475Z", "fetched_at": "2025-07-15T16:20:18.928053+00:00", "symbol": "DOGE-USD"}, {"trade_id": 139141729, "side": "sell", "size": "5.70000000", "price": "0.19324000", "time": "2025-07-15T16:19:50.950018Z", "fetched_at": "2025-07-15T16:20:18.928053+00:00", "symbol": "DOGE-USD"}, {"trade_id": 139141728, "side": "sell", "size": "9982.30000000", "price": "0.19324000", "time": "2025-07-15T16:19:50.856435Z", "fetched_at": "2025-07-15T16:20:18.928053+00:00", "symbol": "DOGE-USD"}, {"trade_id": 139141727, "side": "sell", "size": "354.20000000", "price": "0.19321000", "time": "2025-07-15T16:19:50.721374Z", "fetched_at": "2025-07-15T16:20:18.928053+00:00", "symbol": "DOGE-USD"}, {"trade_id": 139141726, "side": "buy", "size": "4.80000000", "price": "0.19319000", "time": "2025-07-15T16:19:45.758689Z", "fetched_at": "2025-07-15T16:20:18.928053+00:00", "symbol": "DOGE-USD"}, {"trade_id": 139141725, "side": "buy", "size": "5.70000000", "price": "0.19320000", "time": "2025-07-15T16:19:45.758689Z", "fetched_at": "2025-07-15T16:20:18.928053+00:00", "symbol": "DOGE-USD"}, {"trade_id": 139141724, "side": "sell", "size": "266.80000000", "price": "0.19321000", "time": "2025-07-15T16:19:42.260760Z", "fetched_at": "2025-07-15T16:20:18.928053+00:00", "symbol": "DOGE-USD"}, {"trade_id": 139141723, "side": "sell", "size": "10.90000000", "price": "0.19324000", "time": "2025-07-15T16:19:41.493071Z", "fetched_at": "2025-07-15T16:20:18.928053+00:00", "symbol": "DOGE-USD"}, {"trade_id": 139141722, "side": "sell", "size": "13.50000000", "price": "0.19323000", "time": "2025-07-15T16:19:41.493071Z", "fetched_at": "2025-07-15T16:20:18.928053+00:00", "symbol": "DOGE-USD"}, {"trade_id": 139141721, "side": "sell", "size": "353.30000000", "price": "0.19328000", "time": "2025-07-15T16:19:37.285271Z", "fetched_at": "2025-07-15T16:20:18.928053+00:00", "symbol": "DOGE-USD"}, {"trade_id": 139141720, "side": "sell", "size": "5.70000000", "price": "0.19328000", "time": "2025-07-15T16:19:37.285271Z", "fetched_at": "2025-07-15T16:20:18.928053+00:00", "symbol": "DOGE-USD"}, {"trade_id": 139141719, "side": "sell", "size": "14.40000000", "price": "0.19327000", "time": "2025-07-15T16:19:37.285271Z", "fetched_at": "2025-07-15T16:20:18.928053+00:00", "symbol": "DOGE-USD"}, {"trade_id": 139141718, "side": "sell", "size": "929.90000000", "price": "0.19327000", "time": "2025-07-15T16:19:37.285271Z", "fetched_at": "2025-07-15T16:20:18.928053+00:00", "symbol": "DOGE-USD"}, {"trade_id": 139141717, "side": "sell", "size": "5.70000000", "price": "0.19326000", "time": "2025-07-15T16:19:37.285271Z", "fetched_at": "2025-07-15T16:20:18.928053+00:00", "symbol": "DOGE-USD"}, {"trade_id": 139141716, "side": "sell", "size": "698.20000000", "price": "0.19324000", "time": "2025-07-15T16:19:37.285271Z", "fetched_at": "2025-07-15T16:20:18.928053+00:00", "symbol": "DOGE-USD"}, {"trade_id": 139141715, "side": "sell", "size": "5.70000000", "price": "0.19324000", "time": "2025-07-15T16:19:37.285271Z", "fetched_at": "2025-07-15T16:20:18.928053+00:00", "symbol": "DOGE-USD"}, {"trade_id": 139141714, "side": "buy", "size": "343.50000000", "price": "0.19322000", "time": "2025-07-15T16:19:35.953386Z", "fetched_at": "2025-07-15T16:20:18.928053+00:00", "symbol": "DOGE-USD"}, {"trade_id": 139141713, "side": "buy", "size": "17.50000000", "price": "0.19322000", "time": "2025-07-15T16:19:35.953386Z", "fetched_at": "2025-07-15T16:20:18.928053+00:00", "symbol": "DOGE-USD"}, {"trade_id": 139141712, "side": "buy", "size": "286.00000000", "price": "0.19323000", "time": "2025-07-15T16:19:35.953386Z", "fetched_at": "2025-07-15T16:20:18.928053+00:00", "symbol": "DOGE-USD"}, {"trade_id": 139141711, "side": "buy", "size": "183.00000000", "price": "0.19323000", "time": "2025-07-15T16:19:35.953386Z", "fetched_at": "2025-07-15T16:20:18.928053+00:00", "symbol": "DOGE-USD"}, {"trade_id": 139141710, "side": "sell", "size": "5.70000000", "price": "0.19322000", "time": "2025-07-15T16:19:35.848223Z", "fetched_at": "2025-07-15T16:20:18.928053+00:00", "symbol": "DOGE-USD"}, {"trade_id": 139141709, "side": "buy", "size": "505.60000000", "price": "0.19320000", "time": "2025-07-15T16:19:35.235564Z", "fetched_at": "2025-07-15T16:20:18.928053+00:00", "symbol": "DOGE-USD"}, {"trade_id": 139141708, "side": "buy", "size": "17.70000000", "price": "0.19320000", "time": "2025-07-15T16:19:35.235564Z", "fetched_at": "2025-07-15T16:20:18.928053+00:00", "symbol": "DOGE-USD"}, {"trade_id": 139141707, "side": "sell", "size": "234.50000000", "price": "0.19320000", "time": "2025-07-15T16:19:33.221683Z", "fetched_at": "2025-07-15T16:20:18.928053+00:00", "symbol": "DOGE-USD"}, {"trade_id": 139141706, "side": "sell", "size": "5.70000000", "price": "0.19320000", "time": "2025-07-15T16:19:33.221683Z", "fetched_at": "2025-07-15T16:20:18.928053+00:00", "symbol": "DOGE-USD"}, {"trade_id": 139141705, "side": "sell", "size": "3875.00000000", "price": "0.19319000", "time": "2025-07-15T16:19:33.217488Z", "fetched_at": "2025-07-15T16:20:18.928053+00:00", "symbol": "DOGE-USD"}, {"trade_id": 139141704, "side": "sell", "size": "6184.70000000", "price": "0.19319000", "time": "2025-07-15T16:19:33.217469Z", "fetched_at": "2025-07-15T16:20:18.928053+00:00", "symbol": "DOGE-USD"}, {"trade_id": 139141703, "side": "sell", "size": "293.70000000", "price": "0.19319000", "time": "2025-07-15T16:19:33.217404Z", "fetched_at": "2025-07-15T16:20:18.928053+00:00", "symbol": "DOGE-USD"}, {"trade_id": 139141702, "side": "sell", "size": "1725.80000000", "price": "0.19318000", "time": "2025-07-15T16:19:33.212906Z", "fetched_at": "2025-07-15T16:20:18.928053+00:00", "symbol": "DOGE-USD"}, {"trade_id": 139141701, "side": "sell", "size": "3715.50000000", "price": "0.19318000", "time": "2025-07-15T16:19:33.212423Z", "fetched_at": "2025-07-15T16:20:18.928053+00:00", "symbol": "DOGE-USD"}, {"trade_id": 139141700, "side": "sell", "size": "58.10000000", "price": "0.19318000", "time": "2025-07-15T16:19:33.212423Z", "fetched_at": "2025-07-15T16:20:18.928053+00:00", "symbol": "DOGE-USD"}, {"trade_id": 139141699, "side": "sell", "size": "5.70000000", "price": "0.19318000", "time": "2025-07-15T16:19:33.212423Z", "fetched_at": "2025-07-15T16:20:18.928053+00:00", "symbol": "DOGE-USD"}, {"trade_id": 139141698, "side": "sell", "size": "987.90000000", "price": "0.19316000", "time": "2025-07-15T16:19:33.211304Z", "fetched_at": "2025-07-15T16:20:18.928053+00:00", "symbol": "DOGE-USD"}, {"trade_id": 139141697, "side": "sell", "size": "5.70000000", "price": "0.19316000", "time": "2025-07-15T16:19:33.211304Z", "fetched_at": "2025-07-15T16:20:18.928053+00:00", "symbol": "DOGE-USD"}, {"trade_id": 139141696, "side": "sell", "size": "5.70000000", "price": "0.19314000", "time": "2025-07-15T16:19:31.867549Z", "fetched_at": "2025-07-15T16:20:18.928053+00:00", "symbol": "DOGE-USD"}, {"trade_id": 139141695, "side": "sell", "size": "1190.70000000", "price": "0.19312000", "time": "2025-07-15T16:19:31.633195Z", "fetched_at": "2025-07-15T16:20:18.928053+00:00", "symbol": "DOGE-USD"}, {"trade_id": 139141694, "side": "sell", "size": "5.70000000", "price": "0.19312000", "time": "2025-07-15T16:19:31.633195Z", "fetched_at": "2025-07-15T16:20:18.928053+00:00", "symbol": "DOGE-USD"}, {"trade_id": 139141693, "side": "sell", "size": "5.70000000", "price": "0.19310000", "time": "2025-07-15T16:19:31.150213Z", "fetched_at": "2025-07-15T16:20:18.928053+00:00", "symbol": "DOGE-USD"}, {"trade_id": 139141692, "side": "sell", "size": "1464.00000000", "price": "0.19306000", "time": "2025-07-15T16:19:30.480403Z", "fetched_at": "2025-07-15T16:20:18.928053+00:00", "symbol": "DOGE-USD"}, {"trade_id": 139141691, "side": "sell", "size": "19590.00000000", "price": "0.19306000", "time": "2025-07-15T16:19:30.480403Z", "fetched_at": "2025-07-15T16:20:18.928053+00:00", "symbol": "DOGE-USD"}, {"trade_id": 139141690, "side": "sell", "size": "5010.40000000", "price": "0.19303000", "time": "2025-07-15T16:19:29.425056Z", "fetched_at": "2025-07-15T16:20:18.928053+00:00", "symbol": "DOGE-USD"}, {"trade_id": 139141689, "side": "sell", "size": "58.10000000", "price": "0.19302000", "time": "2025-07-15T16:19:29.425056Z", "fetched_at": "2025-07-15T16:20:18.928053+00:00", "symbol": "DOGE-USD"}, {"trade_id": 139141688, "side": "buy", "size": "5.70000000", "price": "0.19300000", "time": "2025-07-15T16:19:28.095963Z", "fetched_at": "2025-07-15T16:20:18.928053+00:00", "symbol": "DOGE-USD"}, {"trade_id": 139141687, "side": "buy", "size": "4525.60000000", "price": "0.19300000", "time": "2025-07-15T16:19:28.095963Z", "fetched_at": "2025-07-15T16:20:18.928053+00:00", "symbol": "DOGE-USD"}, {"trade_id": 139141686, "side": "buy", "size": "151.00000000", "price": "0.19300000", "time": "2025-07-15T16:19:28.095963Z", "fetched_at": "2025-07-15T16:20:18.928053+00:00", "symbol": "DOGE-USD"}, {"trade_id": 139141685, "side": "buy", "size": "10.90000000", "price": "0.19302000", "time": "2025-07-15T16:19:28.095963Z", "fetched_at": "2025-07-15T16:20:18.928053+00:00", "symbol": "DOGE-USD"}, {"trade_id": 139141684, "side": "buy", "size": "5.70000000", "price": "0.19302000", "time": "2025-07-15T16:19:28.095963Z", "fetched_at": "2025-07-15T16:20:18.928053+00:00", "symbol": "DOGE-USD"}, {"trade_id": 139141683, "side": "buy", "size": "5.70000000", "price": "0.19304000", "time": "2025-07-15T16:19:28.095963Z", "fetched_at": "2025-07-15T16:20:18.928053+00:00", "symbol": "DOGE-USD"}, {"trade_id": 139141682, "side": "buy", "size": "5.70000000", "price": "0.19306000", "time": "2025-07-15T16:19:26.549749Z", "fetched_at": "2025-07-15T16:20:18.928053+00:00", "symbol": "DOGE-USD"}, {"trade_id": 139141681, "side": "sell", "size": "50.30000000", "price": "0.19307000", "time": "2025-07-15T16:19:25.059931Z", "fetched_at": "2025-07-15T16:20:18.928053+00:00", "symbol": "DOGE-USD"}, {"trade_id": 139141680, "side": "buy", "size": "5.70000000", "price": "0.19308000", "time": "2025-07-15T16:19:24.767159Z", "fetched_at": "2025-07-15T16:20:18.928053+00:00", "symbol": "DOGE-USD"}, {"trade_id": 139141679, "side": "buy", "size": "5.70000000", "price": "0.19310000", "time": "2025-07-15T16:19:23.975317Z", "fetched_at": "2025-07-15T16:20:18.928053+00:00", "symbol": "DOGE-USD"}, {"trade_id": 139141678, "side": "buy", "size": "5.70000000", "price": "0.19312000", "time": "2025-07-15T16:19:23.894359Z", "fetched_at": "2025-07-15T16:20:18.928053+00:00", "symbol": "DOGE-USD"}, {"trade_id": 139141677, "side": "sell", "size": "256.20000000", "price": "0.19313000", "time": "2025-07-15T16:19:23.631422Z", "fetched_at": "2025-07-15T16:20:18.928053+00:00", "symbol": "DOGE-USD"}, {"trade_id": 139141676, "side": "buy", "size": "5.70000000", "price": "0.19314000", "time": "2025-07-15T16:19:21.756350Z", "fetched_at": "2025-07-15T16:20:18.928053+00:00", "symbol": "DOGE-USD"}, {"trade_id": 139141675, "side": "sell", "size": "1717.80000000", "price": "0.19316000", "time": "2025-07-15T16:19:19.316834Z", "fetched_at": "2025-07-15T16:20:18.928053+00:00", "symbol": "DOGE-USD"}, {"trade_id": 139141674, "side": "buy", "size": "5.70000000", "price": "0.19314000", "time": "2025-07-15T16:19:17.647844Z", "fetched_at": "2025-07-15T16:20:18.928053+00:00", "symbol": "DOGE-USD"}, {"trade_id": 139141673, "side": "buy", "size": "5.70000000", "price": "0.19316000", "time": "2025-07-15T16:19:17.227145Z", "fetched_at": "2025-07-15T16:20:18.928053+00:00", "symbol": "DOGE-USD"}, {"trade_id": 139141672, "side": "sell", "size": "25.20000000", "price": "0.19317000", "time": "2025-07-15T16:19:16.384679Z", "fetched_at": "2025-07-15T16:20:18.928053+00:00", "symbol": "DOGE-USD"}, {"trade_id": 139141671, "side": "buy", "size": "929.90000000", "price": "0.19317000", "time": "2025-07-15T16:19:15.136410Z", "fetched_at": "2025-07-15T16:20:18.928053+00:00", "symbol": "DOGE-USD"}, {"trade_id": 139141670, "side": "buy", "size": "1683.00000000", "price": "0.19317000", "time": "2025-07-15T16:19:15.136410Z", "fetched_at": "2025-07-15T16:20:18.928053+00:00", "symbol": "DOGE-USD"}, {"trade_id": 139141669, "side": "buy", "size": "22.20000000", "price": "0.19318000", "time": "2025-07-15T16:19:15.136410Z", "fetched_at": "2025-07-15T16:20:18.928053+00:00", "symbol": "DOGE-USD"}, {"trade_id": 139141668, "side": "buy", "size": "3191.10000000", "price": "0.19316000", "time": "2025-07-15T16:19:11.931275Z", "fetched_at": "2025-07-15T16:20:18.928053+00:00", "symbol": "DOGE-USD"}, {"trade_id": 139141667, "side": "buy", "size": "1683.00000000", "price": "0.19316000", "time": "2025-07-15T16:19:11.931275Z", "fetched_at": "2025-07-15T16:20:18.928053+00:00", "symbol": "DOGE-USD"}, {"trade_id": 139141666, "side": "buy", "size": "100.20000000", "price": "0.19316000", "time": "2025-07-15T16:19:11.931275Z", "fetched_at": "2025-07-15T16:20:18.928053+00:00", "symbol": "DOGE-USD"}, {"trade_id": 139141665, "side": "buy", "size": "18.30000000", "price": "0.19317000", "time": "2025-07-15T16:19:11.931275Z", "fetched_at": "2025-07-15T16:20:18.928053+00:00", "symbol": "DOGE-USD"}, {"trade_id": 139141664, "side": "buy", "size": "7.40000000", "price": "0.19319000", "time": "2025-07-15T16:19:11.931275Z", "fetched_at": "2025-07-15T16:20:18.928053+00:00", "symbol": "DOGE-USD"}, {"trade_id": 139141663, "side": "sell", "size": "250.20000000", "price": "0.19320000", "time": "2025-07-15T16:19:08.511664Z", "fetched_at": "2025-07-15T16:20:18.928053+00:00", "symbol": "DOGE-USD"}, {"trade_id": 139141662, "side": "sell", "size": "5.70000000", "price": "0.19320000", "time": "2025-07-15T16:19:08.511664Z", "fetched_at": "2025-07-15T16:20:18.928053+00:00", "symbol": "DOGE-USD"}, {"trade_id": 139141661, "side": "sell", "size": "5.70000000", "price": "0.19316000", "time": "2025-07-15T16:19:07.388211Z", "fetched_at": "2025-07-15T16:20:18.928053+00:00", "symbol": "DOGE-USD"}, {"trade_id": 139141660, "side": "buy", "size": "429.80000000", "price": "0.19314000", "time": "2025-07-15T16:19:06.929577Z", "fetched_at": "2025-07-15T16:20:18.928053+00:00", "symbol": "DOGE-USD"}, {"trade_id": 139141659, "side": "buy", "size": "14.50000000", "price": "0.19314000", "time": "2025-07-15T16:19:06.929577Z", "fetched_at": "2025-07-15T16:20:18.928053+00:00", "symbol": "DOGE-USD"}, {"trade_id": 139141658, "side": "buy", "size": "14.50000000", "price": "0.19314000", "time": "2025-07-15T16:19:06.904404Z", "fetched_at": "2025-07-15T16:20:18.928053+00:00", "symbol": "DOGE-USD"}, {"trade_id": 139141657, "side": "buy", "size": "929.90000000", "price": "0.19314000", "time": "2025-07-15T16:19:06.904404Z", "fetched_at": "2025-07-15T16:20:18.928053+00:00", "symbol": "DOGE-USD"}, {"trade_id": 139141656, "side": "buy", "size": "286.00000000", "price": "0.19315000", "time": "2025-07-15T16:19:06.904404Z", "fetched_at": "2025-07-15T16:20:18.928053+00:00", "symbol": "DOGE-USD"}, {"trade_id": 139141655, "side": "sell", "size": "5.70000000", "price": "0.19314000", "time": "2025-07-15T16:19:06.786303Z", "fetched_at": "2025-07-15T16:20:18.928053+00:00", "symbol": "DOGE-USD"}, {"trade_id": 139141654, "side": "sell", "size": "1815.60000000", "price": "0.19317000", "time": "2025-07-15T16:19:01.727370Z", "fetched_at": "2025-07-15T16:20:18.928053+00:00", "symbol": "DOGE-USD"}, {"trade_id": 139141653, "side": "sell", "size": "2079.50000000", "price": "0.19315000", "time": "2025-07-15T16:19:00.796393Z", "fetched_at": "2025-07-15T16:20:18.928053+00:00", "symbol": "DOGE-USD"}, {"trade_id": 139141652, "side": "buy", "size": "12626.20000000", "price": "0.19313000", "time": "2025-07-15T16:19:00.021332Z", "fetched_at": "2025-07-15T16:20:18.928053+00:00", "symbol": "DOGE-USD"}, {"trade_id": 139141651, "side": "buy", "size": "13.10000000", "price": "0.19314000", "time": "2025-07-15T16:19:00.021332Z", "fetched_at": "2025-07-15T16:20:18.928053+00:00", "symbol": "DOGE-USD"}, {"trade_id": 139141650, "side": "sell", "size": "929.90000000", "price": "0.19312000", "time": "2025-07-15T16:18:59.690027Z", "fetched_at": "2025-07-15T16:20:18.928053+00:00", "symbol": "DOGE-USD"}, {"trade_id": 139141649, "side": "sell", "size": "1320.50000000", "price": "0.19312000", "time": "2025-07-15T16:18:59.690027Z", "fetched_at": "2025-07-15T16:20:18.928053+00:00", "symbol": "DOGE-USD"}, {"trade_id": 139141648, "side": "buy", "size": "5.70000000", "price": "0.19308000", "time": "2025-07-15T16:18:58.971118Z", "fetched_at": "2025-07-15T16:20:18.928053+00:00", "symbol": "DOGE-USD"}, {"trade_id": 139141647, "side": "buy", "size": "10.30000000", "price": "0.19309000", "time": "2025-07-15T16:18:58.971118Z", "fetched_at": "2025-07-15T16:20:18.928053+00:00", "symbol": "DOGE-USD"}, {"trade_id": 139141646, "side": "buy", "size": "5.70000000", "price": "0.19310000", "time": "2025-07-15T16:18:58.971118Z", "fetched_at": "2025-07-15T16:20:18.928053+00:00", "symbol": "DOGE-USD"}, {"trade_id": 139141645, "side": "buy", "size": "5.70000000", "price": "0.19312000", "time": "2025-07-15T16:18:58.955358Z", "fetched_at": "2025-07-15T16:20:18.928053+00:00", "symbol": "DOGE-USD"}, {"trade_id": 139141644, "side": "buy", "size": "1409.40000000", "price": "0.19312000", "time": "2025-07-15T16:18:58.955358Z", "fetched_at": "2025-07-15T16:20:18.928053+00:00", "symbol": "DOGE-USD"}, {"trade_id": 139141643, "side": "buy", "size": "10.30000000", "price": "0.19313000", "time": "2025-07-15T16:18:58.896209Z", "fetched_at": "2025-07-15T16:20:18.928053+00:00", "symbol": "DOGE-USD"}, {"trade_id": 139141642, "side": "buy", "size": "5.70000000", "price": "0.19314000", "time": "2025-07-15T16:18:58.889258Z", "fetched_at": "2025-07-15T16:20:18.928053+00:00", "symbol": "DOGE-USD"}, {"trade_id": 139141641, "side": "buy", "size": "5.70000000", "price": "0.19316000", "time": "2025-07-15T16:18:58.768075Z", "fetched_at": "2025-07-15T16:20:18.928053+00:00", "symbol": "DOGE-USD"}, {"trade_id": 139141640, "side": "buy", "size": "3760.70000000", "price": "0.19317000", "time": "2025-07-15T16:18:57.591757Z", "fetched_at": "2025-07-15T16:20:18.928053+00:00", "symbol": "DOGE-USD"}, {"trade_id": 139141639, "side": "buy", "size": "1784.10000000", "price": "0.19317000", "time": "2025-07-15T16:18:57.591757Z", "fetched_at": "2025-07-15T16:20:18.928053+00:00", "symbol": "DOGE-USD"}, {"trade_id": 139141638, "side": "buy", "size": "1683.00000000", "price": "0.19317000", "time": "2025-07-15T16:18:57.591757Z", "fetched_at": "2025-07-15T16:20:18.928053+00:00", "symbol": "DOGE-USD"}, {"trade_id": 139141637, "side": "buy", "size": "5.70000000", "price": "0.19318000", "time": "2025-07-15T16:18:57.591757Z", "fetched_at": "2025-07-15T16:20:18.928053+00:00", "symbol": "DOGE-USD"}, {"trade_id": 139141636, "side": "buy", "size": "11.00000000", "price": "0.19319000", "time": "2025-07-15T16:18:57.591757Z", "fetched_at": "2025-07-15T16:20:18.928053+00:00", "symbol": "DOGE-USD"}, {"trade_id": 139141635, "side": "buy", "size": "5.70000000", "price": "0.19320000", "time": "2025-07-15T16:18:57.591757Z", "fetched_at": "2025-07-15T16:20:18.928053+00:00", "symbol": "DOGE-USD"}, {"trade_id": 139141634, "side": "buy", "size": "5.70000000", "price": "0.19322000", "time": "2025-07-15T16:18:56.675761Z", "fetched_at": "2025-07-15T16:20:18.928053+00:00", "symbol": "DOGE-USD"}, {"trade_id": 139141633, "side": "buy", "size": "5.70000000", "price": "0.19324000", "time": "2025-07-15T16:18:54.471848Z", "fetched_at": "2025-07-15T16:20:18.928053+00:00", "symbol": "DOGE-USD"}, {"trade_id": 139141632, "side": "buy", "size": "5.70000000", "price": "0.19326000", "time": "2025-07-15T16:18:54.468809Z", "fetched_at": "2025-07-15T16:20:18.928053+00:00", "symbol": "DOGE-USD"}, {"trade_id": 139141631, "side": "buy", "size": "5.70000000", "price": "0.19328000", "time": "2025-07-15T16:18:54.096080Z", "fetched_at": "2025-07-15T16:20:18.928053+00:00", "symbol": "DOGE-USD"}, {"trade_id": 139141630, "side": "buy", "size": "5.70000000", "price": "0.19330000", "time": "2025-07-15T16:18:53.665815Z", "fetched_at": "2025-07-15T16:20:18.928053+00:00", "symbol": "DOGE-USD"}, {"trade_id": 139141629, "side": "buy", "size": "929.90000000", "price": "0.19332000", "time": "2025-07-15T16:18:53.231049Z", "fetched_at": "2025-07-15T16:20:18.928053+00:00", "symbol": "DOGE-USD"}, {"trade_id": 139141628, "side": "buy", "size": "191.60000000", "price": "0.19332000", "time": "2025-07-15T16:18:53.231049Z", "fetched_at": "2025-07-15T16:20:18.928053+00:00", "symbol": "DOGE-USD"}, {"trade_id": 139141627, "side": "buy", "size": "14.30000000", "price": "0.19333000", "time": "2025-07-15T16:18:53.231049Z", "fetched_at": "2025-07-15T16:20:18.928053+00:00", "symbol": "DOGE-USD"}, {"trade_id": 139141626, "side": "sell", "size": "19197.10000000", "price": "0.19332000", "time": "2025-07-15T16:18:51.578474Z", "fetched_at": "2025-07-15T16:20:18.928053+00:00", "symbol": "DOGE-USD"}, {"trade_id": 139141625, "side": "buy", "size": "0.20000000", "price": "0.19331000", "time": "2025-07-15T16:18:51.423745Z", "fetched_at": "2025-07-15T16:20:18.928053+00:00", "symbol": "DOGE-USD"}, {"trade_id": 139141624, "side": "buy", "size": "5.70000000", "price": "0.19330000", "time": "2025-07-15T16:18:50.559590Z", "fetched_at": "2025-07-15T16:20:18.928053+00:00", "symbol": "DOGE-USD"}, {"trade_id": 139141623, "side": "buy", "size": "5.70000000", "price": "0.19332000", "time": "2025-07-15T16:18:50.463724Z", "fetched_at": "2025-07-15T16:20:18.928053+00:00", "symbol": "DOGE-USD"}, {"trade_id": 139141622, "side": "buy", "size": "5.70000000", "price": "0.19334000", "time": "2025-07-15T16:18:49.390029Z", "fetched_at": "2025-07-15T16:20:18.928053+00:00", "symbol": "DOGE-USD"}, {"trade_id": 139141621, "side": "buy", "size": "5.70000000", "price": "0.19336000", "time": "2025-07-15T16:18:48.798798Z", "fetched_at": "2025-07-15T16:20:18.928053+00:00", "symbol": "DOGE-USD"}, {"trade_id": 139141620, "side": "sell", "size": "24.30000000", "price": "0.19337000", "time": "2025-07-15T16:18:47.038827Z", "fetched_at": "2025-07-15T16:20:18.928053+00:00", "symbol": "DOGE-USD"}, {"trade_id": 139141619, "side": "buy", "size": "2551.80000000", "price": "0.19337000", "time": "2025-07-15T16:18:44.477059Z", "fetched_at": "2025-07-15T16:20:18.928053+00:00", "symbol": "DOGE-USD"}, {"trade_id": 139141618, "side": "buy", "size": "548.00000000", "price": "0.19337000", "time": "2025-07-15T16:18:44.476583Z", "fetched_at": "2025-07-15T16:20:18.928053+00:00", "symbol": "DOGE-USD"}, {"trade_id": 139141617, "side": "buy", "size": "3945.30000000", "price": "0.19338000", "time": "2025-07-15T16:18:44.476583Z", "fetched_at": "2025-07-15T16:20:18.928053+00:00", "symbol": "DOGE-USD"}, {"trade_id": 139141616, "side": "buy", "size": "1683.80000000", "price": "0.19338000", "time": "2025-07-15T16:18:44.476583Z", "fetched_at": "2025-07-15T16:20:18.928053+00:00", "symbol": "DOGE-USD"}, {"trade_id": 139141615, "side": "buy", "size": "7676.10000000", "price": "0.19338000", "time": "2025-07-15T16:18:44.476583Z", "fetched_at": "2025-07-15T16:20:18.928053+00:00", "symbol": "DOGE-USD"}, {"trade_id": 139141614, "side": "buy", "size": "11517.00000000", "price": "0.19338000", "time": "2025-07-15T16:18:44.476472Z", "fetched_at": "2025-07-15T16:20:18.928053+00:00", "symbol": "DOGE-USD"}, {"trade_id": 139141613, "side": "buy", "size": "1683.00000000", "price": "0.19338000", "time": "2025-07-15T16:18:44.476472Z", "fetched_at": "2025-07-15T16:20:18.928053+00:00", "symbol": "DOGE-USD"}, {"trade_id": 139141612, "side": "buy", "size": "5.70000000", "price": "0.19338000", "time": "2025-07-15T16:18:44.476472Z", "fetched_at": "2025-07-15T16:20:18.928053+00:00", "symbol": "DOGE-USD"}, {"trade_id": 139141611, "side": "buy", "size": "1566.00000000", "price": "0.19338000", "time": "2025-07-15T16:18:44.476472Z", "fetched_at": "2025-07-15T16:20:18.928053+00:00", "symbol": "DOGE-USD"}, {"trade_id": 139141610, "side": "buy", "size": "929.90000000", "price": "0.19339000", "time": "2025-07-15T16:18:44.476472Z", "fetched_at": "2025-07-15T16:20:18.928053+00:00", "symbol": "DOGE-USD"}, {"trade_id": 139141609, "side": "buy", "size": "12375.30000000", "price": "0.19339000", "time": "2025-07-15T16:18:44.476472Z", "fetched_at": "2025-07-15T16:20:18.928053+00:00", "symbol": "DOGE-USD"}, {"trade_id": 139141608, "side": "buy", "size": "708.20000000", "price": "0.19339000", "time": "2025-07-15T16:18:44.476212Z", "fetched_at": "2025-07-15T16:20:18.928053+00:00", "symbol": "DOGE-USD"}, {"trade_id": 139141607, "side": "buy", "size": "3236.20000000", "price": "0.19339000", "time": "2025-07-15T16:18:44.476212Z", "fetched_at": "2025-07-15T16:20:18.928053+00:00", "symbol": "DOGE-USD"}, {"trade_id": 139141606, "side": "buy", "size": "1683.00000000", "price": "0.19339000", "time": "2025-07-15T16:18:44.476212Z", "fetched_at": "2025-07-15T16:20:18.928053+00:00", "symbol": "DOGE-USD"}, {"trade_id": 139141605, "side": "buy", "size": "7736.90000000", "price": "0.19339000", "time": "2025-07-15T16:18:44.476212Z", "fetched_at": "2025-07-15T16:20:18.928053+00:00", "symbol": "DOGE-USD"}, {"trade_id": 139141604, "side": "buy", "size": "7.20000000", "price": "0.19340000", "time": "2025-07-15T16:18:44.476212Z", "fetched_at": "2025-07-15T16:20:18.928053+00:00", "symbol": "DOGE-USD"}, {"trade_id": 139141603, "side": "buy", "size": "5.70000000", "price": "0.19340000", "time": "2025-07-15T16:18:44.476212Z", "fetched_at": "2025-07-15T16:20:18.928053+00:00", "symbol": "DOGE-USD"}, {"trade_id": 139141602, "side": "buy", "size": "5.70000000", "price": "0.19342000", "time": "2025-07-15T16:18:44.476212Z", "fetched_at": "2025-07-15T16:20:18.928053+00:00", "symbol": "DOGE-USD"}, {"trade_id": 139141601, "side": "buy", "size": "5.70000000", "price": "0.19344000", "time": "2025-07-15T16:18:44.429487Z", "fetched_at": "2025-07-15T16:20:18.928053+00:00", "symbol": "DOGE-USD"}, {"trade_id": 139141600, "side": "buy", "size": "5.70000000", "price": "0.19346000", "time": "2025-07-15T16:18:43.564325Z", "fetched_at": "2025-07-15T16:20:18.928053+00:00", "symbol": "DOGE-USD"}, {"trade_id": 139141599, "side": "buy", "size": "5.70000000", "price": "0.19348000", "time": "2025-07-15T16:18:43.312668Z", "fetched_at": "2025-07-15T16:20:18.928053+00:00", "symbol": "DOGE-USD"}, {"trade_id": 139141598, "side": "buy", "size": "253.80000000", "price": "0.19350000", "time": "2025-07-15T16:18:41.875188Z", "fetched_at": "2025-07-15T16:20:18.928053+00:00", "symbol": "DOGE-USD"}, {"trade_id": 139141597, "side": "buy", "size": "11.30000000", "price": "0.19351000", "time": "2025-07-15T16:18:41.875188Z", "fetched_at": "2025-07-15T16:20:18.928053+00:00", "symbol": "DOGE-USD"}, {"trade_id": 139141596, "side": "buy", "size": "1072.80000000", "price": "0.19346000", "time": "2025-07-15T16:18:38.268160Z", "fetched_at": "2025-07-15T16:20:18.928053+00:00", "symbol": "DOGE-USD"}, {"trade_id": 139141595, "side": "buy", "size": "5.70000000", "price": "0.19346000", "time": "2025-07-15T16:18:38.268160Z", "fetched_at": "2025-07-15T16:20:18.928053+00:00", "symbol": "DOGE-USD"}, {"trade_id": 139141594, "side": "buy", "size": "8.20000000", "price": "0.19347000", "time": "2025-07-15T16:18:38.268160Z", "fetched_at": "2025-07-15T16:20:18.928053+00:00", "symbol": "DOGE-USD"}, {"trade_id": 139141593, "side": "buy", "size": "929.90000000", "price": "0.19348000", "time": "2025-07-15T16:18:38.268160Z", "fetched_at": "2025-07-15T16:20:18.928053+00:00", "symbol": "DOGE-USD"}, {"trade_id": 139141592, "side": "buy", "size": "9.20000000", "price": "0.19351000", "time": "2025-07-15T16:18:34.812416Z", "fetched_at": "2025-07-15T16:20:18.928053+00:00", "symbol": "DOGE-USD"}, {"trade_id": 139141591, "side": "buy", "size": "5.70000000", "price": "0.19348000", "time": "2025-07-15T16:18:34.803902Z", "fetched_at": "2025-07-15T16:20:18.928053+00:00", "symbol": "DOGE-USD"}, {"trade_id": 139141590, "side": "buy", "size": "10000.00000000", "price": "0.19350000", "time": "2025-07-15T16:18:34.799162Z", "fetched_at": "2025-07-15T16:20:18.928053+00:00", "symbol": "DOGE-USD"}, {"trade_id": 139141589, "side": "buy", "size": "5.70000000", "price": "0.19350000", "time": "2025-07-15T16:18:34.799162Z", "fetched_at": "2025-07-15T16:20:18.928053+00:00", "symbol": "DOGE-USD"}, {"trade_id": 139141588, "side": "buy", "size": "9.30000000", "price": "0.19351000", "time": "2025-07-15T16:18:34.799162Z", "fetched_at": "2025-07-15T16:20:18.928053+00:00", "symbol": "DOGE-USD"}, {"trade_id": 139141587, "side": "buy", "size": "5.70000000", "price": "0.19352000", "time": "2025-07-15T16:18:34.799162Z", "fetched_at": "2025-07-15T16:20:18.928053+00:00", "symbol": "DOGE-USD"}, {"trade_id": 139141586, "side": "sell", "size": "5058.20000000", "price": "0.19357000", "time": "2025-07-15T16:18:34.679567Z", "fetched_at": "2025-07-15T16:20:18.928053+00:00", "symbol": "DOGE-USD"}, {"trade_id": 139141585, "side": "sell", "size": "1566.00000000", "price": "0.19357000", "time": "2025-07-15T16:18:34.679567Z", "fetched_at": "2025-07-15T16:20:18.928053+00:00", "symbol": "DOGE-USD"}, {"trade_id": 139141584, "side": "sell", "size": "1597.00000000", "price": "0.19356000", "time": "2025-07-15T16:18:34.679567Z", "fetched_at": "2025-07-15T16:20:18.928053+00:00", "symbol": "DOGE-USD"}, {"trade_id": 139141583, "side": "sell", "size": "3637.90000000", "price": "0.19356000", "time": "2025-07-15T16:18:34.679567Z", "fetched_at": "2025-07-15T16:20:18.928053+00:00", "symbol": "DOGE-USD"}, {"trade_id": 139141582, "side": "sell", "size": "6627.20000000", "price": "0.19356000", "time": "2025-07-15T16:18:34.679567Z", "fetched_at": "2025-07-15T16:20:18.928053+00:00", "symbol": "DOGE-USD"}, {"trade_id": 139141581, "side": "sell", "size": "929.90000000", "price": "0.19356000", "time": "2025-07-15T16:18:34.679567Z", "fetched_at": "2025-07-15T16:20:18.928053+00:00", "symbol": "DOGE-USD"}, {"trade_id": 139141580, "side": "sell", "size": "58.00000000", "price": "0.19355000", "time": "2025-07-15T16:18:34.679567Z", "fetched_at": "2025-07-15T16:20:18.928053+00:00", "symbol": "DOGE-USD"}, {"trade_id": 139141579, "side": "sell", "size": "1566.00000000", "price": "0.19355000", "time": "2025-07-15T16:18:34.679567Z", "fetched_at": "2025-07-15T16:20:18.928053+00:00", "symbol": "DOGE-USD"}, {"trade_id": 139141578, "side": "sell", "size": "929.90000000", "price": "0.19355000", "time": "2025-07-15T16:18:34.679567Z", "fetched_at": "2025-07-15T16:20:18.928053+00:00", "symbol": "DOGE-USD"}, {"trade_id": 139141577, "side": "sell", "size": "1611.30000000", "price": "0.19353000", "time": "2025-07-15T16:18:34.679567Z", "fetched_at": "2025-07-15T16:20:18.928053+00:00", "symbol": "DOGE-USD"}, {"trade_id": 139141576, "side": "sell", "size": "1685.40000000", "price": "0.19353000", "time": "2025-07-15T16:18:34.679567Z", "fetched_at": "2025-07-15T16:20:18.928053+00:00", "symbol": "DOGE-USD"}, {"trade_id": 139141575, "side": "sell", "size": "286.00000000", "price": "0.19353000", "time": "2025-07-15T16:18:34.679567Z", "fetched_at": "2025-07-15T16:20:18.928053+00:00", "symbol": "DOGE-USD"}, {"trade_id": 139141574, "side": "buy", "size": "2000.00000000", "price": "0.19355000", "time": "2025-07-15T16:18:34.351733Z", "fetched_at": "2025-07-15T16:20:18.928053+00:00", "symbol": "DOGE-USD"}, {"trade_id": 139141573, "side": "buy", "size": "9.80000000", "price": "0.19355000", "time": "2025-07-15T16:18:34.351733Z", "fetched_at": "2025-07-15T16:20:18.928053+00:00", "symbol": "DOGE-USD"}, {"trade_id": 139141572, "side": "buy", "size": "13251.50000000", "price": "0.19353000", "time": "2025-07-15T16:18:32.169253Z", "fetched_at": "2025-07-15T16:20:18.928053+00:00", "symbol": "DOGE-USD"}, {"trade_id": 139141571, "side": "buy", "size": "1683.00000000", "price": "0.19353000", "time": "2025-07-15T16:18:32.169253Z", "fetched_at": "2025-07-15T16:20:18.928053+00:00", "symbol": "DOGE-USD"}, {"trade_id": 139141570, "side": "buy", "size": "1613.50000000", "price": "0.19354000", "time": "2025-07-15T16:18:32.169253Z", "fetched_at": "2025-07-15T16:20:18.928053+00:00", "symbol": "DOGE-USD"}, {"trade_id": 139141569, "side": "buy", "size": "11257.00000000", "price": "0.19354000", "time": "2025-07-15T16:18:32.169253Z", "fetched_at": "2025-07-15T16:20:18.928053+00:00", "symbol": "DOGE-USD"}, {"trade_id": 139141568, "side": "buy", "size": "2083.40000000", "price": "0.19354000", "time": "2025-07-15T16:18:32.169253Z", "fetched_at": "2025-07-15T16:20:18.928053+00:00", "symbol": "DOGE-USD"}, {"trade_id": 139141567, "side": "buy", "size": "1683.00000000", "price": "0.19354000", "time": "2025-07-15T16:18:32.169253Z", "fetched_at": "2025-07-15T16:20:18.928053+00:00", "symbol": "DOGE-USD"}, {"trade_id": 139141566, "side": "buy", "size": "5.70000000", "price": "0.19354000", "time": "2025-07-15T16:18:32.169253Z", "fetched_at": "2025-07-15T16:20:18.928053+00:00", "symbol": "DOGE-USD"}, {"trade_id": 139141565, "side": "buy", "size": "9.10000000", "price": "0.19355000", "time": "2025-07-15T16:18:32.169253Z", "fetched_at": "2025-07-15T16:20:18.928053+00:00", "symbol": "DOGE-USD"}, {"trade_id": 139141564, "side": "buy", "size": "4.40000000", "price": "0.19356000", "time": "2025-07-15T16:18:32.169253Z", "fetched_at": "2025-07-15T16:20:18.928053+00:00", "symbol": "DOGE-USD"}, {"trade_id": 139141563, "side": "sell", "size": "5.00000000", "price": "0.19360000", "time": "2025-07-15T16:18:31.078055Z", "fetched_at": "2025-07-15T16:20:18.928053+00:00", "symbol": "DOGE-USD"}, {"trade_id": 139141562, "side": "buy", "size": "1.30000000", "price": "0.19356000", "time": "2025-07-15T16:18:30.454402Z", "fetched_at": "2025-07-15T16:20:18.928053+00:00", "symbol": "DOGE-USD"}, {"trade_id": 139141561, "side": "buy", "size": "5.70000000", "price": "0.19358000", "time": "2025-07-15T16:18:30.454402Z", "fetched_at": "2025-07-15T16:20:18.928053+00:00", "symbol": "DOGE-USD"}, {"trade_id": 139141560, "side": "buy", "size": "2991.90000000", "price": "0.19360000", "time": "2025-07-15T16:18:29.812979Z", "fetched_at": "2025-07-15T16:20:18.928053+00:00", "symbol": "DOGE-USD"}, {"trade_id": 139141559, "side": "buy", "size": "5990.30000000", "price": "0.19360000", "time": "2025-07-15T16:18:29.812979Z", "fetched_at": "2025-07-15T16:20:18.928053+00:00", "symbol": "DOGE-USD"}, {"trade_id": 139141558, "side": "buy", "size": "5.70000000", "price": "0.19360000", "time": "2025-07-15T16:18:29.812979Z", "fetched_at": "2025-07-15T16:20:18.928053+00:00", "symbol": "DOGE-USD"}, {"trade_id": 139141557, "side": "buy", "size": "3232.30000000", "price": "0.19360000", "time": "2025-07-15T16:18:29.812979Z", "fetched_at": "2025-07-15T16:20:18.928053+00:00", "symbol": "DOGE-USD"}, {"trade_id": 139141556, "side": "buy", "size": "1683.00000000", "price": "0.19360000", "time": "2025-07-15T16:18:29.812979Z", "fetched_at": "2025-07-15T16:20:18.928053+00:00", "symbol": "DOGE-USD"}, {"trade_id": 139141555, "side": "buy", "size": "10.90000000", "price": "0.19361000", "time": "2025-07-15T16:18:29.812979Z", "fetched_at": "2025-07-15T16:20:18.928053+00:00", "symbol": "DOGE-USD"}, {"trade_id": 139141554, "side": "buy", "size": "2000.00000000", "price": "0.19363000", "time": "2025-07-15T16:18:29.494326Z", "fetched_at": "2025-07-15T16:20:18.928053+00:00", "symbol": "DOGE-USD"}, {"trade_id": 139141553, "side": "buy", "size": "5.70000000", "price": "0.19364000", "time": "2025-07-15T16:18:29.494326Z", "fetched_at": "2025-07-15T16:20:18.928053+00:00", "symbol": "DOGE-USD"}, {"trade_id": 139141552, "side": "buy", "size": "516.90000000", "price": "0.19364000", "time": "2025-07-15T16:18:29.494326Z", "fetched_at": "2025-07-15T16:20:18.928053+00:00", "symbol": "DOGE-USD"}, {"trade_id": 139141551, "side": "buy", "size": "14.20000000", "price": "0.19369000", "time": "2025-07-15T16:18:24.458804Z", "fetched_at": "2025-07-15T16:20:18.928053+00:00", "symbol": "DOGE-USD"}, {"trade_id": 139141550, "side": "sell", "size": "1127.20000000", "price": "0.19368000", "time": "2025-07-15T16:18:21.907524Z", "fetched_at": "2025-07-15T16:20:18.928053+00:00", "symbol": "DOGE-USD"}, {"trade_id": 139141549, "side": "sell", "size": "5.70000000", "price": "0.19368000", "time": "2025-07-15T16:18:21.907524Z", "fetched_at": "2025-07-15T16:20:18.928053+00:00", "symbol": "DOGE-USD"}, {"trade_id": 139141548, "side": "sell", "size": "5.70000000", "price": "0.19366000", "time": "2025-07-15T16:18:21.185415Z", "fetched_at": "2025-07-15T16:20:18.928053+00:00", "symbol": "DOGE-USD"}, {"trade_id": 139141547, "side": "sell", "size": "7871.50000000", "price": "0.19364000", "time": "2025-07-15T16:18:21.028977Z", "fetched_at": "2025-07-15T16:20:18.928053+00:00", "symbol": "DOGE-USD"}, {"trade_id": 139141546, "side": "sell", "size": "5.70000000", "price": "0.19364000", "time": "2025-07-15T16:18:21.028977Z", "fetched_at": "2025-07-15T16:20:18.928053+00:00", "symbol": "DOGE-USD"}, {"trade_id": 139141545, "side": "sell", "size": "5.70000000", "price": "0.19362000", "time": "2025-07-15T16:18:20.924531Z", "fetched_at": "2025-07-15T16:20:18.928053+00:00", "symbol": "DOGE-USD"}, {"trade_id": 139141544, "side": "sell", "size": "1355.60000000", "price": "0.19360000", "time": "2025-07-15T16:18:20.850470Z", "fetched_at": "2025-07-15T16:20:18.928053+00:00", "symbol": "DOGE-USD"}, {"trade_id": 139141543, "side": "sell", "size": "5.70000000", "price": "0.19360000", "time": "2025-07-15T16:18:20.850470Z", "fetched_at": "2025-07-15T16:20:18.928053+00:00", "symbol": "DOGE-USD"}, {"trade_id": 139141542, "side": "buy", "size": "193.40000000", "price": "0.19355000", "time": "2025-07-15T16:18:20.483040Z", "fetched_at": "2025-07-15T16:20:18.928053+00:00", "symbol": "DOGE-USD"}, {"trade_id": 139141541, "side": "buy", "size": "3287.80000000", "price": "0.19356000", "time": "2025-07-15T16:18:20.483040Z", "fetched_at": "2025-07-15T16:20:18.928053+00:00", "symbol": "DOGE-USD"}, {"trade_id": 139141540, "side": "buy", "size": "1683.00000000", "price": "0.19356000", "time": "2025-07-15T16:18:20.483040Z", "fetched_at": "2025-07-15T16:20:18.928053+00:00", "symbol": "DOGE-USD"}, {"trade_id": 139141539, "side": "buy", "size": "3638.20000000", "price": "0.19356000", "time": "2025-07-15T16:18:20.483040Z", "fetched_at": "2025-07-15T16:20:18.928053+00:00", "symbol": "DOGE-USD"}, {"trade_id": 139141538, "side": "buy", "size": "6627.20000000", "price": "0.19356000", "time": "2025-07-15T16:18:20.483040Z", "fetched_at": "2025-07-15T16:20:18.928053+00:00", "symbol": "DOGE-USD"}, {"trade_id": 139141537, "side": "buy", "size": "1566.00000000", "price": "0.19356000", "time": "2025-07-15T16:18:20.483040Z", "fetched_at": "2025-07-15T16:20:18.928053+00:00", "symbol": "DOGE-USD"}, {"trade_id": 139141536, "side": "buy", "size": "2000.00000000", "price": "0.19356000", "time": "2025-07-15T16:18:20.483040Z", "fetched_at": "2025-07-15T16:20:18.928053+00:00", "symbol": "DOGE-USD"}, {"trade_id": 139141535, "side": "buy", "size": "4222.50000000", "price": "0.19357000", "time": "2025-07-15T16:18:20.483040Z", "fetched_at": "2025-07-15T16:20:18.928053+00:00", "symbol": "DOGE-USD"}, {"trade_id": 139141534, "side": "buy", "size": "1683.00000000", "price": "0.19357000", "time": "2025-07-15T16:18:20.483040Z", "fetched_at": "2025-07-15T16:20:18.928053+00:00", "symbol": "DOGE-USD"}, {"trade_id": 139141533, "side": "buy", "size": "13.80000000", "price": "0.19358000", "time": "2025-07-15T16:18:20.483040Z", "fetched_at": "2025-07-15T16:20:18.928053+00:00", "symbol": "DOGE-USD"}, {"trade_id": 139141532, "side": "buy", "size": "929.90000000", "price": "0.19359000", "time": "2025-07-15T16:18:20.483040Z", "fetched_at": "2025-07-15T16:20:18.928053+00:00", "symbol": "DOGE-USD"}, {"trade_id": 139141531, "side": "buy", "size": "183.00000000", "price": "0.19359000", "time": "2025-07-15T16:18:20.483040Z", "fetched_at": "2025-07-15T16:20:18.928053+00:00", "symbol": "DOGE-USD"}, {"trade_id": 139141530, "side": "buy", "size": "1566.00000000", "price": "0.19359000", "time": "2025-07-15T16:18:20.483040Z", "fetched_at": "2025-07-15T16:20:18.928053+00:00", "symbol": "DOGE-USD"}, {"trade_id": 139141529, "side": "buy", "size": "286.00000000", "price": "0.19359000", "time": "2025-07-15T16:18:20.483040Z", "fetched_at": "2025-07-15T16:20:18.928053+00:00", "symbol": "DOGE-USD"}, {"trade_id": 139141528, "side": "sell", "size": "30.70000000", "price": "0.19359000", "time": "2025-07-15T16:18:16.978652Z", "fetched_at": "2025-07-15T16:20:18.928053+00:00", "symbol": "DOGE-USD"}, {"trade_id": 139141527, "side": "buy", "size": "5.70000000", "price": "0.19356000", "time": "2025-07-15T16:18:11.889370Z", "fetched_at": "2025-07-15T16:20:18.928053+00:00", "symbol": "DOGE-USD"}, {"trade_id": 139141526, "side": "sell", "size": "24.30000000", "price": "0.19357000", "time": "2025-07-15T16:18:10.352273Z", "fetched_at": "2025-07-15T16:20:18.928053+00:00", "symbol": "DOGE-USD"}, {"trade_id": 139141525, "side": "buy", "size": "5.70000000", "price": "0.19358000", "time": "2025-07-15T16:18:09.278615Z", "fetched_at": "2025-07-15T16:20:18.928053+00:00", "symbol": "DOGE-USD"}, {"trade_id": 139141524, "side": "buy", "size": "5.70000000", "price": "0.19360000", "time": "2025-07-15T16:18:08.316006Z", "fetched_at": "2025-07-15T16:20:18.928053+00:00", "symbol": "DOGE-USD"}, {"trade_id": 139141523, "side": "buy", "size": "5371.70000000", "price": "0.19361000", "time": "2025-07-15T16:18:08.038650Z", "fetched_at": "2025-07-15T16:20:18.928053+00:00", "symbol": "DOGE-USD"}, {"trade_id": 139141522, "side": "buy", "size": "1683.00000000", "price": "0.19361000", "time": "2025-07-15T16:18:08.038650Z", "fetched_at": "2025-07-15T16:20:18.928053+00:00", "symbol": "DOGE-USD"}, {"trade_id": 139141521, "side": "buy", "size": "929.90000000", "price": "0.19362000", "time": "2025-07-15T16:18:08.038650Z", "fetched_at": "2025-07-15T16:20:18.928053+00:00", "symbol": "DOGE-USD"}, {"trade_id": 139141520, "side": "buy", "size": "8.10000000", "price": "0.19362000", "time": "2025-07-15T16:18:08.038650Z", "fetched_at": "2025-07-15T16:20:18.928053+00:00", "symbol": "DOGE-USD"}, {"trade_id": 139141519, "side": "buy", "size": "9.40000000", "price": "0.19364000", "time": "2025-07-15T16:18:02.765246Z", "fetched_at": "2025-07-15T16:20:18.928053+00:00", "symbol": "DOGE-USD"}, {"trade_id": 139141518, "side": "sell", "size": "12938.90000000", "price": "0.19361000", "time": "2025-07-15T16:18:02.530014Z", "fetched_at": "2025-07-15T16:20:18.928053+00:00", "symbol": "DOGE-USD"}, {"trade_id": 139141517, "side": "sell", "size": "773.10000000", "price": "0.19361000", "time": "2025-07-15T16:18:02.530014Z", "fetched_at": "2025-07-15T16:20:18.928053+00:00", "symbol": "DOGE-USD"}, {"trade_id": 139141516, "side": "sell", "size": "125.50000000", "price": "0.19361000", "time": "2025-07-15T16:18:02.502795Z", "fetched_at": "2025-07-15T16:20:18.928053+00:00", "symbol": "DOGE-USD"}, {"trade_id": 139141515, "side": "buy", "size": "2000.00000000", "price": "0.19361000", "time": "2025-07-15T16:18:01.182811Z", "fetched_at": "2025-07-15T16:20:18.928053+00:00", "symbol": "DOGE-USD"}, {"trade_id": 139141514, "side": "buy", "size": "11.60000000", "price": "0.19361000", "time": "2025-07-15T16:18:01.182811Z", "fetched_at": "2025-07-15T16:20:18.928053+00:00", "symbol": "DOGE-USD"}, {"trade_id": 139141513, "side": "buy", "size": "1323.80000000", "price": "0.19361000", "time": "2025-07-15T16:17:58.118109Z", "fetched_at": "2025-07-15T16:20:18.928053+00:00", "symbol": "DOGE-USD"}, {"trade_id": 139141512, "side": "buy", "size": "12.40000000", "price": "0.19361000", "time": "2025-07-15T16:17:58.118109Z", "fetched_at": "2025-07-15T16:20:18.928053+00:00", "symbol": "DOGE-USD"}, {"trade_id": 139141511, "side": "sell", "size": "800.00000000", "price": "0.19361000", "time": "2025-07-15T16:17:55.306859Z", "fetched_at": "2025-07-15T16:20:18.928053+00:00", "symbol": "DOGE-USD"}, {"trade_id": 139141510, "side": "buy", "size": "929.90000000", "price": "0.19364000", "time": "2025-07-15T16:17:51.328605Z", "fetched_at": "2025-07-15T16:20:18.928053+00:00", "symbol": "DOGE-USD"}, {"trade_id": 139141509, "side": "buy", "size": "2890.90000000", "price": "0.19362000", "time": "2025-07-15T16:17:51.319124Z", "fetched_at": "2025-07-15T16:20:18.928053+00:00", "symbol": "DOGE-USD"}, {"trade_id": 139141508, "side": "buy", "size": "5238.90000000", "price": "0.19362000", "time": "2025-07-15T16:17:51.319124Z", "fetched_at": "2025-07-15T16:20:18.928053+00:00", "symbol": "DOGE-USD"}, {"trade_id": 139141507, "side": "buy", "size": "5.70000000", "price": "0.19362000", "time": "2025-07-15T16:17:51.319124Z", "fetched_at": "2025-07-15T16:20:18.928053+00:00", "symbol": "DOGE-USD"}, {"trade_id": 139141506, "side": "buy", "size": "10000.00000000", "price": "0.19364000", "time": "2025-07-15T16:17:51.319124Z", "fetched_at": "2025-07-15T16:20:18.928053+00:00", "symbol": "DOGE-USD"}, {"trade_id": 139141505, "side": "buy", "size": "4187.40000000", "price": "0.19364000", "time": "2025-07-15T16:17:51.319124Z", "fetched_at": "2025-07-15T16:20:18.928053+00:00", "symbol": "DOGE-USD"}, {"trade_id": 139141504, "side": "buy", "size": "5.70000000", "price": "0.19364000", "time": "2025-07-15T16:17:51.319124Z", "fetched_at": "2025-07-15T16:20:18.928053+00:00", "symbol": "DOGE-USD"}, {"trade_id": 139141503, "side": "buy", "size": "7180.40000000", "price": "0.19365000", "time": "2025-07-15T16:17:51.318199Z", "fetched_at": "2025-07-15T16:20:18.928053+00:00", "symbol": "DOGE-USD"}, {"trade_id": 139141502, "side": "buy", "size": "1683.00000000", "price": "0.19365000", "time": "2025-07-15T16:17:51.318199Z", "fetched_at": "2025-07-15T16:20:18.928053+00:00", "symbol": "DOGE-USD"}, {"trade_id": 139141501, "side": "buy", "size": "21.30000000", "price": "0.19366000", "time": "2025-07-15T16:17:51.318199Z", "fetched_at": "2025-07-15T16:20:18.928053+00:00", "symbol": "DOGE-USD"}, {"trade_id": 139141500, "side": "buy", "size": "5.70000000", "price": "0.19366000", "time": "2025-07-15T16:17:51.318199Z", "fetched_at": "2025-07-15T16:20:18.928053+00:00", "symbol": "DOGE-USD"}, {"trade_id": 139141499, "side": "sell", "size": "754.40000000", "price": "0.19370000", "time": "2025-07-15T16:17:47.586746Z", "fetched_at": "2025-07-15T16:20:18.928053+00:00", "symbol": "DOGE-USD"}, {"trade_id": 139141498, "side": "sell", "size": "1463.70000000", "price": "0.19370000", "time": "2025-07-15T16:17:45.944357Z", "fetched_at": "2025-07-15T16:20:18.928053+00:00", "symbol": "DOGE-USD"}, {"trade_id": 139141497, "side": "sell", "size": "6622.40000000", "price": "0.19370000", "time": "2025-07-15T16:17:45.944357Z", "fetched_at": "2025-07-15T16:20:18.928053+00:00", "symbol": "DOGE-USD"}, {"trade_id": 139141496, "side": "sell", "size": "1380.70000000", "price": "0.19370000", "time": "2025-07-15T16:17:45.944357Z", "fetched_at": "2025-07-15T16:20:18.928053+00:00", "symbol": "DOGE-USD"}, {"trade_id": 139141495, "side": "sell", "size": "500.00000000", "price": "0.19370000", "time": "2025-07-15T16:17:45.944357Z", "fetched_at": "2025-07-15T16:20:18.928053+00:00", "symbol": "DOGE-USD"}, {"trade_id": 139141494, "side": "sell", "size": "1566.00000000", "price": "0.19369000", "time": "2025-07-15T16:17:45.944357Z", "fetched_at": "2025-07-15T16:20:18.928053+00:00", "symbol": "DOGE-USD"}, {"trade_id": 139141493, "side": "sell", "size": "57.90000000", "price": "0.19369000", "time": "2025-07-15T16:17:45.944357Z", "fetched_at": "2025-07-15T16:20:18.928053+00:00", "symbol": "DOGE-USD"}, {"trade_id": 139141492, "side": "sell", "size": "1650.00000000", "price": "0.19368000", "time": "2025-07-15T16:17:45.944357Z", "fetched_at": "2025-07-15T16:20:18.928053+00:00", "symbol": "DOGE-USD"}, {"trade_id": 139141491, "side": "sell", "size": "1618.80000000", "price": "0.19367000", "time": "2025-07-15T16:17:45.944357Z", "fetched_at": "2025-07-15T16:20:18.928053+00:00", "symbol": "DOGE-USD"}, {"trade_id": 139141490, "side": "sell", "size": "183.00000000", "price": "0.19367000", "time": "2025-07-15T16:17:45.944357Z", "fetched_at": "2025-07-15T16:20:18.928053+00:00", "symbol": "DOGE-USD"}, {"trade_id": 139141489, "side": "buy", "size": "5.70000000", "price": "0.19368000", "time": "2025-07-15T16:17:45.309458Z", "fetched_at": "2025-07-15T16:20:18.928053+00:00", "symbol": "DOGE-USD"}, {"trade_id": 139141488, "side": "buy", "size": "5.70000000", "price": "0.19370000", "time": "2025-07-15T16:17:45.234401Z", "fetched_at": "2025-07-15T16:20:18.928053+00:00", "symbol": "DOGE-USD"}, {"trade_id": 139141487, "side": "buy", "size": "2000.00000000", "price": "0.19372000", "time": "2025-07-15T16:17:42.731363Z", "fetched_at": "2025-07-15T16:20:18.928053+00:00", "symbol": "DOGE-USD"}, {"trade_id": 139141486, "side": "buy", "size": "25.50000000", "price": "0.19372000", "time": "2025-07-15T16:17:42.731363Z", "fetched_at": "2025-07-15T16:20:18.928053+00:00", "symbol": "DOGE-USD"}, {"trade_id": 139141485, "side": "buy", "size": "5.70000000", "price": "0.19372000", "time": "2025-07-15T16:17:42.731363Z", "fetched_at": "2025-07-15T16:20:18.928053+00:00", "symbol": "DOGE-USD"}, {"trade_id": 139141484, "side": "buy", "size": "287.70000000", "price": "0.19374000", "time": "2025-07-15T16:17:39.775734Z", "fetched_at": "2025-07-15T16:20:18.928053+00:00", "symbol": "DOGE-USD"}, {"trade_id": 139141483, "side": "buy", "size": "5.70000000", "price": "0.19374000", "time": "2025-07-15T16:17:39.775734Z", "fetched_at": "2025-07-15T16:20:18.928053+00:00", "symbol": "DOGE-USD"}, {"trade_id": 139141482, "side": "buy", "size": "26.70000000", "price": "0.19375000", "time": "2025-07-15T16:17:39.775734Z", "fetched_at": "2025-07-15T16:20:18.928053+00:00", "symbol": "DOGE-USD"}, {"trade_id": 139141481, "side": "buy", "size": "19216.50000000", "price": "0.19376000", "time": "2025-07-15T16:17:39.330371Z", "fetched_at": "2025-07-15T16:20:18.928053+00:00", "symbol": "DOGE-USD"}, {"trade_id": 139141480, "side": "buy", "size": "3171.20000000", "price": "0.19376000", "time": "2025-07-15T16:17:39.330371Z", "fetched_at": "2025-07-15T16:20:18.928053+00:00", "symbol": "DOGE-USD"}, {"trade_id": 139141479, "side": "buy", "size": "1683.00000000", "price": "0.19376000", "time": "2025-07-15T16:17:39.330371Z", "fetched_at": "2025-07-15T16:20:18.928053+00:00", "symbol": "DOGE-USD"}, {"trade_id": 139141478, "side": "buy", "size": "27.00000000", "price": "0.19377000", "time": "2025-07-15T16:17:39.330371Z", "fetched_at": "2025-07-15T16:20:18.928053+00:00", "symbol": "DOGE-USD"}, {"trade_id": 139141477, "side": "buy", "size": "5271.80000000", "price": "0.19379000", "time": "2025-07-15T16:17:38.923124Z", "fetched_at": "2025-07-15T16:20:18.928053+00:00", "symbol": "DOGE-USD"}, {"trade_id": 139141476, "side": "buy", "size": "1683.00000000", "price": "0.19379000", "time": "2025-07-15T16:17:38.923124Z", "fetched_at": "2025-07-15T16:20:18.928053+00:00", "symbol": "DOGE-USD"}, {"trade_id": 139141475, "side": "buy", "size": "929.90000000", "price": "0.19379000", "time": "2025-07-15T16:17:38.923124Z", "fetched_at": "2025-07-15T16:20:18.928053+00:00", "symbol": "DOGE-USD"}, {"trade_id": 139141474, "side": "buy", "size": "27.70000000", "price": "0.19380000", "time": "2025-07-15T16:17:38.923124Z", "fetched_at": "2025-07-15T16:20:18.928053+00:00", "symbol": "DOGE-USD"}, {"trade_id": 139141473, "side": "sell", "size": "84.00000000", "price": "0.19384000", "time": "2025-07-15T16:17:38.656381Z", "fetched_at": "2025-07-15T16:20:18.928053+00:00", "symbol": "DOGE-USD"}, {"trade_id": 139141472, "side": "sell", "size": "5.70000000", "price": "0.19384000", "time": "2025-07-15T16:17:38.656381Z", "fetched_at": "2025-07-15T16:20:18.928053+00:00", "symbol": "DOGE-USD"}, {"trade_id": 139141471, "side": "sell", "size": "57.90000000", "price": "0.19383000", "time": "2025-07-15T16:17:38.656381Z", "fetched_at": "2025-07-15T16:20:18.928053+00:00", "symbol": "DOGE-USD"}, {"trade_id": 139141470, "side": "sell", "size": "5.70000000", "price": "0.19382000", "time": "2025-07-15T16:17:38.656381Z", "fetched_at": "2025-07-15T16:20:18.928053+00:00", "symbol": "DOGE-USD"}, {"trade_id": 139141469, "side": "sell", "size": "5.70000000", "price": "0.19380000", "time": "2025-07-15T16:17:38.566755Z", "fetched_at": "2025-07-15T16:20:18.928053+00:00", "symbol": "DOGE-USD"}, {"trade_id": 139141468, "side": "sell", "size": "588.50000000", "price": "0.19379000", "time": "2025-07-15T16:17:38.504519Z", "fetched_at": "2025-07-15T16:20:18.928053+00:00", "symbol": "DOGE-USD"}, {"trade_id": 139141467, "side": "sell", "size": "12.60000000", "price": "0.19379000", "time": "2025-07-15T16:17:38.504519Z", "fetched_at": "2025-07-15T16:20:18.928053+00:00", "symbol": "DOGE-USD"}, {"trade_id": 139141466, "side": "sell", "size": "639.00000000", "price": "0.19378000", "time": "2025-07-15T16:17:37.911280Z", "fetched_at": "2025-07-15T16:20:18.928053+00:00", "symbol": "DOGE-USD"}, {"trade_id": 139141465, "side": "sell", "size": "5.70000000", "price": "0.19378000", "time": "2025-07-15T16:17:37.911280Z", "fetched_at": "2025-07-15T16:20:18.928053+00:00", "symbol": "DOGE-USD"}, {"trade_id": 139141464, "side": "sell", "size": "203.40000000", "price": "0.19378000", "time": "2025-07-15T16:17:37.911280Z", "fetched_at": "2025-07-15T16:20:18.928053+00:00", "symbol": "DOGE-USD"}, {"trade_id": 139141463, "side": "buy", "size": "73.50000000", "price": "0.19375000", "time": "2025-07-15T16:17:36.140748Z", "fetched_at": "2025-07-15T16:20:18.928053+00:00", "symbol": "DOGE-USD"}, {"trade_id": 139141462, "side": "buy", "size": "26.50000000", "price": "0.19376000", "time": "2025-07-15T16:17:36.140748Z", "fetched_at": "2025-07-15T16:20:18.928053+00:00", "symbol": "DOGE-USD"}, {"trade_id": 139141461, "side": "sell", "size": "704.00000000", "price": "0.19377000", "time": "2025-07-15T16:17:35.301558Z", "fetched_at": "2025-07-15T16:20:18.928053+00:00", "symbol": "DOGE-USD"}, {"trade_id": 139141460, "side": "sell", "size": "5.70000000", "price": "0.19376000", "time": "2025-07-15T16:17:35.252430Z", "fetched_at": "2025-07-15T16:20:18.928053+00:00", "symbol": "DOGE-USD"}, {"trade_id": 139141459, "side": "sell", "size": "198.50000000", "price": "0.19376000", "time": "2025-07-15T16:17:35.252430Z", "fetched_at": "2025-07-15T16:20:18.928053+00:00", "symbol": "DOGE-USD"}, {"trade_id": 139141458, "side": "sell", "size": "126.30000000", "price": "0.19375000", "time": "2025-07-15T16:17:35.228821Z", "fetched_at": "2025-07-15T16:20:18.928053+00:00", "symbol": "DOGE-USD"}, {"trade_id": 139141457, "side": "sell", "size": "717.60000000", "price": "0.19374000", "time": "2025-07-15T16:17:35.126075Z", "fetched_at": "2025-07-15T16:20:18.928053+00:00", "symbol": "DOGE-USD"}, {"trade_id": 139141456, "side": "sell", "size": "5.70000000", "price": "0.19374000", "time": "2025-07-15T16:17:35.126075Z", "fetched_at": "2025-07-15T16:20:18.928053+00:00", "symbol": "DOGE-USD"}, {"trade_id": 139141455, "side": "sell", "size": "120.90000000", "price": "0.19374000", "time": "2025-07-15T16:17:35.126075Z", "fetched_at": "2025-07-15T16:20:18.928053+00:00", "symbol": "DOGE-USD"}, {"trade_id": 139141454, "side": "sell", "size": "43.60000000", "price": "0.19373000", "time": "2025-07-15T16:17:34.790268Z", "fetched_at": "2025-07-15T16:20:18.928053+00:00", "symbol": "DOGE-USD"}, {"trade_id": 139141453, "side": "sell", "size": "5.70000000", "price": "0.19372000", "time": "2025-07-15T16:17:34.494035Z", "fetched_at": "2025-07-15T16:20:18.928053+00:00", "symbol": "DOGE-USD"}, {"trade_id": 139141452, "side": "sell", "size": "69.60000000", "price": "0.19372000", "time": "2025-07-15T16:17:34.494035Z", "fetched_at": "2025-07-15T16:20:18.928053+00:00", "symbol": "DOGE-USD"}, {"trade_id": 139141451, "side": "sell", "size": "765.60000000", "price": "0.19371000", "time": "2025-07-15T16:17:34.261858Z", "fetched_at": "2025-07-15T16:20:18.928053+00:00", "symbol": "DOGE-USD"}, {"trade_id": 139141450, "side": "sell", "size": "198.40000000", "price": "0.19371000", "time": "2025-07-15T16:17:34.261858Z", "fetched_at": "2025-07-15T16:20:18.928053+00:00", "symbol": "DOGE-USD"}, {"trade_id": 139141449, "side": "sell", "size": "50.00000000", "price": "0.19370000", "time": "2025-07-15T16:17:32.629899Z", "fetched_at": "2025-07-15T16:20:18.928053+00:00", "symbol": "DOGE-USD"}, {"trade_id": 139141448, "side": "buy", "size": "494.40000000", "price": "0.19369000", "time": "2025-07-15T16:17:31.895767Z", "fetched_at": "2025-07-15T16:20:18.928053+00:00", "symbol": "DOGE-USD"}, {"trade_id": 139141447, "side": "buy", "size": "286.00000000", "price": "0.19369000", "time": "2025-07-15T16:17:31.895767Z", "fetched_at": "2025-07-15T16:20:18.928053+00:00", "symbol": "DOGE-USD"}, {"trade_id": 139141446, "side": "sell", "size": "896.50000000", "price": "0.19369000", "time": "2025-07-15T16:17:31.822484Z", "fetched_at": "2025-07-15T16:20:18.928053+00:00", "symbol": "DOGE-USD"}, {"trade_id": 139141445, "side": "sell", "size": "611.50000000", "price": "0.19367000", "time": "2025-07-15T16:17:30.751093Z", "fetched_at": "2025-07-15T16:20:18.928053+00:00", "symbol": "DOGE-USD"}, {"trade_id": 139141444, "side": "sell", "size": "190.20000000", "price": "0.19367000", "time": "2025-07-15T16:17:25.047740Z", "fetched_at": "2025-07-15T16:20:18.928053+00:00", "symbol": "DOGE-USD"}, {"trade_id": 139141443, "side": "sell", "size": "166.70000000", "price": "0.19367000", "time": "2025-07-15T16:17:24.240560Z", "fetched_at": "2025-07-15T16:20:18.928053+00:00", "symbol": "DOGE-USD"}, {"trade_id": 139141442, "side": "sell", "size": "5.10000000", "price": "0.19368000", "time": "2025-07-15T16:17:23.531978Z", "fetched_at": "2025-07-15T16:20:18.928053+00:00", "symbol": "DOGE-USD"}, {"trade_id": 139141441, "side": "sell", "size": "24.40000000", "price": "0.19370000", "time": "2025-07-15T16:17:19.850639Z", "fetched_at": "2025-07-15T16:20:18.928053+00:00", "symbol": "DOGE-USD"}, {"trade_id": 139141440, "side": "sell", "size": "745.60000000", "price": "0.19370000", "time": "2025-07-15T16:17:19.686468Z", "fetched_at": "2025-07-15T16:20:18.928053+00:00", "symbol": "DOGE-USD"}, {"trade_id": 139141439, "side": "sell", "size": "38.40000000", "price": "0.19370000", "time": "2025-07-15T16:17:19.686468Z", "fetched_at": "2025-07-15T16:20:18.928053+00:00", "symbol": "DOGE-USD"}, {"trade_id": 139141438, "side": "sell", "size": "5.70000000", "price": "0.19370000", "time": "2025-07-15T16:17:19.686468Z", "fetched_at": "2025-07-15T16:20:18.928053+00:00", "symbol": "DOGE-USD"}, {"trade_id": 139141437, "side": "sell", "size": "5.70000000", "price": "0.19368000", "time": "2025-07-15T16:17:17.744501Z", "fetched_at": "2025-07-15T16:20:18.928053+00:00", "symbol": "DOGE-USD"}, {"trade_id": 139141436, "side": "sell", "size": "5.70000000", "price": "0.19366000", "time": "2025-07-15T16:17:17.581492Z", "fetched_at": "2025-07-15T16:20:18.928053+00:00", "symbol": "DOGE-USD"}, {"trade_id": 139141435, "side": "sell", "size": "874.60000000", "price": "0.19364000", "time": "2025-07-15T16:17:17.051730Z", "fetched_at": "2025-07-15T16:20:18.928053+00:00", "symbol": "DOGE-USD"}, {"trade_id": 139141434, "side": "sell", "size": "5.70000000", "price": "0.19364000", "time": "2025-07-15T16:17:17.051730Z", "fetched_at": "2025-07-15T16:20:18.928053+00:00", "symbol": "DOGE-USD"}, {"trade_id": 139141433, "side": "buy", "size": "330.40000000", "price": "0.19363000", "time": "2025-07-15T16:17:16.556724Z", "fetched_at": "2025-07-15T16:20:18.928053+00:00", "symbol": "DOGE-USD"}, {"trade_id": 139141432, "side": "buy", "size": "1566.00000000", "price": "0.19363000", "time": "2025-07-15T16:17:16.556724Z", "fetched_at": "2025-07-15T16:20:18.928053+00:00", "symbol": "DOGE-USD"}, {"trade_id": 139141431, "side": "buy", "size": "929.90000000", "price": "0.19363000", "time": "2025-07-15T16:17:16.556724Z", "fetched_at": "2025-07-15T16:20:18.928053+00:00", "symbol": "DOGE-USD"}, {"trade_id": 139141430, "side": "sell", "size": "5.70000000", "price": "0.19362000", "time": "2025-07-15T16:17:16.472452Z", "fetched_at": "2025-07-15T16:20:18.928053+00:00", "symbol": "DOGE-USD"}, {"trade_id": 139141429, "side": "sell", "size": "1.90000000", "price": "0.19360000", "time": "2025-07-15T16:17:16.152660Z", "fetched_at": "2025-07-15T16:20:18.928053+00:00", "symbol": "DOGE-USD"}, {"trade_id": 139141428, "side": "sell", "size": "3.80000000", "price": "0.19360000", "time": "2025-07-15T16:17:16.148672Z", "fetched_at": "2025-07-15T16:20:18.928053+00:00", "symbol": "DOGE-USD"}, {"trade_id": 139141427, "side": "buy", "size": "64.80000000", "price": "0.19359000", "time": "2025-07-15T16:17:16.114903Z", "fetched_at": "2025-07-15T16:20:18.928053+00:00", "symbol": "DOGE-USD"}, {"trade_id": 139141426, "side": "sell", "size": "5.70000000", "price": "0.19358000", "time": "2025-07-15T16:17:16.082668Z", "fetched_at": "2025-07-15T16:20:18.928053+00:00", "symbol": "DOGE-USD"}, {"trade_id": 139141425, "side": "sell", "size": "5.70000000", "price": "0.19356000", "time": "2025-07-15T16:17:15.976574Z", "fetched_at": "2025-07-15T16:20:18.928053+00:00", "symbol": "DOGE-USD"}, {"trade_id": 139141424, "side": "sell", "size": "1002.70000000", "price": "0.19354000", "time": "2025-07-15T16:17:15.744510Z", "fetched_at": "2025-07-15T16:20:18.928053+00:00", "symbol": "DOGE-USD"}, {"trade_id": 139141423, "side": "sell", "size": "5.70000000", "price": "0.19354000", "time": "2025-07-15T16:17:15.744510Z", "fetched_at": "2025-07-15T16:20:18.928053+00:00", "symbol": "DOGE-USD"}, {"trade_id": 139141422, "side": "buy", "size": "5.70000000", "price": "0.19348000", "time": "2025-07-15T16:17:14.052346Z", "fetched_at": "2025-07-15T16:20:18.928053+00:00", "symbol": "DOGE-USD"}, {"trade_id": 139141421, "side": "buy", "size": "5.70000000", "price": "0.19350000", "time": "2025-07-15T16:17:13.926662Z", "fetched_at": "2025-07-15T16:20:18.928053+00:00", "symbol": "DOGE-USD"}, {"trade_id": 139141420, "side": "sell", "size": "50.20000000", "price": "0.19351000", "time": "2025-07-15T16:17:13.893630Z", "fetched_at": "2025-07-15T16:20:18.928053+00:00", "symbol": "DOGE-USD"}, {"trade_id": 139141419, "side": "sell", "size": "127.90000000", "price": "0.19351000", "time": "2025-07-15T16:17:12.942596Z", "fetched_at": "2025-07-15T16:20:18.928053+00:00", "symbol": "DOGE-USD"}, {"trade_id": 139141418, "side": "sell", "size": "33.60000000", "price": "0.19355000", "time": "2025-07-15T16:17:09.558416Z", "fetched_at": "2025-07-15T16:20:18.928053+00:00", "symbol": "DOGE-USD"}, {"trade_id": 139141417, "side": "sell", "size": "5.70000000", "price": "0.19352000", "time": "2025-07-15T16:17:06.877729Z", "fetched_at": "2025-07-15T16:20:18.928053+00:00", "symbol": "DOGE-USD"}, {"trade_id": 139141416, "side": "buy", "size": "446.20000000", "price": "0.19351000", "time": "2025-07-15T16:17:06.616621Z", "fetched_at": "2025-07-15T16:20:18.928053+00:00", "symbol": "DOGE-USD"}, {"trade_id": 139141415, "side": "buy", "size": "183.00000000", "price": "0.19351000", "time": "2025-07-15T16:17:06.616621Z", "fetched_at": "2025-07-15T16:20:18.928053+00:00", "symbol": "DOGE-USD"}, {"trade_id": 139141414, "side": "buy", "size": "286.00000000", "price": "0.19351000", "time": "2025-07-15T16:17:06.616621Z", "fetched_at": "2025-07-15T16:20:18.928053+00:00", "symbol": "DOGE-USD"}, {"trade_id": 139141413, "side": "buy", "size": "37.20000000", "price": "0.19347000", "time": "2025-07-15T16:17:04.880838Z", "fetched_at": "2025-07-15T16:20:18.928053+00:00", "symbol": "DOGE-USD"}, {"trade_id": 139141412, "side": "buy", "size": "183.00000000", "price": "0.19348000", "time": "2025-07-15T16:17:04.856738Z", "fetched_at": "2025-07-15T16:20:18.928053+00:00", "symbol": "DOGE-USD"}, {"trade_id": 139141411, "side": "buy", "size": "2087.60000000", "price": "0.19347000", "time": "2025-07-15T16:17:04.841540Z", "fetched_at": "2025-07-15T16:20:18.928053+00:00", "symbol": "DOGE-USD"}, {"trade_id": 139141410, "side": "buy", "size": "1683.00000000", "price": "0.19347000", "time": "2025-07-15T16:17:04.841540Z", "fetched_at": "2025-07-15T16:20:18.928053+00:00", "symbol": "DOGE-USD"}, {"trade_id": 139141409, "side": "buy", "size": "929.90000000", "price": "0.19348000", "time": "2025-07-15T16:17:04.841540Z", "fetched_at": "2025-07-15T16:20:18.928053+00:00", "symbol": "DOGE-USD"}, {"trade_id": 139141408, "side": "buy", "size": "5.70000000", "price": "0.19348000", "time": "2025-07-15T16:17:04.841540Z", "fetched_at": "2025-07-15T16:20:18.928053+00:00", "symbol": "DOGE-USD"}, {"trade_id": 139141407, "side": "buy", "size": "10000.00000000", "price": "0.19349000", "time": "2025-07-15T16:17:04.841540Z", "fetched_at": "2025-07-15T16:20:18.928053+00:00", "symbol": "DOGE-USD"}, {"trade_id": 139141406, "side": "buy", "size": "5.70000000", "price": "0.19350000", "time": "2025-07-15T16:17:04.841540Z", "fetched_at": "2025-07-15T16:20:18.928053+00:00", "symbol": "DOGE-USD"}, {"trade_id": 139141405, "side": "buy", "size": "2000.00000000", "price": "0.19351000", "time": "2025-07-15T16:17:04.841131Z", "fetched_at": "2025-07-15T16:20:18.928053+00:00", "symbol": "DOGE-USD"}, {"trade_id": 139141404, "side": "buy", "size": "13.80000000", "price": "0.19352000", "time": "2025-07-15T16:17:04.841131Z", "fetched_at": "2025-07-15T16:20:18.928053+00:00", "symbol": "DOGE-USD"}, {"trade_id": 139141403, "side": "buy", "size": "5.70000000", "price": "0.19352000", "time": "2025-07-15T16:17:04.841131Z", "fetched_at": "2025-07-15T16:20:18.928053+00:00", "symbol": "DOGE-USD"}, {"trade_id": 139141402, "side": "sell", "size": "5.10000000", "price": "0.19353000", "time": "2025-07-15T16:17:04.613162Z", "fetched_at": "2025-07-15T16:20:18.928053+00:00", "symbol": "DOGE-USD"}, {"trade_id": 139141401, "side": "buy", "size": "14.00000000", "price": "0.19354000", "time": "2025-07-15T16:17:04.537370Z", "fetched_at": "2025-07-15T16:20:18.928053+00:00", "symbol": "DOGE-USD"}, {"trade_id": 139141400, "side": "buy", "size": "14.00000000", "price": "0.19355000", "time": "2025-07-15T16:17:04.171093Z", "fetched_at": "2025-07-15T16:20:18.928053+00:00", "symbol": "DOGE-USD"}, {"trade_id": 139141399, "side": "sell", "size": "244.30000000", "price": "0.19362000", "time": "2025-07-15T16:17:01.172685Z", "fetched_at": "2025-07-15T16:20:18.928053+00:00", "symbol": "DOGE-USD"}, {"trade_id": 139141398, "side": "sell", "size": "5.70000000", "price": "0.19362000", "time": "2025-07-15T16:17:01.172685Z", "fetched_at": "2025-07-15T16:20:18.928053+00:00", "symbol": "DOGE-USD"}, {"trade_id": 139141397, "side": "sell", "size": "5.70000000", "price": "0.19360000", "time": "2025-07-15T16:17:01.172685Z", "fetched_at": "2025-07-15T16:20:18.928053+00:00", "symbol": "DOGE-USD"}, {"trade_id": 139141396, "side": "sell", "size": "803.80000000", "price": "0.19356000", "time": "2025-07-15T16:17:00.948737Z", "fetched_at": "2025-07-15T16:20:18.928053+00:00", "symbol": "DOGE-USD"}, {"trade_id": 139141395, "side": "sell", "size": "10335.30000000", "price": "0.19353000", "time": "2025-07-15T16:17:00.497874Z", "fetched_at": "2025-07-15T16:20:18.928053+00:00", "symbol": "DOGE-USD"}, {"trade_id": 139141394, "side": "buy", "size": "5.70000000", "price": "0.19352000", "time": "2025-07-15T16:16:58.958337Z", "fetched_at": "2025-07-15T16:20:18.928053+00:00", "symbol": "DOGE-USD"}, {"trade_id": 139141393, "side": "buy", "size": "5.70000000", "price": "0.19354000", "time": "2025-07-15T16:16:58.941399Z", "fetched_at": "2025-07-15T16:20:18.928053+00:00", "symbol": "DOGE-USD"}, {"trade_id": 139141392, "side": "buy", "size": "5.70000000", "price": "0.19356000", "time": "2025-07-15T16:16:58.838800Z", "fetched_at": "2025-07-15T16:20:18.928053+00:00", "symbol": "DOGE-USD"}, {"trade_id": 139141391, "side": "sell", "size": "183.00000000", "price": "0.19357000", "time": "2025-07-15T16:16:54.438458Z", "fetched_at": "2025-07-15T16:20:18.928053+00:00", "symbol": "DOGE-USD"}, {"trade_id": 139141390, "side": "sell", "size": "1565.40000000", "price": "0.19357000", "time": "2025-07-15T16:16:54.438458Z", "fetched_at": "2025-07-15T16:20:18.928053+00:00", "symbol": "DOGE-USD"}, {"trade_id": 139141389, "side": "sell", "size": "731.70000000", "price": "0.19357000", "time": "2025-07-15T16:16:54.438458Z", "fetched_at": "2025-07-15T16:20:18.928053+00:00", "symbol": "DOGE-USD"}, {"trade_id": 139141388, "side": "sell", "size": "236.30000000", "price": "0.19357000", "time": "2025-07-15T16:16:54.438458Z", "fetched_at": "2025-07-15T16:20:18.928053+00:00", "symbol": "DOGE-USD"}, {"trade_id": 139141387, "side": "sell", "size": "236.30000000", "price": "0.19357000", "time": "2025-07-15T16:16:54.438458Z", "fetched_at": "2025-07-15T16:20:18.928053+00:00", "symbol": "DOGE-USD"}, {"trade_id": 139141386, "side": "buy", "size": "5.70000000", "price": "0.19358000", "time": "2025-07-15T16:16:53.101934Z", "fetched_at": "2025-07-15T16:20:18.928053+00:00", "symbol": "DOGE-USD"}, {"trade_id": 139141385, "side": "buy", "size": "10.10000000", "price": "0.19361000", "time": "2025-07-15T16:16:51.919844Z", "fetched_at": "2025-07-15T16:20:18.928053+00:00", "symbol": "DOGE-USD"}, {"trade_id": 139141384, "side": "buy", "size": "3083.90000000", "price": "0.19361000", "time": "2025-07-15T16:16:51.894627Z", "fetched_at": "2025-07-15T16:20:18.928053+00:00", "symbol": "DOGE-USD"}, {"trade_id": 139141383, "side": "buy", "size": "1683.00000000", "price": "0.19361000", "time": "2025-07-15T16:16:51.894627Z", "fetched_at": "2025-07-15T16:20:18.928053+00:00", "symbol": "DOGE-USD"}, {"trade_id": 139141382, "side": "buy", "size": "929.90000000", "price": "0.19362000", "time": "2025-07-15T16:16:51.894627Z", "fetched_at": "2025-07-15T16:20:18.928053+00:00", "symbol": "DOGE-USD"}, {"trade_id": 139141381, "side": "buy", "size": "12626.20000000", "price": "0.19363000", "time": "2025-07-15T16:16:51.892791Z", "fetched_at": "2025-07-15T16:20:18.928053+00:00", "symbol": "DOGE-USD"}, {"trade_id": 139141380, "side": "buy", "size": "10.10000000", "price": "0.19364000", "time": "2025-07-15T16:16:51.892791Z", "fetched_at": "2025-07-15T16:20:18.928053+00:00", "symbol": "DOGE-USD"}, {"trade_id": 139141379, "side": "sell", "size": "1277.90000000", "price": "0.19366000", "time": "2025-07-15T16:16:50.793658Z", "fetched_at": "2025-07-15T16:20:18.928053+00:00", "symbol": "DOGE-USD"}, {"trade_id": 139141378, "side": "sell", "size": "724.20000000", "price": "0.19363000", "time": "2025-07-15T16:16:50.231315Z", "fetched_at": "2025-07-15T16:20:18.928053+00:00", "symbol": "DOGE-USD"}, {"trade_id": 139141377, "side": "sell", "size": "58.00000000", "price": "0.19362000", "time": "2025-07-15T16:16:49.864969Z", "fetched_at": "2025-07-15T16:20:18.928053+00:00", "symbol": "DOGE-USD"}, {"trade_id": 139141376, "side": "sell", "size": "5.70000000", "price": "0.19364000", "time": "2025-07-15T16:16:49.019409Z", "fetched_at": "2025-07-15T16:20:18.928053+00:00", "symbol": "DOGE-USD"}, {"trade_id": 139141375, "side": "sell", "size": "798.30000000", "price": "0.19361000", "time": "2025-07-15T16:16:48.707509Z", "fetched_at": "2025-07-15T16:20:18.928053+00:00", "symbol": "DOGE-USD"}, {"trade_id": 139141374, "side": "sell", "size": "9.40000000", "price": "0.19357000", "time": "2025-07-15T16:16:47.424187Z", "fetched_at": "2025-07-15T16:20:18.928053+00:00", "symbol": "DOGE-USD"}, {"trade_id": 139141373, "side": "buy", "size": "5.70000000", "price": "0.19358000", "time": "2025-07-15T16:16:46.865003Z", "fetched_at": "2025-07-15T16:20:18.928053+00:00", "symbol": "DOGE-USD"}, {"trade_id": 139141372, "side": "buy", "size": "5.70000000", "price": "0.19360000", "time": "2025-07-15T16:16:46.858893Z", "fetched_at": "2025-07-15T16:20:18.928053+00:00", "symbol": "DOGE-USD"}, {"trade_id": 139141371, "side": "sell", "size": "0.20000000", "price": "0.19360000", "time": "2025-07-15T16:16:44.953357Z", "fetched_at": "2025-07-15T16:20:18.928053+00:00", "symbol": "DOGE-USD"}, {"trade_id": 139141370, "side": "buy", "size": "2299.10000000", "price": "0.19360000", "time": "2025-07-15T16:16:44.183586Z", "fetched_at": "2025-07-15T16:20:18.928053+00:00", "symbol": "DOGE-USD"}, {"trade_id": 139141369, "side": "buy", "size": "5.70000000", "price": "0.19360000", "time": "2025-07-15T16:16:44.183586Z", "fetched_at": "2025-07-15T16:20:18.928053+00:00", "symbol": "DOGE-USD"}, {"trade_id": 139141368, "side": "buy", "size": "11.60000000", "price": "0.19361000", "time": "2025-07-15T16:16:44.183586Z", "fetched_at": "2025-07-15T16:20:18.928053+00:00", "symbol": "DOGE-USD"}, {"trade_id": 139141367, "side": "buy", "size": "5.70000000", "price": "0.19362000", "time": "2025-07-15T16:16:44.183586Z", "fetched_at": "2025-07-15T16:20:18.928053+00:00", "symbol": "DOGE-USD"}, {"trade_id": 139141366, "side": "sell", "size": "310.00000000", "price": "0.19365000", "time": "2025-07-15T16:16:44.075440Z", "fetched_at": "2025-07-15T16:20:18.928053+00:00", "symbol": "DOGE-USD"}, {"trade_id": 139141365, "side": "sell", "size": "32.80000000", "price": "0.19364000", "time": "2025-07-15T16:16:44.075440Z", "fetched_at": "2025-07-15T16:20:18.928053+00:00", "symbol": "DOGE-USD"}, {"trade_id": 139141364, "side": "sell", "size": "183.00000000", "price": "0.19363000", "time": "2025-07-15T16:16:44.075440Z", "fetched_at": "2025-07-15T16:20:18.928053+00:00", "symbol": "DOGE-USD"}, {"trade_id": 139141363, "side": "buy", "size": "5.70000000", "price": "0.19364000", "time": "2025-07-15T16:16:43.816845Z", "fetched_at": "2025-07-15T16:20:18.928053+00:00", "symbol": "DOGE-USD"}, {"trade_id": 139141362, "side": "buy", "size": "5.70000000", "price": "0.19366000", "time": "2025-07-15T16:16:42.204248Z", "fetched_at": "2025-07-15T16:20:18.928053+00:00", "symbol": "DOGE-USD"}, {"trade_id": 139141361, "side": "buy", "size": "5.70000000", "price": "0.19368000", "time": "2025-07-15T16:16:41.889718Z", "fetched_at": "2025-07-15T16:20:18.928053+00:00", "symbol": "DOGE-USD"}, {"trade_id": 139141360, "side": "buy", "size": "10000.00000000", "price": "0.19370000", "time": "2025-07-15T16:16:41.233247Z", "fetched_at": "2025-07-15T16:20:18.928053+00:00", "symbol": "DOGE-USD"}, {"trade_id": 139141359, "side": "buy", "size": "12.40000000", "price": "0.19370000", "time": "2025-07-15T16:16:41.233247Z", "fetched_at": "2025-07-15T16:20:18.928053+00:00", "symbol": "DOGE-USD"}, {"trade_id": 139141358, "side": "buy", "size": "5.70000000", "price": "0.19370000", "time": "2025-07-15T16:16:41.233247Z", "fetched_at": "2025-07-15T16:20:18.928053+00:00", "symbol": "DOGE-USD"}, {"trade_id": 139141357, "side": "buy", "size": "2000.00000000", "price": "0.19371000", "time": "2025-07-15T16:16:41.227621Z", "fetched_at": "2025-07-15T16:20:18.928053+00:00", "symbol": "DOGE-USD"}, {"trade_id": 139141356, "side": "buy", "size": "5.70000000", "price": "0.19372000", "time": "2025-07-15T16:16:41.227621Z", "fetched_at": "2025-07-15T16:20:18.928053+00:00", "symbol": "DOGE-USD"}, {"trade_id": 139141355, "side": "buy", "size": "5.70000000", "price": "0.19374000", "time": "2025-07-15T16:16:41.222798Z", "fetched_at": "2025-07-15T16:20:18.928053+00:00", "symbol": "DOGE-USD"}, {"trade_id": 139141354, "side": "buy", "size": "5.70000000", "price": "0.19376000", "time": "2025-07-15T16:16:40.791486Z", "fetched_at": "2025-07-15T16:20:18.928053+00:00", "symbol": "DOGE-USD"}, {"trade_id": 139141353, "side": "buy", "size": "5.70000000", "price": "0.19378000", "time": "2025-07-15T16:16:40.522509Z", "fetched_at": "2025-07-15T16:20:18.928053+00:00", "symbol": "DOGE-USD"}, {"trade_id": 139141352, "side": "sell", "size": "597.60000000", "price": "0.19379000", "time": "2025-07-15T16:16:38.732567Z", "fetched_at": "2025-07-15T16:20:18.928053+00:00", "symbol": "DOGE-USD"}, {"trade_id": 139141351, "side": "buy", "size": "12.50000000", "price": "0.19384000", "time": "2025-07-15T16:16:35.517674Z", "fetched_at": "2025-07-15T16:20:18.928053+00:00", "symbol": "DOGE-USD"}, {"trade_id": 139141350, "side": "buy", "size": "929.90000000", "price": "0.19385000", "time": "2025-07-15T16:16:35.517674Z", "fetched_at": "2025-07-15T16:20:18.928053+00:00", "symbol": "DOGE-USD"}, {"trade_id": 139141349, "side": "buy", "size": "609.30000000", "price": "0.19382000", "time": "2025-07-15T16:16:34.604747Z", "fetched_at": "2025-07-15T16:20:18.928053+00:00", "symbol": "DOGE-USD"}, {"trade_id": 139141348, "side": "sell", "size": "244.60000000", "price": "0.19379000", "time": "2025-07-15T16:16:33.562746Z", "fetched_at": "2025-07-15T16:20:18.928053+00:00", "symbol": "DOGE-USD"}, {"trade_id": 139141347, "side": "buy", "size": "5.70000000", "price": "0.19380000", "time": "2025-07-15T16:16:33.045213Z", "fetched_at": "2025-07-15T16:20:18.928053+00:00", "symbol": "DOGE-USD"}, {"trade_id": 139141346, "side": "buy", "size": "5.70000000", "price": "0.19382000", "time": "2025-07-15T16:16:33.024542Z", "fetched_at": "2025-07-15T16:20:18.928053+00:00", "symbol": "DOGE-USD"}, {"trade_id": 139141345, "side": "buy", "size": "2000.00000000", "price": "0.19384000", "time": "2025-07-15T16:16:32.430078Z", "fetched_at": "2025-07-15T16:20:18.928053+00:00", "symbol": "DOGE-USD"}, {"trade_id": 139141344, "side": "sell", "size": "57.90000000", "price": "0.19385000", "time": "2025-07-15T16:16:31.693206Z", "fetched_at": "2025-07-15T16:20:18.928053+00:00", "symbol": "DOGE-USD"}, {"trade_id": 139141343, "side": "sell", "size": "10318.30000000", "price": "0.19386000", "time": "2025-07-15T16:16:31.651821Z", "fetched_at": "2025-07-15T16:20:18.928053+00:00", "symbol": "DOGE-USD"}, {"trade_id": 139141342, "side": "sell", "size": "5.70000000", "price": "0.19386000", "time": "2025-07-15T16:16:31.651821Z", "fetched_at": "2025-07-15T16:20:18.928053+00:00", "symbol": "DOGE-USD"}, {"trade_id": 139141341, "side": "sell", "size": "57.90000000", "price": "0.19385000", "time": "2025-07-15T16:16:31.643367Z", "fetched_at": "2025-07-15T16:20:18.928053+00:00", "symbol": "DOGE-USD"}, {"trade_id": 139141340, "side": "sell", "size": "527.30000000", "price": "0.19381000", "time": "2025-07-15T16:16:31.500630Z", "fetched_at": "2025-07-15T16:20:18.928053+00:00", "symbol": "DOGE-USD"}, {"trade_id": 139141339, "side": "buy", "size": "5.70000000", "price": "0.19382000", "time": "2025-07-15T16:16:28.504475Z", "fetched_at": "2025-07-15T16:20:18.928053+00:00", "symbol": "DOGE-USD"}, {"trade_id": 139141338, "side": "sell", "size": "473.10000000", "price": "0.19384000", "time": "2025-07-15T16:16:28.223237Z", "fetched_at": "2025-07-15T16:20:18.928053+00:00", "symbol": "DOGE-USD"}, {"trade_id": 139141337, "side": "sell", "size": "1526.90000000", "price": "0.19383000", "time": "2025-07-15T16:16:28.223237Z", "fetched_at": "2025-07-15T16:20:18.928053+00:00", "symbol": "DOGE-USD"}, {"trade_id": 139141336, "side": "buy", "size": "46.00000000", "price": "0.19383000", "time": "2025-07-15T16:16:27.123182Z", "fetched_at": "2025-07-15T16:20:18.928053+00:00", "symbol": "DOGE-USD"}, {"trade_id": 139141335, "side": "buy", "size": "8.30000000", "price": "0.19384000", "time": "2025-07-15T16:16:27.123182Z", "fetched_at": "2025-07-15T16:20:18.928053+00:00", "symbol": "DOGE-USD"}, {"trade_id": 139141334, "side": "buy", "size": "5.70000000", "price": "0.19384000", "time": "2025-07-15T16:16:27.123182Z", "fetched_at": "2025-07-15T16:20:18.928053+00:00", "symbol": "DOGE-USD"}, {"trade_id": 139141333, "side": "buy", "size": "5.70000000", "price": "0.19386000", "time": "2025-07-15T16:16:27.123182Z", "fetched_at": "2025-07-15T16:20:18.928053+00:00", "symbol": "DOGE-USD"}, {"trade_id": 139141332, "side": "sell", "size": "470.70000000", "price": "0.19387000", "time": "2025-07-15T16:16:25.333677Z", "fetched_at": "2025-07-15T16:20:18.928053+00:00", "symbol": "DOGE-USD"}, {"trade_id": 139141331, "side": "buy", "size": "5.70000000", "price": "0.19388000", "time": "2025-07-15T16:16:23.649500Z", "fetched_at": "2025-07-15T16:20:18.928053+00:00", "symbol": "DOGE-USD"}, {"trade_id": 139141330, "side": "buy", "size": "5.70000000", "price": "0.19390000", "time": "2025-07-15T16:16:22.361425Z", "fetched_at": "2025-07-15T16:20:18.928053+00:00", "symbol": "DOGE-USD"}, {"trade_id": 139141329, "side": "sell", "size": "845.30000000", "price": "0.19393000", "time": "2025-07-15T16:16:21.408567Z", "fetched_at": "2025-07-15T16:20:18.928053+00:00", "symbol": "DOGE-USD"}, {"trade_id": 139141328, "side": "sell", "size": "441.80000000", "price": "0.19391000", "time": "2025-07-15T16:16:21.408567Z", "fetched_at": "2025-07-15T16:20:18.928053+00:00", "symbol": "DOGE-USD"}, {"trade_id": 139141327, "side": "sell", "size": "97.80000000", "price": "0.19391000", "time": "2025-07-15T16:16:21.230922Z", "fetched_at": "2025-07-15T16:20:18.928053+00:00", "symbol": "DOGE-USD"}, {"trade_id": 139141326, "side": "buy", "size": "5.70000000", "price": "0.19392000", "time": "2025-07-15T16:16:19.888955Z", "fetched_at": "2025-07-15T16:20:18.928053+00:00", "symbol": "DOGE-USD"}, {"trade_id": 139141325, "side": "buy", "size": "5101.10000000", "price": "0.19394000", "time": "2025-07-15T16:16:19.783688Z", "fetched_at": "2025-07-15T16:20:18.928053+00:00", "symbol": "DOGE-USD"}, {"trade_id": 139141324, "side": "buy", "size": "5.70000000", "price": "0.19394000", "time": "2025-07-15T16:16:19.783688Z", "fetched_at": "2025-07-15T16:20:18.928053+00:00", "symbol": "DOGE-USD"}, {"trade_id": 139141323, "side": "buy", "size": "9.20000000", "price": "0.19395000", "time": "2025-07-15T16:16:19.763694Z", "fetched_at": "2025-07-15T16:20:18.928053+00:00", "symbol": "DOGE-USD"}, {"trade_id": 139141322, "side": "buy", "size": "5.70000000", "price": "0.19396000", "time": "2025-07-15T16:16:19.759974Z", "fetched_at": "2025-07-15T16:20:18.928053+00:00", "symbol": "DOGE-USD"}, {"trade_id": 139141321, "side": "buy", "size": "6.30000000", "price": "0.19400000", "time": "2025-07-15T16:16:17.985662Z", "fetched_at": "2025-07-15T16:20:18.928053+00:00", "symbol": "DOGE-USD"}, {"trade_id": 139141320, "side": "buy", "size": "5.70000000", "price": "0.19400000", "time": "2025-07-15T16:16:17.985662Z", "fetched_at": "2025-07-15T16:20:18.928053+00:00", "symbol": "DOGE-USD"}, {"trade_id": 139141319, "side": "buy", "size": "8.40000000", "price": "0.19401000", "time": "2025-07-15T16:16:17.985662Z", "fetched_at": "2025-07-15T16:20:18.928053+00:00", "symbol": "DOGE-USD"}, {"trade_id": 139141318, "side": "buy", "size": "5.70000000", "price": "0.19402000", "time": "2025-07-15T16:16:17.985662Z", "fetched_at": "2025-07-15T16:20:18.928053+00:00", "symbol": "DOGE-USD"}, {"trade_id": 139141317, "side": "buy", "size": "2000.00000000", "price": "0.19408000", "time": "2025-07-15T16:16:16.710303Z", "fetched_at": "2025-07-15T16:20:18.928053+00:00", "symbol": "DOGE-USD"}, {"trade_id": 139141316, "side": "buy", "size": "11.10000000", "price": "0.19409000", "time": "2025-07-15T16:16:16.710303Z", "fetched_at": "2025-07-15T16:20:18.928053+00:00", "symbol": "DOGE-USD"}, {"trade_id": 139141315, "side": "sell", "size": "5.70000000", "price": "0.19410000", "time": "2025-07-15T16:16:15.971087Z", "fetched_at": "2025-07-15T16:20:18.928053+00:00", "symbol": "DOGE-USD"}, {"trade_id": 139141314, "side": "sell", "size": "323.80000000", "price": "0.19408000", "time": "2025-07-15T16:16:15.259981Z", "fetched_at": "2025-07-15T16:20:18.928053+00:00", "symbol": "DOGE-USD"}, {"trade_id": 139141313, "side": "sell", "size": "5.70000000", "price": "0.19408000", "time": "2025-07-15T16:16:15.259981Z", "fetched_at": "2025-07-15T16:20:18.928053+00:00", "symbol": "DOGE-USD"}, {"trade_id": 139141312, "side": "sell", "size": "5.70000000", "price": "0.19406000", "time": "2025-07-15T16:16:14.199094Z", "fetched_at": "2025-07-15T16:20:18.928053+00:00", "symbol": "DOGE-USD"}, {"trade_id": 139141311, "side": "sell", "size": "343.10000000", "price": "0.19404000", "time": "2025-07-15T16:16:14.122504Z", "fetched_at": "2025-07-15T16:20:18.928053+00:00", "symbol": "DOGE-USD"}, {"trade_id": 139141310, "side": "sell", "size": "5.70000000", "price": "0.19404000", "time": "2025-07-15T16:16:14.122504Z", "fetched_at": "2025-07-15T16:20:18.928053+00:00", "symbol": "DOGE-USD"}, {"trade_id": 139141309, "side": "sell", "size": "364.80000000", "price": "0.19402000", "time": "2025-07-15T16:16:13.538015Z", "fetched_at": "2025-07-15T16:20:18.928053+00:00", "symbol": "DOGE-USD"}, {"trade_id": 139141308, "side": "sell", "size": "5.70000000", "price": "0.19402000", "time": "2025-07-15T16:16:13.538015Z", "fetched_at": "2025-07-15T16:20:18.928053+00:00", "symbol": "DOGE-USD"}, {"trade_id": 139141307, "side": "sell", "size": "5.70000000", "price": "0.19398000", "time": "2025-07-15T16:16:12.193737Z", "fetched_at": "2025-07-15T16:20:18.928053+00:00", "symbol": "DOGE-USD"}, {"trade_id": 139141306, "side": "sell", "size": "404.60000000", "price": "0.19397000", "time": "2025-07-15T16:16:12.189552Z", "fetched_at": "2025-07-15T16:20:18.928053+00:00", "symbol": "DOGE-USD"}, {"trade_id": 139141305, "side": "sell", "size": "1085.60000000", "price": "0.19397000", "time": "2025-07-15T16:16:12.189552Z", "fetched_at": "2025-07-15T16:20:18.928053+00:00", "symbol": "DOGE-USD"}, {"trade_id": 139141304, "side": "sell", "size": "464.10000000", "price": "0.19397000", "time": "2025-07-15T16:16:12.186434Z", "fetched_at": "2025-07-15T16:20:18.928053+00:00", "symbol": "DOGE-USD"}, {"trade_id": 139141303, "side": "sell", "size": "435.60000000", "price": "0.19396000", "time": "2025-07-15T16:16:11.161018Z", "fetched_at": "2025-07-15T16:20:18.928053+00:00", "symbol": "DOGE-USD"}, {"trade_id": 139141302, "side": "buy", "size": "1920.80000000", "price": "0.19395000", "time": "2025-07-15T16:16:08.588339Z", "fetched_at": "2025-07-15T16:20:18.928053+00:00", "symbol": "DOGE-USD"}, {"trade_id": 139141301, "side": "buy", "size": "929.90000000", "price": "0.19396000", "time": "2025-07-15T16:16:08.588339Z", "fetched_at": "2025-07-15T16:20:18.928053+00:00", "symbol": "DOGE-USD"}, {"trade_id": 139141300, "side": "buy", "size": "5.70000000", "price": "0.19396000", "time": "2025-07-15T16:16:08.588339Z", "fetched_at": "2025-07-15T16:20:18.928053+00:00", "symbol": "DOGE-USD"}, {"trade_id": 139141299, "side": "buy", "size": "9.80000000", "price": "0.19397000", "time": "2025-07-15T16:16:08.588339Z", "fetched_at": "2025-07-15T16:20:18.928053+00:00", "symbol": "DOGE-USD"}, {"trade_id": 139141298, "side": "buy", "size": "10.30000000", "price": "0.19397000", "time": "2025-07-15T16:16:08.558299Z", "fetched_at": "2025-07-15T16:20:18.928053+00:00", "symbol": "DOGE-USD"}, {"trade_id": 139141297, "side": "buy", "size": "1683.00000000", "price": "0.19397000", "time": "2025-07-15T16:16:08.558299Z", "fetched_at": "2025-07-15T16:20:18.928053+00:00", "symbol": "DOGE-USD"}, {"trade_id": 139141296, "side": "buy", "size": "929.90000000", "price": "0.19399000", "time": "2025-07-15T16:16:08.353443Z", "fetched_at": "2025-07-15T16:20:18.928053+00:00", "symbol": "DOGE-USD"}, {"trade_id": 139141295, "side": "buy", "size": "10000.00000000", "price": "0.19399000", "time": "2025-07-15T16:16:08.353443Z", "fetched_at": "2025-07-15T16:20:18.928053+00:00", "symbol": "DOGE-USD"}, {"trade_id": 139141294, "side": "buy", "size": "2000.00000000", "price": "0.19400000", "time": "2025-07-15T16:16:08.353443Z", "fetched_at": "2025-07-15T16:20:18.928053+00:00", "symbol": "DOGE-USD"}, {"trade_id": 139141293, "side": "buy", "size": "10.30000000", "price": "0.19400000", "time": "2025-07-15T16:16:08.353443Z", "fetched_at": "2025-07-15T16:20:18.928053+00:00", "symbol": "DOGE-USD"}, {"trade_id": 139141292, "side": "buy", "size": "149.80000000", "price": "0.19400000", "time": "2025-07-15T16:16:08.353443Z", "fetched_at": "2025-07-15T16:20:18.928053+00:00", "symbol": "DOGE-USD"}, {"trade_id": 139141291, "side": "buy", "size": "929.90000000", "price": "0.19402000", "time": "2025-07-15T16:16:07.988613Z", "fetched_at": "2025-07-15T16:20:18.928053+00:00", "symbol": "DOGE-USD"}, {"trade_id": 139141290, "side": "buy", "size": "10.50000000", "price": "0.19403000", "time": "2025-07-15T16:16:07.988613Z", "fetched_at": "2025-07-15T16:20:18.928053+00:00", "symbol": "DOGE-USD"}, {"trade_id": 139141289, "side": "buy", "size": "929.90000000", "price": "0.19403000", "time": "2025-07-15T16:16:07.988613Z", "fetched_at": "2025-07-15T16:20:18.928053+00:00", "symbol": "DOGE-USD"}, {"trade_id": 139141288, "side": "sell", "size": "401.10000000", "price": "0.19400000", "time": "2025-07-15T16:16:07.268129Z", "fetched_at": "2025-07-15T16:20:18.928053+00:00", "symbol": "DOGE-USD"}, {"trade_id": 139141287, "side": "sell", "size": "5.70000000", "price": "0.19400000", "time": "2025-07-15T16:16:07.268129Z", "fetched_at": "2025-07-15T16:20:18.928053+00:00", "symbol": "DOGE-USD"}, {"trade_id": 139141286, "side": "sell", "size": "5.70000000", "price": "0.19398000", "time": "2025-07-15T16:16:06.966508Z", "fetched_at": "2025-07-15T16:20:18.928053+00:00", "symbol": "DOGE-USD"}, {"trade_id": 139141285, "side": "buy", "size": "1.20000000", "price": "0.19396000", "time": "2025-07-15T16:16:05.888679Z", "fetched_at": "2025-07-15T16:20:18.928053+00:00", "symbol": "DOGE-USD"}, {"trade_id": 139141284, "side": "buy", "size": "10.70000000", "price": "0.19396000", "time": "2025-07-15T16:16:05.888679Z", "fetched_at": "2025-07-15T16:20:18.928053+00:00", "symbol": "DOGE-USD"}, {"trade_id": 139141283, "side": "sell", "size": "116.10000000", "price": "0.19396000", "time": "2025-07-15T16:16:03.964130Z", "fetched_at": "2025-07-15T16:20:18.928053+00:00", "symbol": "DOGE-USD"}, {"trade_id": 139141282, "side": "sell", "size": "5.70000000", "price": "0.19396000", "time": "2025-07-15T16:16:03.964130Z", "fetched_at": "2025-07-15T16:20:18.928053+00:00", "symbol": "DOGE-USD"}, {"trade_id": 139141281, "side": "sell", "size": "5.70000000", "price": "0.19394000", "time": "2025-07-15T16:16:03.964130Z", "fetched_at": "2025-07-15T16:20:18.928053+00:00", "symbol": "DOGE-USD"}, {"trade_id": 139141280, "side": "buy", "size": "373.80000000", "price": "0.19391000", "time": "2025-07-15T16:16:03.624324Z", "fetched_at": "2025-07-15T16:20:18.928053+00:00", "symbol": "DOGE-USD"}, {"trade_id": 139141279, "side": "buy", "size": "929.90000000", "price": "0.19392000", "time": "2025-07-15T16:16:02.712956Z", "fetched_at": "2025-07-15T16:20:18.928053+00:00", "symbol": "DOGE-USD"}, {"trade_id": 139141278, "side": "buy", "size": "4119.20000000", "price": "0.19392000", "time": "2025-07-15T16:16:02.712956Z", "fetched_at": "2025-07-15T16:20:18.928053+00:00", "symbol": "DOGE-USD"}, {"trade_id": 139141277, "side": "sell", "size": "5.70000000", "price": "0.19392000", "time": "2025-07-15T16:16:02.435524Z", "fetched_at": "2025-07-15T16:20:18.928053+00:00", "symbol": "DOGE-USD"}, {"trade_id": 139141276, "side": "sell", "size": "5.70000000", "price": "0.19390000", "time": "2025-07-15T16:16:02.429962Z", "fetched_at": "2025-07-15T16:20:18.928053+00:00", "symbol": "DOGE-USD"}, {"trade_id": 139141275, "side": "sell", "size": "50.00000000", "price": "0.19390000", "time": "2025-07-15T16:16:02.429962Z", "fetched_at": "2025-07-15T16:20:18.928053+00:00", "symbol": "DOGE-USD"}, {"trade_id": 139141274, "side": "buy", "size": "37.60000000", "price": "0.19389000", "time": "2025-07-15T16:16:02.313817Z", "fetched_at": "2025-07-15T16:20:18.928053+00:00", "symbol": "DOGE-USD"}, {"trade_id": 139141273, "side": "buy", "size": "390.30000000", "price": "0.19387000", "time": "2025-07-15T16:16:02.180965Z", "fetched_at": "2025-07-15T16:20:18.928053+00:00", "symbol": "DOGE-USD"}, {"trade_id": 139141272, "side": "sell", "size": "5.70000000", "price": "0.19388000", "time": "2025-07-15T16:16:01.425146Z", "fetched_at": "2025-07-15T16:20:18.928053+00:00", "symbol": "DOGE-USD"}, {"trade_id": 139141271, "side": "sell", "size": "22.80000000", "price": "0.19387000", "time": "2025-07-15T16:16:01.335934Z", "fetched_at": "2025-07-15T16:20:18.928053+00:00", "symbol": "DOGE-USD"}, {"trade_id": 139141270, "side": "sell", "size": "5.70000000", "price": "0.19386000", "time": "2025-07-15T16:16:01.323918Z", "fetched_at": "2025-07-15T16:20:18.928053+00:00", "symbol": "DOGE-USD"}, {"trade_id": 139141269, "side": "sell", "size": "38.60000000", "price": "0.19386000", "time": "2025-07-15T16:16:01.323918Z", "fetched_at": "2025-07-15T16:20:18.928053+00:00", "symbol": "DOGE-USD"}, {"trade_id": 139141268, "side": "sell", "size": "213.90000000", "price": "0.19385000", "time": "2025-07-15T16:16:01.312285Z", "fetched_at": "2025-07-15T16:20:18.928053+00:00", "symbol": "DOGE-USD"}, {"trade_id": 139141267, "side": "sell", "size": "5.70000000", "price": "0.19384000", "time": "2025-07-15T16:16:01.276562Z", "fetched_at": "2025-07-15T16:20:18.928053+00:00", "symbol": "DOGE-USD"}, {"trade_id": 139141266, "side": "sell", "size": "95.30000000", "price": "0.19384000", "time": "2025-07-15T16:16:01.276562Z", "fetched_at": "2025-07-15T16:20:18.928053+00:00", "symbol": "DOGE-USD"}, {"trade_id": 139141265, "side": "sell", "size": "79.60000000", "price": "0.19383000", "time": "2025-07-15T16:16:01.266634Z", "fetched_at": "2025-07-15T16:20:18.928053+00:00", "symbol": "DOGE-USD"}, {"trade_id": 139141264, "side": "sell", "size": "5.70000000", "price": "0.19382000", "time": "2025-07-15T16:16:01.205480Z", "fetched_at": "2025-07-15T16:20:18.928053+00:00", "symbol": "DOGE-USD"}