[{"trade_id": 139124836, "side": "sell", "size": "1566.00000000", "price": "0.19417000", "time": "2025-07-15T14:23:17.707926Z", "fetched_at": "2025-07-15T14:23:24.843096+00:00", "symbol": "DOGE-USD"}, {"trade_id": 139124835, "side": "sell", "size": "1430.30000000", "price": "0.19416000", "time": "2025-07-15T14:23:17.707926Z", "fetched_at": "2025-07-15T14:23:24.843096+00:00", "symbol": "DOGE-USD"}, {"trade_id": 139124834, "side": "sell", "size": "60.50000000", "price": "0.19416000", "time": "2025-07-15T14:23:17.080305Z", "fetched_at": "2025-07-15T14:23:24.843096+00:00", "symbol": "DOGE-USD"}, {"trade_id": 139124833, "side": "sell", "size": "3047.00000000", "price": "0.19416000", "time": "2025-07-15T14:23:16.400883Z", "fetched_at": "2025-07-15T14:23:24.843096+00:00", "symbol": "DOGE-USD"}, {"trade_id": 139124832, "side": "sell", "size": "53.00000000", "price": "0.19415000", "time": "2025-07-15T14:23:16.400883Z", "fetched_at": "2025-07-15T14:23:24.843096+00:00", "symbol": "DOGE-USD"}, {"trade_id": 139124831, "side": "sell", "size": "2000.00000000", "price": "0.19416000", "time": "2025-07-15T14:23:11.485608Z", "fetched_at": "2025-07-15T14:23:24.843096+00:00", "symbol": "DOGE-USD"}, {"trade_id": 139124830, "side": "sell", "size": "1947.00000000", "price": "0.19416000", "time": "2025-07-15T14:23:11.484074Z", "fetched_at": "2025-07-15T14:23:24.843096+00:00", "symbol": "DOGE-USD"}, {"trade_id": 139124829, "side": "sell", "size": "53.00000000", "price": "0.19415000", "time": "2025-07-15T14:23:11.484074Z", "fetched_at": "2025-07-15T14:23:24.843096+00:00", "symbol": "DOGE-USD"}, {"trade_id": 139124828, "side": "sell", "size": "356.90000000", "price": "0.19413000", "time": "2025-07-15T14:23:11.440925Z", "fetched_at": "2025-07-15T14:23:24.843096+00:00", "symbol": "DOGE-USD"}, {"trade_id": 139124827, "side": "sell", "size": "3347.00000000", "price": "0.19413000", "time": "2025-07-15T14:23:11.000730Z", "fetched_at": "2025-07-15T14:23:24.843096+00:00", "symbol": "DOGE-USD"}, {"trade_id": 139124826, "side": "sell", "size": "53.00000000", "price": "0.19413000", "time": "2025-07-15T14:23:11.000730Z", "fetched_at": "2025-07-15T14:23:24.843096+00:00", "symbol": "DOGE-USD"}, {"trade_id": 139124825, "side": "sell", "size": "817.40000000", "price": "0.19413000", "time": "2025-07-15T14:23:09.657495Z", "fetched_at": "2025-07-15T14:23:24.843096+00:00", "symbol": "DOGE-USD"}, {"trade_id": 139124824, "side": "sell", "size": "183.00000000", "price": "0.19413000", "time": "2025-07-15T14:23:09.657495Z", "fetched_at": "2025-07-15T14:23:24.843096+00:00", "symbol": "DOGE-USD"}, {"trade_id": 139124823, "side": "sell", "size": "52.20000000", "price": "0.19414000", "time": "2025-07-15T14:23:09.039101Z", "fetched_at": "2025-07-15T14:23:24.843096+00:00", "symbol": "DOGE-USD"}, {"trade_id": 139124822, "side": "sell", "size": "20.60000000", "price": "0.19413000", "time": "2025-07-15T14:23:09.039101Z", "fetched_at": "2025-07-15T14:23:24.843096+00:00", "symbol": "DOGE-USD"}, {"trade_id": 139124821, "side": "sell", "size": "183.00000000", "price": "0.19413000", "time": "2025-07-15T14:23:09.039101Z", "fetched_at": "2025-07-15T14:23:24.843096+00:00", "symbol": "DOGE-USD"}, {"trade_id": 139124820, "side": "sell", "size": "1444.20000000", "price": "0.19413000", "time": "2025-07-15T14:23:09.039101Z", "fetched_at": "2025-07-15T14:23:24.843096+00:00", "symbol": "DOGE-USD"}, {"trade_id": 139124819, "side": "buy", "size": "132.40000000", "price": "0.19413000", "time": "2025-07-15T14:23:08.526267Z", "fetched_at": "2025-07-15T14:23:24.843096+00:00", "symbol": "DOGE-USD"}, {"trade_id": 139124818, "side": "buy", "size": "5.70000000", "price": "0.19414000", "time": "2025-07-15T14:23:08.526267Z", "fetched_at": "2025-07-15T14:23:24.843096+00:00", "symbol": "DOGE-USD"}, {"trade_id": 139124817, "side": "buy", "size": "5.70000000", "price": "0.19416000", "time": "2025-07-15T14:23:08.526267Z", "fetched_at": "2025-07-15T14:23:24.843096+00:00", "symbol": "DOGE-USD"}, {"trade_id": 139124816, "side": "sell", "size": "1664.80000000", "price": "0.19417000", "time": "2025-07-15T14:23:04.393200Z", "fetched_at": "2025-07-15T14:23:24.843096+00:00", "symbol": "DOGE-USD"}, {"trade_id": 139124815, "side": "sell", "size": "53.00000000", "price": "0.19417000", "time": "2025-07-15T14:23:04.393200Z", "fetched_at": "2025-07-15T14:23:24.843096+00:00", "symbol": "DOGE-USD"}, {"trade_id": 139124814, "side": "sell", "size": "110.50000000", "price": "0.19417000", "time": "2025-07-15T14:23:04.393200Z", "fetched_at": "2025-07-15T14:23:24.843096+00:00", "symbol": "DOGE-USD"}, {"trade_id": 139124813, "side": "sell", "size": "183.00000000", "price": "0.19417000", "time": "2025-07-15T14:23:04.393200Z", "fetched_at": "2025-07-15T14:23:24.843096+00:00", "symbol": "DOGE-USD"}, {"trade_id": 139124812, "side": "sell", "size": "312.10000000", "price": "0.19417000", "time": "2025-07-15T14:23:04.393200Z", "fetched_at": "2025-07-15T14:23:24.843096+00:00", "symbol": "DOGE-USD"}, {"trade_id": 139124811, "side": "sell", "size": "1566.00000000", "price": "0.19417000", "time": "2025-07-15T14:23:04.393200Z", "fetched_at": "2025-07-15T14:23:24.843096+00:00", "symbol": "DOGE-USD"}, {"trade_id": 139124810, "side": "sell", "size": "110.60000000", "price": "0.19417000", "time": "2025-07-15T14:23:04.393200Z", "fetched_at": "2025-07-15T14:23:24.843096+00:00", "symbol": "DOGE-USD"}, {"trade_id": 139124809, "side": "buy", "size": "5.70000000", "price": "0.19418000", "time": "2025-07-15T14:23:04.097768Z", "fetched_at": "2025-07-15T14:23:24.843096+00:00", "symbol": "DOGE-USD"}, {"trade_id": 139124808, "side": "buy", "size": "5.70000000", "price": "0.19420000", "time": "2025-07-15T14:23:03.439817Z", "fetched_at": "2025-07-15T14:23:24.843096+00:00", "symbol": "DOGE-USD"}, {"trade_id": 139124807, "side": "buy", "size": "3782.00000000", "price": "0.19420000", "time": "2025-07-15T14:23:03.439817Z", "fetched_at": "2025-07-15T14:23:24.843096+00:00", "symbol": "DOGE-USD"}, {"trade_id": 139124806, "side": "buy", "size": "9270.00000000", "price": "0.19420000", "time": "2025-07-15T14:23:03.438120Z", "fetched_at": "2025-07-15T14:23:24.843096+00:00", "symbol": "DOGE-USD"}, {"trade_id": 139124805, "side": "buy", "size": "15533.70000000", "price": "0.19420000", "time": "2025-07-15T14:23:03.437843Z", "fetched_at": "2025-07-15T14:23:24.843096+00:00", "symbol": "DOGE-USD"}, {"trade_id": 139124804, "side": "buy", "size": "4456.40000000", "price": "0.19420000", "time": "2025-07-15T14:23:03.437619Z", "fetched_at": "2025-07-15T14:23:24.843096+00:00", "symbol": "DOGE-USD"}, {"trade_id": 139124803, "side": "buy", "size": "5538.70000000", "price": "0.19420000", "time": "2025-07-15T14:23:03.437585Z", "fetched_at": "2025-07-15T14:23:24.843096+00:00", "symbol": "DOGE-USD"}, {"trade_id": 139124802, "side": "buy", "size": "3819.70000000", "price": "0.19420000", "time": "2025-07-15T14:23:03.437278Z", "fetched_at": "2025-07-15T14:23:24.843096+00:00", "symbol": "DOGE-USD"}, {"trade_id": 139124801, "side": "buy", "size": "232.50000000", "price": "0.19420000", "time": "2025-07-15T14:23:03.315135Z", "fetched_at": "2025-07-15T14:23:24.843096+00:00", "symbol": "DOGE-USD"}, {"trade_id": 139124800, "side": "buy", "size": "6178.10000000", "price": "0.19420000", "time": "2025-07-15T14:23:03.299959Z", "fetched_at": "2025-07-15T14:23:24.843096+00:00", "symbol": "DOGE-USD"}, {"trade_id": 139124799, "side": "buy", "size": "6193.20000000", "price": "0.19420000", "time": "2025-07-15T14:23:02.020761Z", "fetched_at": "2025-07-15T14:23:24.843096+00:00", "symbol": "DOGE-USD"}, {"trade_id": 139124798, "side": "buy", "size": "3374.20000000", "price": "0.19420000", "time": "2025-07-15T14:23:02.017086Z", "fetched_at": "2025-07-15T14:23:24.843096+00:00", "symbol": "DOGE-USD"}, {"trade_id": 139124797, "side": "sell", "size": "12.40000000", "price": "0.19421000", "time": "2025-07-15T14:23:01.020835Z", "fetched_at": "2025-07-15T14:23:24.843096+00:00", "symbol": "DOGE-USD"}, {"trade_id": 139124796, "side": "buy", "size": "8721.80000000", "price": "0.19420000", "time": "2025-07-15T14:23:00.685372Z", "fetched_at": "2025-07-15T14:23:24.843096+00:00", "symbol": "DOGE-USD"}, {"trade_id": 139124795, "side": "buy", "size": "19129.30000000", "price": "0.19420000", "time": "2025-07-15T14:23:00.682347Z", "fetched_at": "2025-07-15T14:23:24.843096+00:00", "symbol": "DOGE-USD"}, {"trade_id": 139124794, "side": "buy", "size": "5.70000000", "price": "0.19422000", "time": "2025-07-15T14:23:00.682347Z", "fetched_at": "2025-07-15T14:23:24.843096+00:00", "symbol": "DOGE-USD"}, {"trade_id": 139124793, "side": "sell", "size": "362.20000000", "price": "0.19425000", "time": "2025-07-15T14:23:00.345022Z", "fetched_at": "2025-07-15T14:23:24.843096+00:00", "symbol": "DOGE-USD"}, {"trade_id": 139124792, "side": "sell", "size": "1541.10000000", "price": "0.19424000", "time": "2025-07-15T14:23:00.345022Z", "fetched_at": "2025-07-15T14:23:24.843096+00:00", "symbol": "DOGE-USD"}, {"trade_id": 139124791, "side": "sell", "size": "53.00000000", "price": "0.19424000", "time": "2025-07-15T14:23:00.345022Z", "fetched_at": "2025-07-15T14:23:24.843096+00:00", "symbol": "DOGE-USD"}, {"trade_id": 139124790, "side": "sell", "size": "183.00000000", "price": "0.19423000", "time": "2025-07-15T14:23:00.345022Z", "fetched_at": "2025-07-15T14:23:24.843096+00:00", "symbol": "DOGE-USD"}, {"trade_id": 139124789, "side": "sell", "size": "1418.50000000", "price": "0.19423000", "time": "2025-07-15T14:23:00.345022Z", "fetched_at": "2025-07-15T14:23:24.843096+00:00", "symbol": "DOGE-USD"}, {"trade_id": 139124788, "side": "sell", "size": "442.20000000", "price": "0.19423000", "time": "2025-07-15T14:23:00.345022Z", "fetched_at": "2025-07-15T14:23:24.843096+00:00", "symbol": "DOGE-USD"}, {"trade_id": 139124787, "side": "buy", "size": "389.00000000", "price": "0.19426000", "time": "2025-07-15T14:22:58.028750Z", "fetched_at": "2025-07-15T14:23:24.843096+00:00", "symbol": "DOGE-USD"}, {"trade_id": 139124786, "side": "buy", "size": "1611.00000000", "price": "0.19426000", "time": "2025-07-15T14:22:58.028750Z", "fetched_at": "2025-07-15T14:23:24.843096+00:00", "symbol": "DOGE-USD"}, {"trade_id": 139124785, "side": "sell", "size": "1494.30000000", "price": "0.19430000", "time": "2025-07-15T14:22:57.824543Z", "fetched_at": "2025-07-15T14:23:24.843096+00:00", "symbol": "DOGE-USD"}, {"trade_id": 139124784, "side": "sell", "size": "5.70000000", "price": "0.19430000", "time": "2025-07-15T14:22:57.824543Z", "fetched_at": "2025-07-15T14:23:24.843096+00:00", "symbol": "DOGE-USD"}, {"trade_id": 139124783, "side": "sell", "size": "1923.20000000", "price": "0.19428000", "time": "2025-07-15T14:22:56.887794Z", "fetched_at": "2025-07-15T14:23:24.843096+00:00", "symbol": "DOGE-USD"}, {"trade_id": 139124782, "side": "sell", "size": "2188.00000000", "price": "0.19428000", "time": "2025-07-15T14:22:56.887794Z", "fetched_at": "2025-07-15T14:23:24.843096+00:00", "symbol": "DOGE-USD"}, {"trade_id": 139124781, "side": "sell", "size": "2209.00000000", "price": "0.19427000", "time": "2025-07-15T14:22:55.726022Z", "fetched_at": "2025-07-15T14:23:24.843096+00:00", "symbol": "DOGE-USD"}, {"trade_id": 139124780, "side": "sell", "size": "141.50000000", "price": "0.19427000", "time": "2025-07-15T14:22:55.726022Z", "fetched_at": "2025-07-15T14:23:24.843096+00:00", "symbol": "DOGE-USD"}, {"trade_id": 139124779, "side": "buy", "size": "2349.00000000", "price": "0.19420000", "time": "2025-07-15T14:22:53.459447Z", "fetched_at": "2025-07-15T14:23:24.843096+00:00", "symbol": "DOGE-USD"}, {"trade_id": 139124778, "side": "buy", "size": "2349.00000000", "price": "0.19420000", "time": "2025-07-15T14:22:53.457007Z", "fetched_at": "2025-07-15T14:23:24.843096+00:00", "symbol": "DOGE-USD"}, {"trade_id": 139124777, "side": "buy", "size": "2349.00000000", "price": "0.19420000", "time": "2025-07-15T14:22:53.456896Z", "fetched_at": "2025-07-15T14:23:24.843096+00:00", "symbol": "DOGE-USD"}, {"trade_id": 139124776, "side": "buy", "size": "3074.10000000", "price": "0.19420000", "time": "2025-07-15T14:22:53.456884Z", "fetched_at": "2025-07-15T14:23:24.843096+00:00", "symbol": "DOGE-USD"}, {"trade_id": 139124775, "side": "buy", "size": "2949.30000000", "price": "0.19420000", "time": "2025-07-15T14:22:53.456002Z", "fetched_at": "2025-07-15T14:23:24.843096+00:00", "symbol": "DOGE-USD"}, {"trade_id": 139124774, "side": "buy", "size": "5.70000000", "price": "0.19422000", "time": "2025-07-15T14:22:53.450694Z", "fetched_at": "2025-07-15T14:23:24.843096+00:00", "symbol": "DOGE-USD"}, {"trade_id": 139124773, "side": "buy", "size": "304.70000000", "price": "0.19425000", "time": "2025-07-15T14:22:53.450694Z", "fetched_at": "2025-07-15T14:23:24.843096+00:00", "symbol": "DOGE-USD"}, {"trade_id": 139124772, "side": "buy", "size": "52.20000000", "price": "0.19426000", "time": "2025-07-15T14:22:53.450694Z", "fetched_at": "2025-07-15T14:23:24.843096+00:00", "symbol": "DOGE-USD"}, {"trade_id": 139124771, "side": "buy", "size": "1566.00000000", "price": "0.19423000", "time": "2025-07-15T14:22:53.435863Z", "fetched_at": "2025-07-15T14:23:24.843096+00:00", "symbol": "DOGE-USD"}, {"trade_id": 139124770, "side": "buy", "size": "3856.80000000", "price": "0.19424000", "time": "2025-07-15T14:22:53.434217Z", "fetched_at": "2025-07-15T14:23:24.843096+00:00", "symbol": "DOGE-USD"}, {"trade_id": 139124769, "side": "buy", "size": "5.70000000", "price": "0.19424000", "time": "2025-07-15T14:22:53.434217Z", "fetched_at": "2025-07-15T14:23:24.843096+00:00", "symbol": "DOGE-USD"}, {"trade_id": 139124768, "side": "buy", "size": "12623.00000000", "price": "0.19425000", "time": "2025-07-15T14:22:53.434217Z", "fetched_at": "2025-07-15T14:23:24.843096+00:00", "symbol": "DOGE-USD"}, {"trade_id": 139124767, "side": "buy", "size": "50.90000000", "price": "0.19426000", "time": "2025-07-15T14:22:53.434067Z", "fetched_at": "2025-07-15T14:23:24.843096+00:00", "symbol": "DOGE-USD"}, {"trade_id": 139124766, "side": "buy", "size": "924.30000000", "price": "0.19427000", "time": "2025-07-15T14:22:53.434067Z", "fetched_at": "2025-07-15T14:23:24.843096+00:00", "symbol": "DOGE-USD"}, {"trade_id": 139124765, "side": "sell", "size": "24.20000000", "price": "0.19428000", "time": "2025-07-15T14:22:53.140807Z", "fetched_at": "2025-07-15T14:23:24.843096+00:00", "symbol": "DOGE-USD"}, {"trade_id": 139124764, "side": "sell", "size": "75.00000000", "price": "0.19428000", "time": "2025-07-15T14:22:52.734252Z", "fetched_at": "2025-07-15T14:23:24.843096+00:00", "symbol": "DOGE-USD"}, {"trade_id": 139124763, "side": "buy", "size": "924.30000000", "price": "0.19425000", "time": "2025-07-15T14:22:50.688848Z", "fetched_at": "2025-07-15T14:23:24.843096+00:00", "symbol": "DOGE-USD"}, {"trade_id": 139124762, "side": "buy", "size": "19481.10000000", "price": "0.19426000", "time": "2025-07-15T14:22:50.685288Z", "fetched_at": "2025-07-15T14:23:24.843096+00:00", "symbol": "DOGE-USD"}, {"trade_id": 139124761, "side": "buy", "size": "141.50000000", "price": "0.19426000", "time": "2025-07-15T14:22:50.685288Z", "fetched_at": "2025-07-15T14:23:24.843096+00:00", "symbol": "DOGE-USD"}, {"trade_id": 139124760, "side": "buy", "size": "5.70000000", "price": "0.19426000", "time": "2025-07-15T14:22:50.685288Z", "fetched_at": "2025-07-15T14:23:24.843096+00:00", "symbol": "DOGE-USD"}, {"trade_id": 139124759, "side": "buy", "size": "5.70000000", "price": "0.19428000", "time": "2025-07-15T14:22:50.685288Z", "fetched_at": "2025-07-15T14:23:24.843096+00:00", "symbol": "DOGE-USD"}, {"trade_id": 139124758, "side": "buy", "size": "5.70000000", "price": "0.19430000", "time": "2025-07-15T14:22:50.588272Z", "fetched_at": "2025-07-15T14:23:24.843096+00:00", "symbol": "DOGE-USD"}, {"trade_id": 139124757, "side": "buy", "size": "5.70000000", "price": "0.19432000", "time": "2025-07-15T14:22:49.453168Z", "fetched_at": "2025-07-15T14:23:24.843096+00:00", "symbol": "DOGE-USD"}, {"trade_id": 139124756, "side": "buy", "size": "5.70000000", "price": "0.19434000", "time": "2025-07-15T14:22:47.679638Z", "fetched_at": "2025-07-15T14:23:24.843096+00:00", "symbol": "DOGE-USD"}, {"trade_id": 139124755, "side": "buy", "size": "498.10000000", "price": "0.19435000", "time": "2025-07-15T14:22:45.784616Z", "fetched_at": "2025-07-15T14:23:24.843096+00:00", "symbol": "DOGE-USD"}, {"trade_id": 139124754, "side": "buy", "size": "5.70000000", "price": "0.19436000", "time": "2025-07-15T14:22:45.784616Z", "fetched_at": "2025-07-15T14:23:24.843096+00:00", "symbol": "DOGE-USD"}, {"trade_id": 139124753, "side": "sell", "size": "218.50000000", "price": "0.19438000", "time": "2025-07-15T14:22:44.810844Z", "fetched_at": "2025-07-15T14:23:24.843096+00:00", "symbol": "DOGE-USD"}, {"trade_id": 139124752, "side": "sell", "size": "864.40000000", "price": "0.19438000", "time": "2025-07-15T14:22:44.810844Z", "fetched_at": "2025-07-15T14:23:24.843096+00:00", "symbol": "DOGE-USD"}, {"trade_id": 139124751, "side": "sell", "size": "20.00000000", "price": "0.19438000", "time": "2025-07-15T14:22:44.567018Z", "fetched_at": "2025-07-15T14:23:24.843096+00:00", "symbol": "DOGE-USD"}, {"trade_id": 139124750, "side": "buy", "size": "924.30000000", "price": "0.19442000", "time": "2025-07-15T14:22:43.146379Z", "fetched_at": "2025-07-15T14:23:24.843096+00:00", "symbol": "DOGE-USD"}, {"trade_id": 139124749, "side": "sell", "size": "1013.20000000", "price": "0.19446000", "time": "2025-07-15T14:22:42.848005Z", "fetched_at": "2025-07-15T14:23:24.843096+00:00", "symbol": "DOGE-USD"}, {"trade_id": 139124748, "side": "sell", "size": "1566.00000000", "price": "0.19446000", "time": "2025-07-15T14:22:42.848005Z", "fetched_at": "2025-07-15T14:23:24.843096+00:00", "symbol": "DOGE-USD"}, {"trade_id": 139124747, "side": "sell", "size": "5.70000000", "price": "0.19446000", "time": "2025-07-15T14:22:42.848005Z", "fetched_at": "2025-07-15T14:23:24.843096+00:00", "symbol": "DOGE-USD"}, {"trade_id": 139124746, "side": "sell", "size": "1647.30000000", "price": "0.19445000", "time": "2025-07-15T14:22:42.848005Z", "fetched_at": "2025-07-15T14:23:24.843096+00:00", "symbol": "DOGE-USD"}, {"trade_id": 139124745, "side": "sell", "size": "859.90000000", "price": "0.19444000", "time": "2025-07-15T14:22:42.848005Z", "fetched_at": "2025-07-15T14:23:24.843096+00:00", "symbol": "DOGE-USD"}, {"trade_id": 139124744, "side": "sell", "size": "1.30000000", "price": "0.19444000", "time": "2025-07-15T14:22:42.848005Z", "fetched_at": "2025-07-15T14:23:24.843096+00:00", "symbol": "DOGE-USD"}, {"trade_id": 139124743, "side": "sell", "size": "5.70000000", "price": "0.19442000", "time": "2025-07-15T14:22:40.871699Z", "fetched_at": "2025-07-15T14:23:24.843096+00:00", "symbol": "DOGE-USD"}, {"trade_id": 139124742, "side": "sell", "size": "996.50000000", "price": "0.19440000", "time": "2025-07-15T14:22:40.299426Z", "fetched_at": "2025-07-15T14:23:24.843096+00:00", "symbol": "DOGE-USD"}, {"trade_id": 139124741, "side": "sell", "size": "5.70000000", "price": "0.19440000", "time": "2025-07-15T14:22:40.299426Z", "fetched_at": "2025-07-15T14:23:24.843096+00:00", "symbol": "DOGE-USD"}, {"trade_id": 139124740, "side": "buy", "size": "924.30000000", "price": "0.19439000", "time": "2025-07-15T14:22:37.376625Z", "fetched_at": "2025-07-15T14:23:24.843096+00:00", "symbol": "DOGE-USD"}, {"trade_id": 139124739, "side": "buy", "size": "241.60000000", "price": "0.19439000", "time": "2025-07-15T14:22:36.795041Z", "fetched_at": "2025-07-15T14:23:24.843096+00:00", "symbol": "DOGE-USD"}, {"trade_id": 139124738, "side": "sell", "size": "5.70000000", "price": "0.19438000", "time": "2025-07-15T14:22:35.419392Z", "fetched_at": "2025-07-15T14:23:24.843096+00:00", "symbol": "DOGE-USD"}, {"trade_id": 139124737, "side": "sell", "size": "5.70000000", "price": "0.19436000", "time": "2025-07-15T14:22:35.214483Z", "fetched_at": "2025-07-15T14:23:24.843096+00:00", "symbol": "DOGE-USD"}, {"trade_id": 139124736, "side": "sell", "size": "1190.40000000", "price": "0.19433000", "time": "2025-07-15T14:22:35.124416Z", "fetched_at": "2025-07-15T14:23:24.843096+00:00", "symbol": "DOGE-USD"}, {"trade_id": 139124735, "side": "sell", "size": "5.70000000", "price": "0.19436000", "time": "2025-07-15T14:22:31.512615Z", "fetched_at": "2025-07-15T14:23:24.843096+00:00", "symbol": "DOGE-USD"}, {"trade_id": 139124734, "side": "sell", "size": "5.70000000", "price": "0.19434000", "time": "2025-07-15T14:22:31.354457Z", "fetched_at": "2025-07-15T14:23:24.843096+00:00", "symbol": "DOGE-USD"}, {"trade_id": 139124733, "side": "sell", "size": "1393.40000000", "price": "0.19432000", "time": "2025-07-15T14:22:31.220798Z", "fetched_at": "2025-07-15T14:23:24.843096+00:00", "symbol": "DOGE-USD"}, {"trade_id": 139124732, "side": "sell", "size": "122.00000000", "price": "0.19432000", "time": "2025-07-15T14:22:30.826203Z", "fetched_at": "2025-07-15T14:23:24.843096+00:00", "symbol": "DOGE-USD"}, {"trade_id": 139124731, "side": "buy", "size": "5.70000000", "price": "0.19428000", "time": "2025-07-15T14:22:26.962431Z", "fetched_at": "2025-07-15T14:23:24.843096+00:00", "symbol": "DOGE-USD"}, {"trade_id": 139124730, "side": "buy", "size": "5.70000000", "price": "0.19430000", "time": "2025-07-15T14:22:26.326367Z", "fetched_at": "2025-07-15T14:23:24.843096+00:00", "symbol": "DOGE-USD"}, {"trade_id": 139124729, "side": "buy", "size": "5.70000000", "price": "0.19432000", "time": "2025-07-15T14:22:26.219522Z", "fetched_at": "2025-07-15T14:23:24.843096+00:00", "symbol": "DOGE-USD"}, {"trade_id": 139124728, "side": "buy", "size": "5.70000000", "price": "0.19434000", "time": "2025-07-15T14:22:26.091267Z", "fetched_at": "2025-07-15T14:23:24.843096+00:00", "symbol": "DOGE-USD"}, {"trade_id": 139124727, "side": "sell", "size": "1637.90000000", "price": "0.19439000", "time": "2025-07-15T14:22:24.046303Z", "fetched_at": "2025-07-15T14:23:24.843096+00:00", "symbol": "DOGE-USD"}, {"trade_id": 139124726, "side": "buy", "size": "35.60000000", "price": "0.19437000", "time": "2025-07-15T14:22:20.641587Z", "fetched_at": "2025-07-15T14:23:24.843096+00:00", "symbol": "DOGE-USD"}, {"trade_id": 139124725, "side": "buy", "size": "924.30000000", "price": "0.19438000", "time": "2025-07-15T14:22:20.641587Z", "fetched_at": "2025-07-15T14:23:24.843096+00:00", "symbol": "DOGE-USD"}, {"trade_id": 139124724, "side": "buy", "size": "304.70000000", "price": "0.19438000", "time": "2025-07-15T14:22:20.641587Z", "fetched_at": "2025-07-15T14:23:24.843096+00:00", "symbol": "DOGE-USD"}, {"trade_id": 139124723, "side": "buy", "size": "0.40000000", "price": "0.19439000", "time": "2025-07-15T14:22:17.864922Z", "fetched_at": "2025-07-15T14:23:24.843096+00:00", "symbol": "DOGE-USD"}, {"trade_id": 139124722, "side": "sell", "size": "1956.90000000", "price": "0.19438000", "time": "2025-07-15T14:22:17.810966Z", "fetched_at": "2025-07-15T14:23:24.843096+00:00", "symbol": "DOGE-USD"}, {"trade_id": 139124721, "side": "sell", "size": "5.70000000", "price": "0.19438000", "time": "2025-07-15T14:22:17.810966Z", "fetched_at": "2025-07-15T14:23:24.843096+00:00", "symbol": "DOGE-USD"}, {"trade_id": 139124720, "side": "sell", "size": "5.70000000", "price": "0.19436000", "time": "2025-07-15T14:22:16.753444Z", "fetched_at": "2025-07-15T14:23:24.843096+00:00", "symbol": "DOGE-USD"}, {"trade_id": 139124719, "side": "sell", "size": "57.20000000", "price": "0.19432000", "time": "2025-07-15T14:22:14.436504Z", "fetched_at": "2025-07-15T14:23:24.843096+00:00", "symbol": "DOGE-USD"}, {"trade_id": 139124718, "side": "sell", "size": "2327.40000000", "price": "0.19432000", "time": "2025-07-15T14:22:14.432360Z", "fetched_at": "2025-07-15T14:23:24.843096+00:00", "symbol": "DOGE-USD"}, {"trade_id": 139124717, "side": "sell", "size": "5.70000000", "price": "0.19432000", "time": "2025-07-15T14:22:14.432360Z", "fetched_at": "2025-07-15T14:23:24.843096+00:00", "symbol": "DOGE-USD"}, {"trade_id": 139124716, "side": "sell", "size": "2746.60000000", "price": "0.19428000", "time": "2025-07-15T14:22:14.036499Z", "fetched_at": "2025-07-15T14:23:24.843096+00:00", "symbol": "DOGE-USD"}, {"trade_id": 139124715, "side": "buy", "size": "822.10000000", "price": "0.19426000", "time": "2025-07-15T14:22:13.486691Z", "fetched_at": "2025-07-15T14:23:24.843096+00:00", "symbol": "DOGE-USD"}, {"trade_id": 139124714, "side": "buy", "size": "6.70000000", "price": "0.19426000", "time": "2025-07-15T14:22:13.486691Z", "fetched_at": "2025-07-15T14:23:24.843096+00:00", "symbol": "DOGE-USD"}, {"trade_id": 139124713, "side": "buy", "size": "924.30000000", "price": "0.19427000", "time": "2025-07-15T14:22:13.486691Z", "fetched_at": "2025-07-15T14:23:24.843096+00:00", "symbol": "DOGE-USD"}, {"trade_id": 139124712, "side": "buy", "size": "924.30000000", "price": "0.19428000", "time": "2025-07-15T14:22:12.420571Z", "fetched_at": "2025-07-15T14:23:24.843096+00:00", "symbol": "DOGE-USD"}, {"trade_id": 139124711, "side": "sell", "size": "993.50000000", "price": "0.19431000", "time": "2025-07-15T14:22:12.018642Z", "fetched_at": "2025-07-15T14:23:24.843096+00:00", "symbol": "DOGE-USD"}, {"trade_id": 139124710, "side": "sell", "size": "6.90000000", "price": "0.19431000", "time": "2025-07-15T14:22:12.018642Z", "fetched_at": "2025-07-15T14:23:24.843096+00:00", "symbol": "DOGE-USD"}, {"trade_id": 139124709, "side": "sell", "size": "15.00000000", "price": "0.19431000", "time": "2025-07-15T14:22:11.276061Z", "fetched_at": "2025-07-15T14:23:24.843096+00:00", "symbol": "DOGE-USD"}, {"trade_id": 139124708, "side": "sell", "size": "5.70000000", "price": "0.19430000", "time": "2025-07-15T14:22:09.703490Z", "fetched_at": "2025-07-15T14:23:24.843096+00:00", "symbol": "DOGE-USD"}, {"trade_id": 139124707, "side": "sell", "size": "10985.60000000", "price": "0.19428000", "time": "2025-07-15T14:22:09.618543Z", "fetched_at": "2025-07-15T14:23:24.843096+00:00", "symbol": "DOGE-USD"}, {"trade_id": 139124706, "side": "sell", "size": "7.30000000", "price": "0.19427000", "time": "2025-07-15T14:22:09.618543Z", "fetched_at": "2025-07-15T14:23:24.843096+00:00", "symbol": "DOGE-USD"}, {"trade_id": 139124705, "side": "sell", "size": "2816.30000000", "price": "0.19424000", "time": "2025-07-15T14:22:08.948266Z", "fetched_at": "2025-07-15T14:23:24.843096+00:00", "symbol": "DOGE-USD"}, {"trade_id": 139124704, "side": "buy", "size": "902.00000000", "price": "0.19423000", "time": "2025-07-15T14:22:08.425232Z", "fetched_at": "2025-07-15T14:23:24.843096+00:00", "symbol": "DOGE-USD"}, {"trade_id": 139124703, "side": "buy", "size": "5.70000000", "price": "0.19424000", "time": "2025-07-15T14:22:08.425232Z", "fetched_at": "2025-07-15T14:23:24.843096+00:00", "symbol": "DOGE-USD"}, {"trade_id": 139124702, "side": "sell", "size": "3492.30000000", "price": "0.19426000", "time": "2025-07-15T14:22:06.243423Z", "fetched_at": "2025-07-15T14:23:24.843096+00:00", "symbol": "DOGE-USD"}, {"trade_id": 139124701, "side": "sell", "size": "0.90000000", "price": "0.19426000", "time": "2025-07-15T14:22:04.471875Z", "fetched_at": "2025-07-15T14:23:24.843096+00:00", "symbol": "DOGE-USD"}, {"trade_id": 139124700, "side": "buy", "size": "1000.00000000", "price": "0.19426000", "time": "2025-07-15T14:22:02.032255Z", "fetched_at": "2025-07-15T14:23:24.843096+00:00", "symbol": "DOGE-USD"}, {"trade_id": 139124699, "side": "buy", "size": "5.70000000", "price": "0.19426000", "time": "2025-07-15T14:22:02.032255Z", "fetched_at": "2025-07-15T14:23:24.843096+00:00", "symbol": "DOGE-USD"}, {"trade_id": 139124698, "side": "buy", "size": "28.20000000", "price": "0.19427000", "time": "2025-07-15T14:22:02.032255Z", "fetched_at": "2025-07-15T14:23:24.843096+00:00", "symbol": "DOGE-USD"}, {"trade_id": 139124697, "side": "buy", "size": "924.30000000", "price": "0.19427000", "time": "2025-07-15T14:22:02.032255Z", "fetched_at": "2025-07-15T14:23:24.843096+00:00", "symbol": "DOGE-USD"}, {"trade_id": 139124696, "side": "buy", "size": "304.70000000", "price": "0.19428000", "time": "2025-07-15T14:22:02.032255Z", "fetched_at": "2025-07-15T14:23:24.843096+00:00", "symbol": "DOGE-USD"}, {"trade_id": 139124695, "side": "buy", "size": "5.70000000", "price": "0.19428000", "time": "2025-07-15T14:22:02.032255Z", "fetched_at": "2025-07-15T14:23:24.843096+00:00", "symbol": "DOGE-USD"}, {"trade_id": 139124694, "side": "buy", "size": "5.70000000", "price": "0.19430000", "time": "2025-07-15T14:22:01.055843Z", "fetched_at": "2025-07-15T14:23:24.843096+00:00", "symbol": "DOGE-USD"}, {"trade_id": 139124693, "side": "buy", "size": "5.70000000", "price": "0.19432000", "time": "2025-07-15T14:22:00.509183Z", "fetched_at": "2025-07-15T14:23:24.843096+00:00", "symbol": "DOGE-USD"}, {"trade_id": 139124692, "side": "buy", "size": "924.30000000", "price": "0.19433000", "time": "2025-07-15T14:22:00.072179Z", "fetched_at": "2025-07-15T14:23:24.843096+00:00", "symbol": "DOGE-USD"}, {"trade_id": 139124691, "side": "buy", "size": "924.30000000", "price": "0.19434000", "time": "2025-07-15T14:22:00.072179Z", "fetched_at": "2025-07-15T14:23:24.843096+00:00", "symbol": "DOGE-USD"}, {"trade_id": 139124690, "side": "buy", "size": "5.70000000", "price": "0.19434000", "time": "2025-07-15T14:22:00.072179Z", "fetched_at": "2025-07-15T14:23:24.843096+00:00", "symbol": "DOGE-USD"}, {"trade_id": 139124689, "side": "sell", "size": "137.40000000", "price": "0.19439000", "time": "2025-07-15T14:21:56.136366Z", "fetched_at": "2025-07-15T14:23:24.843096+00:00", "symbol": "DOGE-USD"}, {"trade_id": 139124688, "side": "sell", "size": "9.00000000", "price": "0.19438000", "time": "2025-07-15T14:21:56.136366Z", "fetched_at": "2025-07-15T14:23:24.843096+00:00", "symbol": "DOGE-USD"}, {"trade_id": 139124687, "side": "buy", "size": "5.70000000", "price": "0.19436000", "time": "2025-07-15T14:21:54.805289Z", "fetched_at": "2025-07-15T14:23:24.843096+00:00", "symbol": "DOGE-USD"}, {"trade_id": 139124686, "side": "buy", "size": "6.70000000", "price": "0.19438000", "time": "2025-07-15T14:21:54.380976Z", "fetched_at": "2025-07-15T14:23:24.843096+00:00", "symbol": "DOGE-USD"}, {"trade_id": 139124685, "side": "sell", "size": "4.40000000", "price": "0.19444000", "time": "2025-07-15T14:21:49.197557Z", "fetched_at": "2025-07-15T14:23:24.843096+00:00", "symbol": "DOGE-USD"}, {"trade_id": 139124684, "side": "sell", "size": "4050.70000000", "price": "0.19442000", "time": "2025-07-15T14:21:47.927626Z", "fetched_at": "2025-07-15T14:23:24.843096+00:00", "symbol": "DOGE-USD"}, {"trade_id": 139124683, "side": "sell", "size": "5.70000000", "price": "0.19442000", "time": "2025-07-15T14:21:47.927626Z", "fetched_at": "2025-07-15T14:23:24.843096+00:00", "symbol": "DOGE-USD"}, {"trade_id": 139124682, "side": "sell", "size": "5.70000000", "price": "0.19440000", "time": "2025-07-15T14:21:47.011137Z", "fetched_at": "2025-07-15T14:23:24.843096+00:00", "symbol": "DOGE-USD"}, {"trade_id": 139124681, "side": "sell", "size": "4581.40000000", "price": "0.19439000", "time": "2025-07-15T14:21:46.871805Z", "fetched_at": "2025-07-15T14:23:24.843096+00:00", "symbol": "DOGE-USD"}, {"trade_id": 139124680, "side": "sell", "size": "482.80000000", "price": "0.19439000", "time": "2025-07-15T14:21:46.871805Z", "fetched_at": "2025-07-15T14:23:24.843096+00:00", "symbol": "DOGE-USD"}, {"trade_id": 139124679, "side": "buy", "size": "649.60000000", "price": "0.19435000", "time": "2025-07-15T14:21:43.827700Z", "fetched_at": "2025-07-15T14:23:24.843096+00:00", "symbol": "DOGE-USD"}, {"trade_id": 139124678, "side": "buy", "size": "304.70000000", "price": "0.19435000", "time": "2025-07-15T14:21:43.827700Z", "fetched_at": "2025-07-15T14:23:24.843096+00:00", "symbol": "DOGE-USD"}, {"trade_id": 139124677, "side": "buy", "size": "1359.30000000", "price": "0.19435000", "time": "2025-07-15T14:21:43.827700Z", "fetched_at": "2025-07-15T14:23:24.843096+00:00", "symbol": "DOGE-USD"}, {"trade_id": 139124676, "side": "sell", "size": "872.40000000", "price": "0.19435000", "time": "2025-07-15T14:21:43.627453Z", "fetched_at": "2025-07-15T14:23:24.843096+00:00", "symbol": "DOGE-USD"}, {"trade_id": 139124675, "side": "sell", "size": "22.90000000", "price": "0.19435000", "time": "2025-07-15T14:21:43.627453Z", "fetched_at": "2025-07-15T14:23:24.843096+00:00", "symbol": "DOGE-USD"}, {"trade_id": 139124674, "side": "buy", "size": "5.70000000", "price": "0.19436000", "time": "2025-07-15T14:21:39.456132Z", "fetched_at": "2025-07-15T14:23:24.843096+00:00", "symbol": "DOGE-USD"}, {"trade_id": 139124673, "side": "buy", "size": "5.70000000", "price": "0.19438000", "time": "2025-07-15T14:21:39.235994Z", "fetched_at": "2025-07-15T14:23:24.843096+00:00", "symbol": "DOGE-USD"}, {"trade_id": 139124672, "side": "buy", "size": "482.80000000", "price": "0.19439000", "time": "2025-07-15T14:21:39.230167Z", "fetched_at": "2025-07-15T14:23:24.843096+00:00", "symbol": "DOGE-USD"}, {"trade_id": 139124671, "side": "buy", "size": "0.10000000", "price": "0.19440000", "time": "2025-07-15T14:21:39.227377Z", "fetched_at": "2025-07-15T14:23:24.843096+00:00", "symbol": "DOGE-USD"}, {"trade_id": 139124670, "side": "buy", "size": "5.60000000", "price": "0.19440000", "time": "2025-07-15T14:21:39.094618Z", "fetched_at": "2025-07-15T14:23:24.843096+00:00", "symbol": "DOGE-USD"}, {"trade_id": 139124669, "side": "buy", "size": "4.20000000", "price": "0.19442000", "time": "2025-07-15T14:21:39.094618Z", "fetched_at": "2025-07-15T14:23:24.843096+00:00", "symbol": "DOGE-USD"}, {"trade_id": 139124668, "side": "buy", "size": "1.50000000", "price": "0.19442000", "time": "2025-07-15T14:21:39.039394Z", "fetched_at": "2025-07-15T14:23:24.843096+00:00", "symbol": "DOGE-USD"}, {"trade_id": 139124667, "side": "buy", "size": "5.70000000", "price": "0.19444000", "time": "2025-07-15T14:21:38.719604Z", "fetched_at": "2025-07-15T14:23:24.843096+00:00", "symbol": "DOGE-USD"}, {"trade_id": 139124666, "side": "buy", "size": "114.80000000", "price": "0.19446000", "time": "2025-07-15T14:21:38.101971Z", "fetched_at": "2025-07-15T14:23:24.843096+00:00", "symbol": "DOGE-USD"}, {"trade_id": 139124665, "side": "buy", "size": "5.70000000", "price": "0.19446000", "time": "2025-07-15T14:21:38.101971Z", "fetched_at": "2025-07-15T14:23:24.843096+00:00", "symbol": "DOGE-USD"}, {"trade_id": 139124664, "side": "sell", "size": "79.20000000", "price": "0.19447000", "time": "2025-07-15T14:21:34.934856Z", "fetched_at": "2025-07-15T14:23:24.843096+00:00", "symbol": "DOGE-USD"}, {"trade_id": 139124663, "side": "sell", "size": "1577.10000000", "price": "0.19447000", "time": "2025-07-15T14:21:34.934856Z", "fetched_at": "2025-07-15T14:23:24.843096+00:00", "symbol": "DOGE-USD"}, {"trade_id": 139124662, "side": "sell", "size": "70.60000000", "price": "0.19450000", "time": "2025-07-15T14:21:32.834108Z", "fetched_at": "2025-07-15T14:23:24.843096+00:00", "symbol": "DOGE-USD"}, {"trade_id": 139124661, "side": "sell", "size": "54.20000000", "price": "0.19449000", "time": "2025-07-15T14:21:32.834108Z", "fetched_at": "2025-07-15T14:23:24.843096+00:00", "symbol": "DOGE-USD"}, {"trade_id": 139124660, "side": "buy", "size": "3.80000000", "price": "0.19448000", "time": "2025-07-15T14:21:31.547093Z", "fetched_at": "2025-07-15T14:23:24.843096+00:00", "symbol": "DOGE-USD"}, {"trade_id": 139124659, "side": "sell", "size": "55.00000000", "price": "0.19447000", "time": "2025-07-15T14:21:30.736274Z", "fetched_at": "2025-07-15T14:23:24.843096+00:00", "symbol": "DOGE-USD"}, {"trade_id": 139124658, "side": "sell", "size": "6071.90000000", "price": "0.19447000", "time": "2025-07-15T14:21:30.736274Z", "fetched_at": "2025-07-15T14:23:24.843096+00:00", "symbol": "DOGE-USD"}, {"trade_id": 139124657, "side": "buy", "size": "3817.70000000", "price": "0.19448000", "time": "2025-07-15T14:21:27.368020Z", "fetched_at": "2025-07-15T14:23:24.843096+00:00", "symbol": "DOGE-USD"}, {"trade_id": 139124656, "side": "buy", "size": "924.30000000", "price": "0.19450000", "time": "2025-07-15T14:21:27.368020Z", "fetched_at": "2025-07-15T14:23:24.843096+00:00", "symbol": "DOGE-USD"}, {"trade_id": 139124655, "side": "buy", "size": "55.00000000", "price": "0.19450000", "time": "2025-07-15T14:21:27.368020Z", "fetched_at": "2025-07-15T14:23:24.843096+00:00", "symbol": "DOGE-USD"}, {"trade_id": 139124654, "side": "buy", "size": "924.30000000", "price": "0.19450000", "time": "2025-07-15T14:21:27.361943Z", "fetched_at": "2025-07-15T14:23:24.843096+00:00", "symbol": "DOGE-USD"}, {"trade_id": 139124653, "side": "sell", "size": "507.40000000", "price": "0.19452000", "time": "2025-07-15T14:21:25.760614Z", "fetched_at": "2025-07-15T14:23:24.843096+00:00", "symbol": "DOGE-USD"}, {"trade_id": 139124652, "side": "sell", "size": "2711.00000000", "price": "0.19449000", "time": "2025-07-15T14:21:24.997741Z", "fetched_at": "2025-07-15T14:23:24.843096+00:00", "symbol": "DOGE-USD"}, {"trade_id": 139124651, "side": "buy", "size": "1572.50000000", "price": "0.19449000", "time": "2025-07-15T14:21:24.992477Z", "fetched_at": "2025-07-15T14:23:24.843096+00:00", "symbol": "DOGE-USD"}, {"trade_id": 139124650, "side": "buy", "size": "55.00000000", "price": "0.19450000", "time": "2025-07-15T14:21:24.992477Z", "fetched_at": "2025-07-15T14:23:24.843096+00:00", "symbol": "DOGE-USD"}, {"trade_id": 139124649, "side": "buy", "size": "304.70000000", "price": "0.19451000", "time": "2025-07-15T14:21:24.992477Z", "fetched_at": "2025-07-15T14:23:24.843096+00:00", "symbol": "DOGE-USD"}, {"trade_id": 139124648, "side": "buy", "size": "924.30000000", "price": "0.19449000", "time": "2025-07-15T14:21:24.922707Z", "fetched_at": "2025-07-15T14:23:24.843096+00:00", "symbol": "DOGE-USD"}, {"trade_id": 139124647, "side": "buy", "size": "55.00000000", "price": "0.19450000", "time": "2025-07-15T14:21:24.922707Z", "fetched_at": "2025-07-15T14:23:24.843096+00:00", "symbol": "DOGE-USD"}, {"trade_id": 139124646, "side": "buy", "size": "924.30000000", "price": "0.19449000", "time": "2025-07-15T14:21:24.904878Z", "fetched_at": "2025-07-15T14:23:24.843096+00:00", "symbol": "DOGE-USD"}, {"trade_id": 139124645, "side": "buy", "size": "55.00000000", "price": "0.19450000", "time": "2025-07-15T14:21:24.904878Z", "fetched_at": "2025-07-15T14:23:24.843096+00:00", "symbol": "DOGE-USD"}, {"trade_id": 139124644, "side": "buy", "size": "55.00000000", "price": "0.19449000", "time": "2025-07-15T14:21:24.856872Z", "fetched_at": "2025-07-15T14:23:24.843096+00:00", "symbol": "DOGE-USD"}, {"trade_id": 139124643, "side": "buy", "size": "304.70000000", "price": "0.19449000", "time": "2025-07-15T14:21:24.841162Z", "fetched_at": "2025-07-15T14:23:24.843096+00:00", "symbol": "DOGE-USD"}, {"trade_id": 139124642, "side": "sell", "size": "19737.20000000", "price": "0.19449000", "time": "2025-07-15T14:21:23.737890Z", "fetched_at": "2025-07-15T14:23:24.843096+00:00", "symbol": "DOGE-USD"}, {"trade_id": 139124641, "side": "sell", "size": "55.00000000", "price": "0.19448000", "time": "2025-07-15T14:21:23.737890Z", "fetched_at": "2025-07-15T14:23:24.843096+00:00", "symbol": "DOGE-USD"}, {"trade_id": 139124640, "side": "sell", "size": "25.40000000", "price": "0.19445000", "time": "2025-07-15T14:21:22.727893Z", "fetched_at": "2025-07-15T14:23:24.843096+00:00", "symbol": "DOGE-USD"}, {"trade_id": 139124639, "side": "buy", "size": "177.30000000", "price": "0.19446000", "time": "2025-07-15T14:21:20.740481Z", "fetched_at": "2025-07-15T14:23:24.843096+00:00", "symbol": "DOGE-USD"}, {"trade_id": 139124638, "side": "buy", "size": "5.70000000", "price": "0.19446000", "time": "2025-07-15T14:21:20.740481Z", "fetched_at": "2025-07-15T14:23:24.843096+00:00", "symbol": "DOGE-USD"}, {"trade_id": 139124637, "side": "buy", "size": "250.40000000", "price": "0.19447000", "time": "2025-07-15T14:21:20.638301Z", "fetched_at": "2025-07-15T14:23:24.843096+00:00", "symbol": "DOGE-USD"}, {"trade_id": 139124636, "side": "buy", "size": "185.60000000", "price": "0.19447000", "time": "2025-07-15T14:21:20.636685Z", "fetched_at": "2025-07-15T14:23:24.843096+00:00", "symbol": "DOGE-USD"}, {"trade_id": 139124635, "side": "buy", "size": "347.60000000", "price": "0.19447000", "time": "2025-07-15T14:21:20.634833Z", "fetched_at": "2025-07-15T14:23:24.843096+00:00", "symbol": "DOGE-USD"}, {"trade_id": 139124634, "side": "buy", "size": "336.60000000", "price": "0.19447000", "time": "2025-07-15T14:21:20.627337Z", "fetched_at": "2025-07-15T14:23:24.843096+00:00", "symbol": "DOGE-USD"}, {"trade_id": 139124633, "side": "buy", "size": "5.70000000", "price": "0.19448000", "time": "2025-07-15T14:21:20.627337Z", "fetched_at": "2025-07-15T14:23:24.843096+00:00", "symbol": "DOGE-USD"}, {"trade_id": 139124632, "side": "buy", "size": "1566.00000000", "price": "0.19449000", "time": "2025-07-15T14:21:20.610715Z", "fetched_at": "2025-07-15T14:23:24.843096+00:00", "symbol": "DOGE-USD"}, {"trade_id": 139124631, "side": "buy", "size": "2501.10000000", "price": "0.19450000", "time": "2025-07-15T14:21:20.610715Z", "fetched_at": "2025-07-15T14:23:24.843096+00:00", "symbol": "DOGE-USD"}, {"trade_id": 139124630, "side": "buy", "size": "1124.00000000", "price": "0.19450000", "time": "2025-07-15T14:21:20.610715Z", "fetched_at": "2025-07-15T14:23:24.843096+00:00", "symbol": "DOGE-USD"}, {"trade_id": 139124629, "side": "buy", "size": "5466.40000000", "price": "0.19450000", "time": "2025-07-15T14:21:20.609038Z", "fetched_at": "2025-07-15T14:23:24.843096+00:00", "symbol": "DOGE-USD"}, {"trade_id": 139124628, "side": "buy", "size": "5.70000000", "price": "0.19450000", "time": "2025-07-15T14:21:20.609038Z", "fetched_at": "2025-07-15T14:23:24.843096+00:00", "symbol": "DOGE-USD"}, {"trade_id": 139124627, "side": "buy", "size": "5000.00000000", "price": "0.19451000", "time": "2025-07-15T14:21:20.607642Z", "fetched_at": "2025-07-15T14:23:24.843096+00:00", "symbol": "DOGE-USD"}, {"trade_id": 139124626, "side": "buy", "size": "3356.60000000", "price": "0.19451000", "time": "2025-07-15T14:21:20.607642Z", "fetched_at": "2025-07-15T14:23:24.843096+00:00", "symbol": "DOGE-USD"}, {"trade_id": 139124625, "side": "buy", "size": "6592.50000000", "price": "0.19451000", "time": "2025-07-15T14:21:20.607642Z", "fetched_at": "2025-07-15T14:23:24.843096+00:00", "symbol": "DOGE-USD"}, {"trade_id": 139124624, "side": "buy", "size": "2000.00000000", "price": "0.19452000", "time": "2025-07-15T14:21:20.605083Z", "fetched_at": "2025-07-15T14:23:24.843096+00:00", "symbol": "DOGE-USD"}, {"trade_id": 139124623, "side": "buy", "size": "10000.00000000", "price": "0.19452000", "time": "2025-07-15T14:21:20.605083Z", "fetched_at": "2025-07-15T14:23:24.843096+00:00", "symbol": "DOGE-USD"}, {"trade_id": 139124622, "side": "buy", "size": "5.70000000", "price": "0.19452000", "time": "2025-07-15T14:21:20.605083Z", "fetched_at": "2025-07-15T14:23:24.843096+00:00", "symbol": "DOGE-USD"}, {"trade_id": 139124621, "side": "buy", "size": "2500.00000000", "price": "0.19453000", "time": "2025-07-15T14:21:20.599840Z", "fetched_at": "2025-07-15T14:23:24.843096+00:00", "symbol": "DOGE-USD"}, {"trade_id": 139124620, "side": "buy", "size": "1863.90000000", "price": "0.19453000", "time": "2025-07-15T14:21:20.599840Z", "fetched_at": "2025-07-15T14:23:24.843096+00:00", "symbol": "DOGE-USD"}, {"trade_id": 139124619, "side": "buy", "size": "6592.50000000", "price": "0.19453000", "time": "2025-07-15T14:21:20.599840Z", "fetched_at": "2025-07-15T14:23:24.843096+00:00", "symbol": "DOGE-USD"}, {"trade_id": 139124618, "side": "buy", "size": "18909.20000000", "price": "0.19454000", "time": "2025-07-15T14:21:20.596990Z", "fetched_at": "2025-07-15T14:23:24.843096+00:00", "symbol": "DOGE-USD"}, {"trade_id": 139124617, "side": "buy", "size": "6592.10000000", "price": "0.19454000", "time": "2025-07-15T14:21:20.596990Z", "fetched_at": "2025-07-15T14:23:24.843096+00:00", "symbol": "DOGE-USD"}, {"trade_id": 139124616, "side": "buy", "size": "1350.40000000", "price": "0.19454000", "time": "2025-07-15T14:21:20.596990Z", "fetched_at": "2025-07-15T14:23:24.843096+00:00", "symbol": "DOGE-USD"}, {"trade_id": 139124615, "side": "buy", "size": "5.70000000", "price": "0.19454000", "time": "2025-07-15T14:21:20.596990Z", "fetched_at": "2025-07-15T14:23:24.843096+00:00", "symbol": "DOGE-USD"}, {"trade_id": 139124614, "side": "buy", "size": "10000.00000000", "price": "0.19455000", "time": "2025-07-15T14:21:20.596990Z", "fetched_at": "2025-07-15T14:23:24.843096+00:00", "symbol": "DOGE-USD"}, {"trade_id": 139124613, "side": "buy", "size": "2500.00000000", "price": "0.19455000", "time": "2025-07-15T14:21:20.596990Z", "fetched_at": "2025-07-15T14:23:24.843096+00:00", "symbol": "DOGE-USD"}, {"trade_id": 139124612, "side": "buy", "size": "5000.00000000", "price": "0.19455000", "time": "2025-07-15T14:21:20.596990Z", "fetched_at": "2025-07-15T14:23:24.843096+00:00", "symbol": "DOGE-USD"}, {"trade_id": 139124611, "side": "buy", "size": "5.70000000", "price": "0.19456000", "time": "2025-07-15T14:21:20.592205Z", "fetched_at": "2025-07-15T14:23:24.843096+00:00", "symbol": "DOGE-USD"}, {"trade_id": 139124610, "side": "buy", "size": "924.30000000", "price": "0.19461000", "time": "2025-07-15T14:21:20.590769Z", "fetched_at": "2025-07-15T14:23:24.843096+00:00", "symbol": "DOGE-USD"}, {"trade_id": 139124609, "side": "buy", "size": "6591.80000000", "price": "0.19458000", "time": "2025-07-15T14:21:20.584525Z", "fetched_at": "2025-07-15T14:23:24.843096+00:00", "symbol": "DOGE-USD"}, {"trade_id": 139124608, "side": "buy", "size": "3830.40000000", "price": "0.19458000", "time": "2025-07-15T14:21:20.584525Z", "fetched_at": "2025-07-15T14:23:24.843096+00:00", "symbol": "DOGE-USD"}, {"trade_id": 139124607, "side": "buy", "size": "22431.70000000", "price": "0.19458000", "time": "2025-07-15T14:21:20.584525Z", "fetched_at": "2025-07-15T14:23:24.843096+00:00", "symbol": "DOGE-USD"}, {"trade_id": 139124606, "side": "buy", "size": "3535.20000000", "price": "0.19458000", "time": "2025-07-15T14:21:20.584488Z", "fetched_at": "2025-07-15T14:23:24.843096+00:00", "symbol": "DOGE-USD"}, {"trade_id": 139124605, "side": "buy", "size": "7082.50000000", "price": "0.19458000", "time": "2025-07-15T14:21:20.584440Z", "fetched_at": "2025-07-15T14:23:24.843096+00:00", "symbol": "DOGE-USD"}, {"trade_id": 139124604, "side": "buy", "size": "79166.60000000", "price": "0.19458000", "time": "2025-07-15T14:21:20.581625Z", "fetched_at": "2025-07-15T14:23:24.843096+00:00", "symbol": "DOGE-USD"}, {"trade_id": 139124603, "side": "buy", "size": "5.70000000", "price": "0.19458000", "time": "2025-07-15T14:21:20.581625Z", "fetched_at": "2025-07-15T14:23:24.843096+00:00", "symbol": "DOGE-USD"}, {"trade_id": 139124602, "side": "buy", "size": "1566.00000000", "price": "0.19459000", "time": "2025-07-15T14:21:20.581625Z", "fetched_at": "2025-07-15T14:23:24.843096+00:00", "symbol": "DOGE-USD"}, {"trade_id": 139124601, "side": "buy", "size": "183.00000000", "price": "0.19461000", "time": "2025-07-15T14:21:20.580543Z", "fetched_at": "2025-07-15T14:23:24.843096+00:00", "symbol": "DOGE-USD"}, {"trade_id": 139124600, "side": "buy", "size": "924.30000000", "price": "0.19461000", "time": "2025-07-15T14:21:20.580543Z", "fetched_at": "2025-07-15T14:23:24.843096+00:00", "symbol": "DOGE-USD"}, {"trade_id": 139124599, "side": "sell", "size": "249.60000000", "price": "0.19462000", "time": "2025-07-15T14:21:20.538197Z", "fetched_at": "2025-07-15T14:23:24.843096+00:00", "symbol": "DOGE-USD"}, {"trade_id": 139124598, "side": "sell", "size": "249.60000000", "price": "0.19462000", "time": "2025-07-15T14:21:19.891077Z", "fetched_at": "2025-07-15T14:23:24.843096+00:00", "symbol": "DOGE-USD"}, {"trade_id": 139124597, "side": "sell", "size": "43.70000000", "price": "0.19462000", "time": "2025-07-15T14:21:19.721916Z", "fetched_at": "2025-07-15T14:23:24.843096+00:00", "symbol": "DOGE-USD"}, {"trade_id": 139124596, "side": "buy", "size": "119.50000000", "price": "0.19460000", "time": "2025-07-15T14:21:16.788726Z", "fetched_at": "2025-07-15T14:23:24.843096+00:00", "symbol": "DOGE-USD"}, {"trade_id": 139124595, "side": "sell", "size": "11.90000000", "price": "0.19461000", "time": "2025-07-15T14:21:13.068869Z", "fetched_at": "2025-07-15T14:23:24.843096+00:00", "symbol": "DOGE-USD"}, {"trade_id": 139124594, "side": "buy", "size": "649.20000000", "price": "0.19459000", "time": "2025-07-15T14:21:12.294155Z", "fetched_at": "2025-07-15T14:23:24.843096+00:00", "symbol": "DOGE-USD"}, {"trade_id": 139124593, "side": "buy", "size": "304.70000000", "price": "0.19461000", "time": "2025-07-15T14:21:12.294155Z", "fetched_at": "2025-07-15T14:23:24.843096+00:00", "symbol": "DOGE-USD"}, {"trade_id": 139124592, "side": "buy", "size": "5.70000000", "price": "0.19460000", "time": "2025-07-15T14:21:10.900969Z", "fetched_at": "2025-07-15T14:23:24.843096+00:00", "symbol": "DOGE-USD"}, {"trade_id": 139124591, "side": "sell", "size": "8.30000000", "price": "0.19463000", "time": "2025-07-15T14:21:10.591552Z", "fetched_at": "2025-07-15T14:23:24.843096+00:00", "symbol": "DOGE-USD"}, {"trade_id": 139124590, "side": "sell", "size": "361.70000000", "price": "0.19464000", "time": "2025-07-15T14:21:09.399647Z", "fetched_at": "2025-07-15T14:23:24.843096+00:00", "symbol": "DOGE-USD"}, {"trade_id": 139124589, "side": "buy", "size": "924.30000000", "price": "0.19462000", "time": "2025-07-15T14:21:07.975924Z", "fetched_at": "2025-07-15T14:23:24.843096+00:00", "symbol": "DOGE-USD"}, {"trade_id": 139124588, "side": "buy", "size": "923.70000000", "price": "0.19463000", "time": "2025-07-15T14:21:07.975924Z", "fetched_at": "2025-07-15T14:23:24.843096+00:00", "symbol": "DOGE-USD"}, {"trade_id": 139124587, "side": "sell", "size": "1072.80000000", "price": "0.19462000", "time": "2025-07-15T14:21:05.790139Z", "fetched_at": "2025-07-15T14:23:24.843096+00:00", "symbol": "DOGE-USD"}, {"trade_id": 139124586, "side": "buy", "size": "89.00000000", "price": "0.19463000", "time": "2025-07-15T14:21:03.139919Z", "fetched_at": "2025-07-15T14:23:24.843096+00:00", "symbol": "DOGE-USD"}, {"trade_id": 139124585, "side": "buy", "size": "79.80000000", "price": "0.19455000", "time": "2025-07-15T14:21:02.433814Z", "fetched_at": "2025-07-15T14:23:24.843096+00:00", "symbol": "DOGE-USD"}, {"trade_id": 139124584, "side": "buy", "size": "55.00000000", "price": "0.19456000", "time": "2025-07-15T14:21:02.433814Z", "fetched_at": "2025-07-15T14:23:24.843096+00:00", "symbol": "DOGE-USD"}, {"trade_id": 139124583, "side": "buy", "size": "5.70000000", "price": "0.19456000", "time": "2025-07-15T14:21:02.433814Z", "fetched_at": "2025-07-15T14:23:24.843096+00:00", "symbol": "DOGE-USD"}, {"trade_id": 139124582, "side": "buy", "size": "5.70000000", "price": "0.19458000", "time": "2025-07-15T14:21:02.433814Z", "fetched_at": "2025-07-15T14:23:24.843096+00:00", "symbol": "DOGE-USD"}, {"trade_id": 139124581, "side": "buy", "size": "5.70000000", "price": "0.19460000", "time": "2025-07-15T14:21:02.433814Z", "fetched_at": "2025-07-15T14:23:24.843096+00:00", "symbol": "DOGE-USD"}, {"trade_id": 139124580, "side": "buy", "size": "5.70000000", "price": "0.19462000", "time": "2025-07-15T14:21:02.305299Z", "fetched_at": "2025-07-15T14:23:24.843096+00:00", "symbol": "DOGE-USD"}, {"trade_id": 139124579, "side": "buy", "size": "5.70000000", "price": "0.19464000", "time": "2025-07-15T14:21:02.093504Z", "fetched_at": "2025-07-15T14:23:24.843096+00:00", "symbol": "DOGE-USD"}, {"trade_id": 139124578, "side": "buy", "size": "5.70000000", "price": "0.19466000", "time": "2025-07-15T14:21:01.989943Z", "fetched_at": "2025-07-15T14:23:24.843096+00:00", "symbol": "DOGE-USD"}, {"trade_id": 139124577, "side": "buy", "size": "5.70000000", "price": "0.19468000", "time": "2025-07-15T14:21:01.869200Z", "fetched_at": "2025-07-15T14:23:24.843096+00:00", "symbol": "DOGE-USD"}, {"trade_id": 139124576, "side": "buy", "size": "5.70000000", "price": "0.19470000", "time": "2025-07-15T14:21:01.606858Z", "fetched_at": "2025-07-15T14:23:24.843096+00:00", "symbol": "DOGE-USD"}, {"trade_id": 139124575, "side": "sell", "size": "1223.30000000", "price": "0.19474000", "time": "2025-07-15T14:20:59.950899Z", "fetched_at": "2025-07-15T14:23:24.843096+00:00", "symbol": "DOGE-USD"}, {"trade_id": 139124574, "side": "buy", "size": "426.40000000", "price": "0.19473000", "time": "2025-07-15T14:20:59.946384Z", "fetched_at": "2025-07-15T14:23:24.843096+00:00", "symbol": "DOGE-USD"}, {"trade_id": 139124573, "side": "buy", "size": "183.00000000", "price": "0.19473000", "time": "2025-07-15T14:20:59.946384Z", "fetched_at": "2025-07-15T14:23:24.843096+00:00", "symbol": "DOGE-USD"}, {"trade_id": 139124572, "side": "buy", "size": "304.70000000", "price": "0.19473000", "time": "2025-07-15T14:20:59.946384Z", "fetched_at": "2025-07-15T14:23:24.843096+00:00", "symbol": "DOGE-USD"}, {"trade_id": 139124571, "side": "buy", "size": "304.70000000", "price": "0.19474000", "time": "2025-07-15T14:20:56.436620Z", "fetched_at": "2025-07-15T14:23:24.843096+00:00", "symbol": "DOGE-USD"}, {"trade_id": 139124570, "side": "sell", "size": "0.90000000", "price": "0.19474000", "time": "2025-07-15T14:20:54.052162Z", "fetched_at": "2025-07-15T14:23:24.843096+00:00", "symbol": "DOGE-USD"}, {"trade_id": 139124569, "side": "sell", "size": "2741.80000000", "price": "0.19479000", "time": "2025-07-15T14:20:53.174344Z", "fetched_at": "2025-07-15T14:23:24.843096+00:00", "symbol": "DOGE-USD"}, {"trade_id": 139124568, "side": "sell", "size": "3879.50000000", "price": "0.19479000", "time": "2025-07-15T14:20:53.174344Z", "fetched_at": "2025-07-15T14:23:24.843096+00:00", "symbol": "DOGE-USD"}, {"trade_id": 139124567, "side": "sell", "size": "48.70000000", "price": "0.19479000", "time": "2025-07-15T14:20:53.174344Z", "fetched_at": "2025-07-15T14:23:24.843096+00:00", "symbol": "DOGE-USD"}, {"trade_id": 139124566, "side": "sell", "size": "5.70000000", "price": "0.19478000", "time": "2025-07-15T14:20:53.174344Z", "fetched_at": "2025-07-15T14:23:24.843096+00:00", "symbol": "DOGE-USD"}, {"trade_id": 139124565, "side": "sell", "size": "104.70000000", "price": "0.19478000", "time": "2025-07-15T14:20:53.174344Z", "fetched_at": "2025-07-15T14:23:24.843096+00:00", "symbol": "DOGE-USD"}, {"trade_id": 139124564, "side": "sell", "size": "1577.70000000", "price": "0.19477000", "time": "2025-07-15T14:20:53.174344Z", "fetched_at": "2025-07-15T14:23:24.843096+00:00", "symbol": "DOGE-USD"}, {"trade_id": 139124563, "side": "sell", "size": "187.30000000", "price": "0.19477000", "time": "2025-07-15T14:20:53.174344Z", "fetched_at": "2025-07-15T14:23:24.843096+00:00", "symbol": "DOGE-USD"}, {"trade_id": 139124562, "side": "sell", "size": "22.80000000", "price": "0.19476000", "time": "2025-07-15T14:20:53.174344Z", "fetched_at": "2025-07-15T14:23:24.843096+00:00", "symbol": "DOGE-USD"}, {"trade_id": 139124561, "side": "sell", "size": "5.70000000", "price": "0.19476000", "time": "2025-07-15T14:20:53.174344Z", "fetched_at": "2025-07-15T14:23:24.843096+00:00", "symbol": "DOGE-USD"}, {"trade_id": 139124560, "side": "sell", "size": "69.00000000", "price": "0.19476000", "time": "2025-07-15T14:20:53.174344Z", "fetched_at": "2025-07-15T14:23:24.843096+00:00", "symbol": "DOGE-USD"}, {"trade_id": 139124559, "side": "sell", "size": "105.00000000", "price": "0.19475000", "time": "2025-07-15T14:20:53.174344Z", "fetched_at": "2025-07-15T14:23:24.843096+00:00", "symbol": "DOGE-USD"}, {"trade_id": 139124558, "side": "sell", "size": "1286.50000000", "price": "0.19474000", "time": "2025-07-15T14:20:53.174344Z", "fetched_at": "2025-07-15T14:23:24.843096+00:00", "symbol": "DOGE-USD"}, {"trade_id": 139124557, "side": "sell", "size": "5.70000000", "price": "0.19474000", "time": "2025-07-15T14:20:53.174344Z", "fetched_at": "2025-07-15T14:23:24.843096+00:00", "symbol": "DOGE-USD"}, {"trade_id": 139124556, "side": "sell", "size": "187.00000000", "price": "0.19474000", "time": "2025-07-15T14:20:53.174344Z", "fetched_at": "2025-07-15T14:23:24.843096+00:00", "symbol": "DOGE-USD"}, {"trade_id": 139124555, "side": "buy", "size": "10.20000000", "price": "0.19472000", "time": "2025-07-15T14:20:51.752076Z", "fetched_at": "2025-07-15T14:23:24.843096+00:00", "symbol": "DOGE-USD"}, {"trade_id": 139124554, "side": "buy", "size": "45.30000000", "price": "0.19473000", "time": "2025-07-15T14:20:51.752076Z", "fetched_at": "2025-07-15T14:23:24.843096+00:00", "symbol": "DOGE-USD"}, {"trade_id": 139124553, "side": "buy", "size": "259.40000000", "price": "0.19473000", "time": "2025-07-15T14:20:51.496069Z", "fetched_at": "2025-07-15T14:23:24.843096+00:00", "symbol": "DOGE-USD"}, {"trade_id": 139124552, "side": "buy", "size": "300.20000000", "price": "0.19472000", "time": "2025-07-15T14:20:50.653030Z", "fetched_at": "2025-07-15T14:23:24.843096+00:00", "symbol": "DOGE-USD"}, {"trade_id": 139124551, "side": "buy", "size": "924.40000000", "price": "0.19472000", "time": "2025-07-15T14:20:50.634604Z", "fetched_at": "2025-07-15T14:23:24.843096+00:00", "symbol": "DOGE-USD"}, {"trade_id": 139124550, "side": "buy", "size": "304.70000000", "price": "0.19473000", "time": "2025-07-15T14:20:50.634604Z", "fetched_at": "2025-07-15T14:23:24.843096+00:00", "symbol": "DOGE-USD"}, {"trade_id": 139124549, "side": "buy", "size": "282.70000000", "price": "0.19472000", "time": "2025-07-15T14:20:49.915634Z", "fetched_at": "2025-07-15T14:23:24.843096+00:00", "symbol": "DOGE-USD"}, {"trade_id": 139124548, "side": "sell", "size": "2375.50000000", "price": "0.19472000", "time": "2025-07-15T14:20:49.337618Z", "fetched_at": "2025-07-15T14:23:24.843096+00:00", "symbol": "DOGE-USD"}, {"trade_id": 139124547, "side": "sell", "size": "5.70000000", "price": "0.19472000", "time": "2025-07-15T14:20:49.337618Z", "fetched_at": "2025-07-15T14:23:24.843096+00:00", "symbol": "DOGE-USD"}, {"trade_id": 139124546, "side": "sell", "size": "20.90000000", "price": "0.19471000", "time": "2025-07-15T14:20:49.321467Z", "fetched_at": "2025-07-15T14:23:24.843096+00:00", "symbol": "DOGE-USD"}, {"trade_id": 139124545, "side": "sell", "size": "19.70000000", "price": "0.19471000", "time": "2025-07-15T14:20:44.453942Z", "fetched_at": "2025-07-15T14:23:24.843096+00:00", "symbol": "DOGE-USD"}, {"trade_id": 139124544, "side": "sell", "size": "2387.80000000", "price": "0.19470000", "time": "2025-07-15T14:20:44.439640Z", "fetched_at": "2025-07-15T14:23:24.843096+00:00", "symbol": "DOGE-USD"}, {"trade_id": 139124543, "side": "sell", "size": "4223.60000000", "price": "0.19471000", "time": "2025-07-15T14:20:41.760595Z", "fetched_at": "2025-07-15T14:23:24.843096+00:00", "symbol": "DOGE-USD"}, {"trade_id": 139124542, "side": "sell", "size": "1773.80000000", "price": "0.19471000", "time": "2025-07-15T14:20:41.760595Z", "fetched_at": "2025-07-15T14:23:24.843096+00:00", "symbol": "DOGE-USD"}, {"trade_id": 139124541, "side": "sell", "size": "1444.30000000", "price": "0.19471000", "time": "2025-07-15T14:20:41.760595Z", "fetched_at": "2025-07-15T14:23:24.843096+00:00", "symbol": "DOGE-USD"}, {"trade_id": 139124540, "side": "sell", "size": "38.20000000", "price": "0.19470000", "time": "2025-07-15T14:20:41.760595Z", "fetched_at": "2025-07-15T14:23:24.843096+00:00", "symbol": "DOGE-USD"}, {"trade_id": 139124539, "side": "sell", "size": "5.70000000", "price": "0.19470000", "time": "2025-07-15T14:20:41.760595Z", "fetched_at": "2025-07-15T14:23:24.843096+00:00", "symbol": "DOGE-USD"}, {"trade_id": 139124538, "side": "sell", "size": "5.70000000", "price": "0.19468000", "time": "2025-07-15T14:20:41.760595Z", "fetched_at": "2025-07-15T14:23:24.843096+00:00", "symbol": "DOGE-USD"}, {"trade_id": 139124537, "side": "buy", "size": "357.20000000", "price": "0.19464000", "time": "2025-07-15T14:20:41.402367Z", "fetched_at": "2025-07-15T14:23:24.843096+00:00", "symbol": "DOGE-USD"}, {"trade_id": 139124536, "side": "buy", "size": "45.10000000", "price": "0.19465000", "time": "2025-07-15T14:20:41.402367Z", "fetched_at": "2025-07-15T14:23:24.843096+00:00", "symbol": "DOGE-USD"}, {"trade_id": 139124535, "side": "buy", "size": "1566.00000000", "price": "0.19465000", "time": "2025-07-15T14:20:41.402367Z", "fetched_at": "2025-07-15T14:23:24.843096+00:00", "symbol": "DOGE-USD"}, {"trade_id": 139124534, "side": "buy", "size": "183.00000000", "price": "0.19467000", "time": "2025-07-15T14:20:41.402367Z", "fetched_at": "2025-07-15T14:23:24.843096+00:00", "symbol": "DOGE-USD"}, {"trade_id": 139124533, "side": "buy", "size": "304.70000000", "price": "0.19467000", "time": "2025-07-15T14:20:41.402367Z", "fetched_at": "2025-07-15T14:23:24.843096+00:00", "symbol": "DOGE-USD"}, {"trade_id": 139124532, "side": "sell", "size": "5.70000000", "price": "0.19466000", "time": "2025-07-15T14:20:41.362493Z", "fetched_at": "2025-07-15T14:23:24.843096+00:00", "symbol": "DOGE-USD"}, {"trade_id": 139124531, "side": "sell", "size": "5.70000000", "price": "0.19464000", "time": "2025-07-15T14:20:41.330224Z", "fetched_at": "2025-07-15T14:23:24.843096+00:00", "symbol": "DOGE-USD"}, {"trade_id": 139124530, "side": "sell", "size": "46.30000000", "price": "0.19458000", "time": "2025-07-15T14:20:37.066201Z", "fetched_at": "2025-07-15T14:23:24.843096+00:00", "symbol": "DOGE-USD"}, {"trade_id": 139124529, "side": "buy", "size": "1057.90000000", "price": "0.19461000", "time": "2025-07-15T14:20:33.439296Z", "fetched_at": "2025-07-15T14:23:24.843096+00:00", "symbol": "DOGE-USD"}, {"trade_id": 139124528, "side": "buy", "size": "304.70000000", "price": "0.19461000", "time": "2025-07-15T14:20:33.439296Z", "fetched_at": "2025-07-15T14:23:24.843096+00:00", "symbol": "DOGE-USD"}, {"trade_id": 139124527, "side": "buy", "size": "231.00000000", "price": "0.19462000", "time": "2025-07-15T14:20:33.439296Z", "fetched_at": "2025-07-15T14:23:24.843096+00:00", "symbol": "DOGE-USD"}, {"trade_id": 139124526, "side": "buy", "size": "924.40000000", "price": "0.19463000", "time": "2025-07-15T14:20:33.439296Z", "fetched_at": "2025-07-15T14:23:24.843096+00:00", "symbol": "DOGE-USD"}, {"trade_id": 139124525, "side": "buy", "size": "183.00000000", "price": "0.19463000", "time": "2025-07-15T14:20:33.439296Z", "fetched_at": "2025-07-15T14:23:24.843096+00:00", "symbol": "DOGE-USD"}, {"trade_id": 139124524, "side": "buy", "size": "304.70000000", "price": "0.19463000", "time": "2025-07-15T14:20:33.439296Z", "fetched_at": "2025-07-15T14:23:24.843096+00:00", "symbol": "DOGE-USD"}, {"trade_id": 139124523, "side": "sell", "size": "5.70000000", "price": "0.19462000", "time": "2025-07-15T14:20:33.416717Z", "fetched_at": "2025-07-15T14:23:24.843096+00:00", "symbol": "DOGE-USD"}, {"trade_id": 139124522, "side": "sell", "size": "5.70000000", "price": "0.19460000", "time": "2025-07-15T14:20:33.263015Z", "fetched_at": "2025-07-15T14:23:24.843096+00:00", "symbol": "DOGE-USD"}, {"trade_id": 139124521, "side": "sell", "size": "3550.90000000", "price": "0.19456000", "time": "2025-07-15T14:20:32.657447Z", "fetched_at": "2025-07-15T14:23:24.843096+00:00", "symbol": "DOGE-USD"}, {"trade_id": 139124520, "side": "sell", "size": "5.70000000", "price": "0.19456000", "time": "2025-07-15T14:20:32.657447Z", "fetched_at": "2025-07-15T14:23:24.843096+00:00", "symbol": "DOGE-USD"}, {"trade_id": 139124519, "side": "sell", "size": "16.20000000", "price": "0.19452000", "time": "2025-07-15T14:20:31.965219Z", "fetched_at": "2025-07-15T14:23:24.843096+00:00", "symbol": "DOGE-USD"}, {"trade_id": 139124518, "side": "sell", "size": "4358.80000000", "price": "0.19452000", "time": "2025-07-15T14:20:31.965219Z", "fetched_at": "2025-07-15T14:23:24.843096+00:00", "symbol": "DOGE-USD"}, {"trade_id": 139124517, "side": "buy", "size": "89.30000000", "price": "0.19448000", "time": "2025-07-15T14:20:30.828117Z", "fetched_at": "2025-07-15T14:23:24.843096+00:00", "symbol": "DOGE-USD"}, {"trade_id": 139124516, "side": "buy", "size": "5.70000000", "price": "0.19448000", "time": "2025-07-15T14:20:30.828117Z", "fetched_at": "2025-07-15T14:23:24.843096+00:00", "symbol": "DOGE-USD"}, {"trade_id": 139124515, "side": "buy", "size": "55.00000000", "price": "0.19449000", "time": "2025-07-15T14:20:30.828117Z", "fetched_at": "2025-07-15T14:23:24.843096+00:00", "symbol": "DOGE-USD"}, {"trade_id": 139124514, "side": "buy", "size": "5.70000000", "price": "0.19450000", "time": "2025-07-15T14:20:30.828117Z", "fetched_at": "2025-07-15T14:23:24.843096+00:00", "symbol": "DOGE-USD"}, {"trade_id": 139124513, "side": "sell", "size": "499.50000000", "price": "0.19453000", "time": "2025-07-15T14:20:29.056074Z", "fetched_at": "2025-07-15T14:23:24.843096+00:00", "symbol": "DOGE-USD"}, {"trade_id": 139124512, "side": "sell", "size": "712.60000000", "price": "0.19451000", "time": "2025-07-15T14:20:28.461848Z", "fetched_at": "2025-07-15T14:23:24.843096+00:00", "symbol": "DOGE-USD"}, {"trade_id": 139124511, "side": "sell", "size": "2000.00000000", "price": "0.19451000", "time": "2025-07-15T14:20:28.423913Z", "fetched_at": "2025-07-15T14:23:24.843096+00:00", "symbol": "DOGE-USD"}, {"trade_id": 139124510, "side": "sell", "size": "2674.20000000", "price": "0.19451000", "time": "2025-07-15T14:20:28.419129Z", "fetched_at": "2025-07-15T14:23:24.843096+00:00", "symbol": "DOGE-USD"}, {"trade_id": 139124509, "side": "buy", "size": "5.70000000", "price": "0.19452000", "time": "2025-07-15T14:20:27.410980Z", "fetched_at": "2025-07-15T14:23:24.843096+00:00", "symbol": "DOGE-USD"}, {"trade_id": 139124508, "side": "buy", "size": "5.70000000", "price": "0.19454000", "time": "2025-07-15T14:20:26.926405Z", "fetched_at": "2025-07-15T14:23:24.843096+00:00", "symbol": "DOGE-USD"}, {"trade_id": 139124507, "side": "buy", "size": "924.40000000", "price": "0.19455000", "time": "2025-07-15T14:20:25.847975Z", "fetched_at": "2025-07-15T14:23:24.843096+00:00", "symbol": "DOGE-USD"}, {"trade_id": 139124506, "side": "buy", "size": "924.40000000", "price": "0.19456000", "time": "2025-07-15T14:20:25.847975Z", "fetched_at": "2025-07-15T14:23:24.843096+00:00", "symbol": "DOGE-USD"}, {"trade_id": 139124505, "side": "sell", "size": "49.60000000", "price": "0.19457000", "time": "2025-07-15T14:20:24.681429Z", "fetched_at": "2025-07-15T14:23:24.843096+00:00", "symbol": "DOGE-USD"}, {"trade_id": 139124504, "side": "buy", "size": "20.30000000", "price": "0.19456000", "time": "2025-07-15T14:20:23.083715Z", "fetched_at": "2025-07-15T14:23:24.843096+00:00", "symbol": "DOGE-USD"}, {"trade_id": 139124503, "side": "buy", "size": "5.70000000", "price": "0.19456000", "time": "2025-07-15T14:20:23.083715Z", "fetched_at": "2025-07-15T14:23:24.843096+00:00", "symbol": "DOGE-USD"}, {"trade_id": 139124502, "side": "buy", "size": "5.70000000", "price": "0.19458000", "time": "2025-07-15T14:20:21.919170Z", "fetched_at": "2025-07-15T14:23:24.843096+00:00", "symbol": "DOGE-USD"}, {"trade_id": 139124501, "side": "buy", "size": "5.70000000", "price": "0.19460000", "time": "2025-07-15T14:20:21.853016Z", "fetched_at": "2025-07-15T14:23:24.843096+00:00", "symbol": "DOGE-USD"}, {"trade_id": 139124500, "side": "sell", "size": "8.50000000", "price": "0.19464000", "time": "2025-07-15T14:20:19.861134Z", "fetched_at": "2025-07-15T14:23:24.843096+00:00", "symbol": "DOGE-USD"}, {"trade_id": 139124499, "side": "sell", "size": "15.70000000", "price": "0.19464000", "time": "2025-07-15T14:20:19.861134Z", "fetched_at": "2025-07-15T14:23:24.843096+00:00", "symbol": "DOGE-USD"}, {"trade_id": 139124498, "side": "buy", "size": "5.70000000", "price": "0.19462000", "time": "2025-07-15T14:20:18.681395Z", "fetched_at": "2025-07-15T14:23:24.843096+00:00", "symbol": "DOGE-USD"}, {"trade_id": 139124497, "side": "sell", "size": "121.80000000", "price": "0.19465000", "time": "2025-07-15T14:20:16.939501Z", "fetched_at": "2025-07-15T14:23:24.843096+00:00", "symbol": "DOGE-USD"}, {"trade_id": 139124496, "side": "sell", "size": "24.20000000", "price": "0.19465000", "time": "2025-07-15T14:20:16.547028Z", "fetched_at": "2025-07-15T14:23:24.843096+00:00", "symbol": "DOGE-USD"}, {"trade_id": 139124495, "side": "sell", "size": "30.70000000", "price": "0.19466000", "time": "2025-07-15T14:20:15.673552Z", "fetched_at": "2025-07-15T14:23:24.843096+00:00", "symbol": "DOGE-USD"}, {"trade_id": 139124494, "side": "sell", "size": "18.90000000", "price": "0.19466000", "time": "2025-07-15T14:20:15.673552Z", "fetched_at": "2025-07-15T14:23:24.843096+00:00", "symbol": "DOGE-USD"}, {"trade_id": 139124493, "side": "sell", "size": "308.80000000", "price": "0.19467000", "time": "2025-07-15T14:20:14.903575Z", "fetched_at": "2025-07-15T14:23:24.843096+00:00", "symbol": "DOGE-USD"}, {"trade_id": 139124492, "side": "sell", "size": "7.40000000", "price": "0.19466000", "time": "2025-07-15T14:20:14.903575Z", "fetched_at": "2025-07-15T14:23:24.843096+00:00", "symbol": "DOGE-USD"}, {"trade_id": 139124491, "side": "sell", "size": "183.00000000", "price": "0.19465000", "time": "2025-07-15T14:20:14.903575Z", "fetched_at": "2025-07-15T14:23:24.843096+00:00", "symbol": "DOGE-USD"}, {"trade_id": 139124490, "side": "buy", "size": "54.90000000", "price": "0.19464000", "time": "2025-07-15T14:20:10.776853Z", "fetched_at": "2025-07-15T14:23:24.843096+00:00", "symbol": "DOGE-USD"}, {"trade_id": 139124489, "side": "sell", "size": "4878.70000000", "price": "0.19473000", "time": "2025-07-15T14:20:10.213946Z", "fetched_at": "2025-07-15T14:23:24.843096+00:00", "symbol": "DOGE-USD"}, {"trade_id": 139124488, "side": "sell", "size": "89.60000000", "price": "0.19473000", "time": "2025-07-15T14:20:10.213946Z", "fetched_at": "2025-07-15T14:23:24.843096+00:00", "symbol": "DOGE-USD"}, {"trade_id": 139124487, "side": "sell", "size": "1566.00000000", "price": "0.19473000", "time": "2025-07-15T14:20:10.213946Z", "fetched_at": "2025-07-15T14:23:24.843096+00:00", "symbol": "DOGE-USD"}, {"trade_id": 139124486, "side": "sell", "size": "1621.30000000", "price": "0.19472000", "time": "2025-07-15T14:20:10.213946Z", "fetched_at": "2025-07-15T14:23:24.843096+00:00", "symbol": "DOGE-USD"}, {"trade_id": 139124485, "side": "sell", "size": "464.60000000", "price": "0.19472000", "time": "2025-07-15T14:20:10.213946Z", "fetched_at": "2025-07-15T14:23:24.843096+00:00", "symbol": "DOGE-USD"}, {"trade_id": 139124484, "side": "sell", "size": "5.70000000", "price": "0.19472000", "time": "2025-07-15T14:20:10.213946Z", "fetched_at": "2025-07-15T14:23:24.843096+00:00", "symbol": "DOGE-USD"}, {"trade_id": 139124483, "side": "sell", "size": "1577.70000000", "price": "0.19471000", "time": "2025-07-15T14:20:10.213946Z", "fetched_at": "2025-07-15T14:23:24.843096+00:00", "symbol": "DOGE-USD"}, {"trade_id": 139124482, "side": "sell", "size": "20.60000000", "price": "0.19471000", "time": "2025-07-15T14:20:10.213946Z", "fetched_at": "2025-07-15T14:23:24.843096+00:00", "symbol": "DOGE-USD"}, {"trade_id": 139124481, "side": "sell", "size": "5.70000000", "price": "0.19470000", "time": "2025-07-15T14:20:10.213946Z", "fetched_at": "2025-07-15T14:23:24.843096+00:00", "symbol": "DOGE-USD"}, {"trade_id": 139124480, "side": "sell", "size": "5845.40000000", "price": "0.19468000", "time": "2025-07-15T14:20:10.083270Z", "fetched_at": "2025-07-15T14:23:24.843096+00:00", "symbol": "DOGE-USD"}, {"trade_id": 139124479, "side": "sell", "size": "5.70000000", "price": "0.19468000", "time": "2025-07-15T14:20:10.083270Z", "fetched_at": "2025-07-15T14:23:24.843096+00:00", "symbol": "DOGE-USD"}, {"trade_id": 139124478, "side": "buy", "size": "6289.30000000", "price": "0.19463000", "time": "2025-07-15T14:20:06.769888Z", "fetched_at": "2025-07-15T14:23:24.843096+00:00", "symbol": "DOGE-USD"}, {"trade_id": 139124477, "side": "buy", "size": "412.40000000", "price": "0.19463000", "time": "2025-07-15T14:20:06.769888Z", "fetched_at": "2025-07-15T14:23:24.843096+00:00", "symbol": "DOGE-USD"}, {"trade_id": 139124476, "side": "buy", "size": "3872.30000000", "price": "0.19464000", "time": "2025-07-15T14:20:06.769888Z", "fetched_at": "2025-07-15T14:23:24.843096+00:00", "symbol": "DOGE-USD"}, {"trade_id": 139124475, "side": "buy", "size": "6589.40000000", "price": "0.19464000", "time": "2025-07-15T14:20:06.769888Z", "fetched_at": "2025-07-15T14:23:24.843096+00:00", "symbol": "DOGE-USD"}, {"trade_id": 139124474, "side": "buy", "size": "54.90000000", "price": "0.19465000", "time": "2025-07-15T14:20:06.769888Z", "fetched_at": "2025-07-15T14:23:24.843096+00:00", "symbol": "DOGE-USD"}, {"trade_id": 139124473, "side": "buy", "size": "924.50000000", "price": "0.19466000", "time": "2025-07-15T14:20:06.769888Z", "fetched_at": "2025-07-15T14:23:24.843096+00:00", "symbol": "DOGE-USD"}, {"trade_id": 139124472, "side": "buy", "size": "1552.50000000", "price": "0.19467000", "time": "2025-07-15T14:20:06.769888Z", "fetched_at": "2025-07-15T14:23:24.843096+00:00", "symbol": "DOGE-USD"}, {"trade_id": 139124471, "side": "buy", "size": "304.70000000", "price": "0.19467000", "time": "2025-07-15T14:20:06.769888Z", "fetched_at": "2025-07-15T14:23:24.843096+00:00", "symbol": "DOGE-USD"}, {"trade_id": 139124470, "side": "sell", "size": "758.80000000", "price": "0.19463000", "time": "2025-07-15T14:20:06.387384Z", "fetched_at": "2025-07-15T14:23:24.843096+00:00", "symbol": "DOGE-USD"}, {"trade_id": 139124469, "side": "sell", "size": "2938.90000000", "price": "0.19463000", "time": "2025-07-15T14:20:06.383258Z", "fetched_at": "2025-07-15T14:23:24.843096+00:00", "symbol": "DOGE-USD"}, {"trade_id": 139124468, "side": "buy", "size": "9.90000000", "price": "0.19462000", "time": "2025-07-15T14:20:05.312210Z", "fetched_at": "2025-07-15T14:23:24.843096+00:00", "symbol": "DOGE-USD"}, {"trade_id": 139124467, "side": "buy", "size": "1748.80000000", "price": "0.19457000", "time": "2025-07-15T14:20:05.034973Z", "fetched_at": "2025-07-15T14:23:24.843096+00:00", "symbol": "DOGE-USD"}, {"trade_id": 139124466, "side": "buy", "size": "6590.80000000", "price": "0.19457000", "time": "2025-07-15T14:20:05.034973Z", "fetched_at": "2025-07-15T14:23:24.843096+00:00", "symbol": "DOGE-USD"}, {"trade_id": 139124465, "side": "buy", "size": "1773.80000000", "price": "0.19457000", "time": "2025-07-15T14:20:05.034973Z", "fetched_at": "2025-07-15T14:23:24.843096+00:00", "symbol": "DOGE-USD"}, {"trade_id": 139124464, "side": "buy", "size": "5.70000000", "price": "0.19458000", "time": "2025-07-15T14:20:05.034973Z", "fetched_at": "2025-07-15T14:23:24.843096+00:00", "symbol": "DOGE-USD"}, {"trade_id": 139124463, "side": "buy", "size": "6591.10000000", "price": "0.19458000", "time": "2025-07-15T14:20:05.034973Z", "fetched_at": "2025-07-15T14:23:24.843096+00:00", "symbol": "DOGE-USD"}, {"trade_id": 139124462, "side": "buy", "size": "3133.20000000", "price": "0.19458000", "time": "2025-07-15T14:20:05.034973Z", "fetched_at": "2025-07-15T14:23:24.843096+00:00", "symbol": "DOGE-USD"}, {"trade_id": 139124461, "side": "buy", "size": "1773.80000000", "price": "0.19458000", "time": "2025-07-15T14:20:05.034973Z", "fetched_at": "2025-07-15T14:23:24.843096+00:00", "symbol": "DOGE-USD"}, {"trade_id": 139124460, "side": "buy", "size": "1566.00000000", "price": "0.19458000", "time": "2025-07-15T14:20:05.034973Z", "fetched_at": "2025-07-15T14:23:24.843096+00:00", "symbol": "DOGE-USD"}, {"trade_id": 139124459, "side": "buy", "size": "6591.10000000", "price": "0.19459000", "time": "2025-07-15T14:20:05.034973Z", "fetched_at": "2025-07-15T14:23:24.843096+00:00", "symbol": "DOGE-USD"}, {"trade_id": 139124458, "side": "buy", "size": "3875.50000000", "price": "0.19459000", "time": "2025-07-15T14:20:05.034973Z", "fetched_at": "2025-07-15T14:23:24.843096+00:00", "symbol": "DOGE-USD"}, {"trade_id": 139124457, "side": "buy", "size": "54.90000000", "price": "0.19460000", "time": "2025-07-15T14:20:05.034973Z", "fetched_at": "2025-07-15T14:23:24.843096+00:00", "symbol": "DOGE-USD"}, {"trade_id": 139124456, "side": "buy", "size": "1381.20000000", "price": "0.19460000", "time": "2025-07-15T14:20:05.034973Z", "fetched_at": "2025-07-15T14:23:24.843096+00:00", "symbol": "DOGE-USD"}, {"trade_id": 139124455, "side": "buy", "size": "1567.90000000", "price": "0.19461000", "time": "2025-07-15T14:20:05.034973Z", "fetched_at": "2025-07-15T14:23:24.843096+00:00", "symbol": "DOGE-USD"}, {"trade_id": 139124454, "side": "buy", "size": "1411.20000000", "price": "0.19462000", "time": "2025-07-15T14:20:05.034973Z", "fetched_at": "2025-07-15T14:23:24.843096+00:00", "symbol": "DOGE-USD"}, {"trade_id": 139124453, "side": "buy", "size": "924.50000000", "price": "0.19462000", "time": "2025-07-15T14:20:05.034973Z", "fetched_at": "2025-07-15T14:23:24.843096+00:00", "symbol": "DOGE-USD"}, {"trade_id": 139124452, "side": "sell", "size": "57.40000000", "price": "0.19463000", "time": "2025-07-15T14:20:03.004917Z", "fetched_at": "2025-07-15T14:23:24.843096+00:00", "symbol": "DOGE-USD"}, {"trade_id": 139124451, "side": "buy", "size": "304.70000000", "price": "0.19464000", "time": "2025-07-15T14:20:02.553294Z", "fetched_at": "2025-07-15T14:23:24.843096+00:00", "symbol": "DOGE-USD"}, {"trade_id": 139124450, "side": "buy", "size": "924.50000000", "price": "0.19463000", "time": "2025-07-15T14:20:02.530523Z", "fetched_at": "2025-07-15T14:23:24.843096+00:00", "symbol": "DOGE-USD"}, {"trade_id": 139124449, "side": "buy", "size": "304.70000000", "price": "0.19464000", "time": "2025-07-15T14:20:02.530523Z", "fetched_at": "2025-07-15T14:23:24.843096+00:00", "symbol": "DOGE-USD"}, {"trade_id": 139124448, "side": "buy", "size": "18953.60000000", "price": "0.19460000", "time": "2025-07-15T14:20:00.763391Z", "fetched_at": "2025-07-15T14:23:24.843096+00:00", "symbol": "DOGE-USD"}, {"trade_id": 139124447, "side": "buy", "size": "54.10000000", "price": "0.19461000", "time": "2025-07-15T14:20:00.763391Z", "fetched_at": "2025-07-15T14:23:24.843096+00:00", "symbol": "DOGE-USD"}, {"trade_id": 139124446, "side": "buy", "size": "924.50000000", "price": "0.19462000", "time": "2025-07-15T14:20:00.748847Z", "fetched_at": "2025-07-15T14:23:24.843096+00:00", "symbol": "DOGE-USD"}, {"trade_id": 139124445, "side": "buy", "size": "924.50000000", "price": "0.19463000", "time": "2025-07-15T14:20:00.748847Z", "fetched_at": "2025-07-15T14:23:24.843096+00:00", "symbol": "DOGE-USD"}, {"trade_id": 139124444, "side": "sell", "size": "1566.00000000", "price": "0.19469000", "time": "2025-07-15T14:19:59.815002Z", "fetched_at": "2025-07-15T14:23:24.843096+00:00", "symbol": "DOGE-USD"}, {"trade_id": 139124443, "side": "sell", "size": "5.70000000", "price": "0.19468000", "time": "2025-07-15T14:19:59.815002Z", "fetched_at": "2025-07-15T14:23:24.843096+00:00", "symbol": "DOGE-USD"}, {"trade_id": 139124442, "side": "sell", "size": "924.50000000", "price": "0.19467000", "time": "2025-07-15T14:19:59.815002Z", "fetched_at": "2025-07-15T14:23:24.843096+00:00", "symbol": "DOGE-USD"}, {"trade_id": 139124441, "side": "sell", "size": "5.70000000", "price": "0.19466000", "time": "2025-07-15T14:19:59.815002Z", "fetched_at": "2025-07-15T14:23:24.843096+00:00", "symbol": "DOGE-USD"}, {"trade_id": 139124440, "side": "sell", "size": "1566.90000000", "price": "0.19465000", "time": "2025-07-15T14:19:59.815002Z", "fetched_at": "2025-07-15T14:23:24.843096+00:00", "symbol": "DOGE-USD"}, {"trade_id": 139124439, "side": "sell", "size": "2500.00000000", "price": "0.19465000", "time": "2025-07-15T14:19:59.815002Z", "fetched_at": "2025-07-15T14:23:24.843096+00:00", "symbol": "DOGE-USD"}, {"trade_id": 139124438, "side": "sell", "size": "2920.50000000", "price": "0.19465000", "time": "2025-07-15T14:19:59.808926Z", "fetched_at": "2025-07-15T14:23:24.843096+00:00", "symbol": "DOGE-USD"}, {"trade_id": 139124437, "side": "sell", "size": "5.70000000", "price": "0.19464000", "time": "2025-07-15T14:19:59.808926Z", "fetched_at": "2025-07-15T14:23:24.843096+00:00", "symbol": "DOGE-USD"}, {"trade_id": 139124436, "side": "sell", "size": "9.10000000", "price": "0.19463000", "time": "2025-07-15T14:19:59.808926Z", "fetched_at": "2025-07-15T14:23:24.843096+00:00", "symbol": "DOGE-USD"}, {"trade_id": 139124435, "side": "sell", "size": "5.70000000", "price": "0.19462000", "time": "2025-07-15T14:19:59.808926Z", "fetched_at": "2025-07-15T14:23:24.843096+00:00", "symbol": "DOGE-USD"}, {"trade_id": 139124434, "side": "sell", "size": "5.70000000", "price": "0.19460000", "time": "2025-07-15T14:19:59.808926Z", "fetched_at": "2025-07-15T14:23:24.843096+00:00", "symbol": "DOGE-USD"}, {"trade_id": 139124433, "side": "sell", "size": "15.00000000", "price": "0.19458000", "time": "2025-07-15T14:19:59.584294Z", "fetched_at": "2025-07-15T14:23:24.843096+00:00", "symbol": "DOGE-USD"}, {"trade_id": 139124432, "side": "sell", "size": "5701.30000000", "price": "0.19458000", "time": "2025-07-15T14:19:59.582382Z", "fetched_at": "2025-07-15T14:23:24.843096+00:00", "symbol": "DOGE-USD"}, {"trade_id": 139124431, "side": "sell", "size": "5.70000000", "price": "0.19458000", "time": "2025-07-15T14:19:59.582382Z", "fetched_at": "2025-07-15T14:23:24.843096+00:00", "symbol": "DOGE-USD"}, {"trade_id": 139124430, "side": "sell", "size": "5.70000000", "price": "0.19456000", "time": "2025-07-15T14:19:58.224154Z", "fetched_at": "2025-07-15T14:23:24.843096+00:00", "symbol": "DOGE-USD"}, {"trade_id": 139124429, "side": "sell", "size": "6948.00000000", "price": "0.19454000", "time": "2025-07-15T14:19:57.917045Z", "fetched_at": "2025-07-15T14:23:24.843096+00:00", "symbol": "DOGE-USD"}, {"trade_id": 139124428, "side": "sell", "size": "5.70000000", "price": "0.19454000", "time": "2025-07-15T14:19:57.917045Z", "fetched_at": "2025-07-15T14:23:24.843096+00:00", "symbol": "DOGE-USD"}, {"trade_id": 139124427, "side": "sell", "size": "1712.10000000", "price": "0.19451000", "time": "2025-07-15T14:19:56.864931Z", "fetched_at": "2025-07-15T14:23:24.843096+00:00", "symbol": "DOGE-USD"}, {"trade_id": 139124426, "side": "buy", "size": "304.70000000", "price": "0.19452000", "time": "2025-07-15T14:19:56.700585Z", "fetched_at": "2025-07-15T14:23:24.843096+00:00", "symbol": "DOGE-USD"}, {"trade_id": 139124425, "side": "buy", "size": "304.70000000", "price": "0.19452000", "time": "2025-07-15T14:19:56.658337Z", "fetched_at": "2025-07-15T14:23:24.843096+00:00", "symbol": "DOGE-USD"}, {"trade_id": 139124424, "side": "buy", "size": "304.70000000", "price": "0.19452000", "time": "2025-07-15T14:19:56.604304Z", "fetched_at": "2025-07-15T14:23:24.843096+00:00", "symbol": "DOGE-USD"}, {"trade_id": 139124423, "side": "buy", "size": "304.70000000", "price": "0.19452000", "time": "2025-07-15T14:19:56.562Z", "fetched_at": "2025-07-15T14:23:24.843096+00:00", "symbol": "DOGE-USD"}, {"trade_id": 139124422, "side": "buy", "size": "304.70000000", "price": "0.19451000", "time": "2025-07-15T14:19:56.528361Z", "fetched_at": "2025-07-15T14:23:24.843096+00:00", "symbol": "DOGE-USD"}, {"trade_id": 139124421, "side": "buy", "size": "1536.30000000", "price": "0.19451000", "time": "2025-07-15T14:19:56.513271Z", "fetched_at": "2025-07-15T14:23:24.843096+00:00", "symbol": "DOGE-USD"}, {"trade_id": 139124420, "side": "buy", "size": "1513.40000000", "price": "0.19452000", "time": "2025-07-15T14:19:56.495430Z", "fetched_at": "2025-07-15T14:23:24.843096+00:00", "symbol": "DOGE-USD"}, {"trade_id": 139124419, "side": "buy", "size": "304.70000000", "price": "0.19452000", "time": "2025-07-15T14:19:56.495430Z", "fetched_at": "2025-07-15T14:23:24.843096+00:00", "symbol": "DOGE-USD"}, {"trade_id": 139124418, "side": "sell", "size": "7271.00000000", "price": "0.19454000", "time": "2025-07-15T14:19:54.050651Z", "fetched_at": "2025-07-15T14:23:24.843096+00:00", "symbol": "DOGE-USD"}, {"trade_id": 139124417, "side": "sell", "size": "6597.20000000", "price": "0.19454000", "time": "2025-07-15T14:19:54.050651Z", "fetched_at": "2025-07-15T14:23:24.843096+00:00", "symbol": "DOGE-USD"}, {"trade_id": 139124416, "side": "sell", "size": "5000.00000000", "price": "0.19454000", "time": "2025-07-15T14:19:54.050651Z", "fetched_at": "2025-07-15T14:23:24.843096+00:00", "symbol": "DOGE-USD"}, {"trade_id": 139124415, "side": "sell", "size": "2500.00000000", "price": "0.19454000", "time": "2025-07-15T14:19:54.050651Z", "fetched_at": "2025-07-15T14:23:24.843096+00:00", "symbol": "DOGE-USD"}, {"trade_id": 139124414, "side": "sell", "size": "1566.00000000", "price": "0.19454000", "time": "2025-07-15T14:19:54.050651Z", "fetched_at": "2025-07-15T14:23:24.843096+00:00", "symbol": "DOGE-USD"}, {"trade_id": 139124413, "side": "sell", "size": "5.70000000", "price": "0.19454000", "time": "2025-07-15T14:19:54.050651Z", "fetched_at": "2025-07-15T14:23:24.843096+00:00", "symbol": "DOGE-USD"}, {"trade_id": 139124412, "side": "sell", "size": "924.50000000", "price": "0.19453000", "time": "2025-07-15T14:19:54.050651Z", "fetched_at": "2025-07-15T14:23:24.843096+00:00", "symbol": "DOGE-USD"}, {"trade_id": 139124411, "side": "sell", "size": "6597.20000000", "price": "0.19453000", "time": "2025-07-15T14:19:54.050651Z", "fetched_at": "2025-07-15T14:23:24.843096+00:00", "symbol": "DOGE-USD"}, {"trade_id": 139124410, "side": "sell", "size": "2500.00000000", "price": "0.19453000", "time": "2025-07-15T14:19:54.050651Z", "fetched_at": "2025-07-15T14:23:24.843096+00:00", "symbol": "DOGE-USD"}, {"trade_id": 139124409, "side": "sell", "size": "3877.60000000", "price": "0.19452000", "time": "2025-07-15T14:19:54.050651Z", "fetched_at": "2025-07-15T14:23:24.843096+00:00", "symbol": "DOGE-USD"}, {"trade_id": 139124408, "side": "sell", "size": "5.70000000", "price": "0.19452000", "time": "2025-07-15T14:19:54.050651Z", "fetched_at": "2025-07-15T14:23:24.843096+00:00", "symbol": "DOGE-USD"}, {"trade_id": 139124407, "side": "sell", "size": "1508.90000000", "price": "0.19451000", "time": "2025-07-15T14:19:54.050651Z", "fetched_at": "2025-07-15T14:23:24.843096+00:00", "symbol": "DOGE-USD"}, {"trade_id": 139124406, "side": "sell", "size": "1453.10000000", "price": "0.19450000", "time": "2025-07-15T14:19:54.050651Z", "fetched_at": "2025-07-15T14:23:24.843096+00:00", "symbol": "DOGE-USD"}, {"trade_id": 139124405, "side": "sell", "size": "5.70000000", "price": "0.19450000", "time": "2025-07-15T14:19:54.050651Z", "fetched_at": "2025-07-15T14:23:24.843096+00:00", "symbol": "DOGE-USD"}, {"trade_id": 139124404, "side": "sell", "size": "12744.20000000", "price": "0.19450000", "time": "2025-07-15T14:19:54.050651Z", "fetched_at": "2025-07-15T14:23:24.843096+00:00", "symbol": "DOGE-USD"}, {"trade_id": 139124403, "side": "sell", "size": "11.70000000", "price": "0.19449000", "time": "2025-07-15T14:19:54.050651Z", "fetched_at": "2025-07-15T14:23:24.843096+00:00", "symbol": "DOGE-USD"}, {"trade_id": 139124402, "side": "sell", "size": "5.70000000", "price": "0.19448000", "time": "2025-07-15T14:19:54.050651Z", "fetched_at": "2025-07-15T14:23:24.843096+00:00", "symbol": "DOGE-USD"}, {"trade_id": 139124401, "side": "sell", "size": "8877.10000000", "price": "0.19445000", "time": "2025-07-15T14:19:53.464098Z", "fetched_at": "2025-07-15T14:23:24.843096+00:00", "symbol": "DOGE-USD"}, {"trade_id": 139124400, "side": "sell", "size": "7525.00000000", "price": "0.19445000", "time": "2025-07-15T14:19:53.464064Z", "fetched_at": "2025-07-15T14:23:24.843096+00:00", "symbol": "DOGE-USD"}, {"trade_id": 139124399, "side": "sell", "size": "5710.90000000", "price": "0.19445000", "time": "2025-07-15T14:19:53.463062Z", "fetched_at": "2025-07-15T14:23:24.843096+00:00", "symbol": "DOGE-USD"}, {"trade_id": 139124398, "side": "sell", "size": "2447.90000000", "price": "0.19445000", "time": "2025-07-15T14:19:53.462576Z", "fetched_at": "2025-07-15T14:23:24.843096+00:00", "symbol": "DOGE-USD"}, {"trade_id": 139124397, "side": "sell", "size": "2227.00000000", "price": "0.19445000", "time": "2025-07-15T14:19:53.462549Z", "fetched_at": "2025-07-15T14:23:24.843096+00:00", "symbol": "DOGE-USD"}, {"trade_id": 139124396, "side": "sell", "size": "7771.70000000", "price": "0.19445000", "time": "2025-07-15T14:19:53.460676Z", "fetched_at": "2025-07-15T14:23:24.843096+00:00", "symbol": "DOGE-USD"}, {"trade_id": 139124395, "side": "sell", "size": "11379.70000000", "price": "0.19445000", "time": "2025-07-15T14:19:53.459857Z", "fetched_at": "2025-07-15T14:23:24.843096+00:00", "symbol": "DOGE-USD"}, {"trade_id": 139124394, "side": "sell", "size": "6546.60000000", "price": "0.19445000", "time": "2025-07-15T14:19:53.358409Z", "fetched_at": "2025-07-15T14:23:24.843096+00:00", "symbol": "DOGE-USD"}, {"trade_id": 139124393, "side": "sell", "size": "6586.40000000", "price": "0.19445000", "time": "2025-07-15T14:19:53.355090Z", "fetched_at": "2025-07-15T14:23:24.843096+00:00", "symbol": "DOGE-USD"}, {"trade_id": 139124392, "side": "sell", "size": "19020.60000000", "price": "0.19445000", "time": "2025-07-15T14:19:53.354407Z", "fetched_at": "2025-07-15T14:23:24.843096+00:00", "symbol": "DOGE-USD"}, {"trade_id": 139124391, "side": "sell", "size": "2498.00000000", "price": "0.19444000", "time": "2025-07-15T14:19:53.164920Z", "fetched_at": "2025-07-15T14:23:24.843096+00:00", "symbol": "DOGE-USD"}, {"trade_id": 139124390, "side": "buy", "size": "788.00000000", "price": "0.19444000", "time": "2025-07-15T14:19:53.067331Z", "fetched_at": "2025-07-15T14:23:24.843096+00:00", "symbol": "DOGE-USD"}, {"trade_id": 139124389, "side": "buy", "size": "304.70000000", "price": "0.19444000", "time": "2025-07-15T14:19:53.067331Z", "fetched_at": "2025-07-15T14:23:24.843096+00:00", "symbol": "DOGE-USD"}, {"trade_id": 139124388, "side": "buy", "size": "183.00000000", "price": "0.19444000", "time": "2025-07-15T14:19:53.067331Z", "fetched_at": "2025-07-15T14:23:24.843096+00:00", "symbol": "DOGE-USD"}, {"trade_id": 139124387, "side": "buy", "size": "1611.60000000", "price": "0.19444000", "time": "2025-07-15T14:19:53.067331Z", "fetched_at": "2025-07-15T14:23:24.843096+00:00", "symbol": "DOGE-USD"}, {"trade_id": 139124386, "side": "buy", "size": "105.90000000", "price": "0.19446000", "time": "2025-07-15T14:19:49.518573Z", "fetched_at": "2025-07-15T14:23:24.843096+00:00", "symbol": "DOGE-USD"}, {"trade_id": 139124385, "side": "buy", "size": "839.50000000", "price": "0.19445000", "time": "2025-07-15T14:19:47.636920Z", "fetched_at": "2025-07-15T14:23:24.843096+00:00", "symbol": "DOGE-USD"}, {"trade_id": 139124384, "side": "buy", "size": "304.70000000", "price": "0.19446000", "time": "2025-07-15T14:19:47.636920Z", "fetched_at": "2025-07-15T14:23:24.843096+00:00", "symbol": "DOGE-USD"}, {"trade_id": 139124383, "side": "buy", "size": "55.00000000", "price": "0.19445000", "time": "2025-07-15T14:19:47.554697Z", "fetched_at": "2025-07-15T14:23:24.843096+00:00", "symbol": "DOGE-USD"}, {"trade_id": 139124382, "side": "buy", "size": "1466.90000000", "price": "0.19445000", "time": "2025-07-15T14:19:47.554697Z", "fetched_at": "2025-07-15T14:23:24.843096+00:00", "symbol": "DOGE-USD"}, {"trade_id": 139124381, "side": "buy", "size": "304.70000000", "price": "0.19446000", "time": "2025-07-15T14:19:47.530053Z", "fetched_at": "2025-07-15T14:23:24.843096+00:00", "symbol": "DOGE-USD"}, {"trade_id": 139124380, "side": "buy", "size": "304.70000000", "price": "0.19447000", "time": "2025-07-15T14:19:47.504558Z", "fetched_at": "2025-07-15T14:23:24.843096+00:00", "symbol": "DOGE-USD"}, {"trade_id": 139124379, "side": "buy", "size": "1603.70000000", "price": "0.19445000", "time": "2025-07-15T14:19:47.416071Z", "fetched_at": "2025-07-15T14:23:24.843096+00:00", "symbol": "DOGE-USD"}, {"trade_id": 139124378, "side": "buy", "size": "1542.80000000", "price": "0.19445000", "time": "2025-07-15T14:19:47.416071Z", "fetched_at": "2025-07-15T14:23:24.843096+00:00", "symbol": "DOGE-USD"}, {"trade_id": 139124377, "side": "buy", "size": "40.90000000", "price": "0.19442000", "time": "2025-07-15T14:19:46.015227Z", "fetched_at": "2025-07-15T14:23:24.843096+00:00", "symbol": "DOGE-USD"}, {"trade_id": 139124376, "side": "buy", "size": "5.70000000", "price": "0.19442000", "time": "2025-07-15T14:19:46.015227Z", "fetched_at": "2025-07-15T14:23:24.843096+00:00", "symbol": "DOGE-USD"}, {"trade_id": 139124375, "side": "buy", "size": "5.70000000", "price": "0.19444000", "time": "2025-07-15T14:19:46.015227Z", "fetched_at": "2025-07-15T14:23:24.843096+00:00", "symbol": "DOGE-USD"}, {"trade_id": 139124374, "side": "sell", "size": "264.60000000", "price": "0.19446000", "time": "2025-07-15T14:19:44.043933Z", "fetched_at": "2025-07-15T14:23:24.843096+00:00", "symbol": "DOGE-USD"}, {"trade_id": 139124373, "side": "sell", "size": "2739.50000000", "price": "0.19445000", "time": "2025-07-15T14:19:44.020766Z", "fetched_at": "2025-07-15T14:23:24.843096+00:00", "symbol": "DOGE-USD"}, {"trade_id": 139124372, "side": "sell", "size": "4397.50000000", "price": "0.19445000", "time": "2025-07-15T14:19:44.019918Z", "fetched_at": "2025-07-15T14:23:24.843096+00:00", "symbol": "DOGE-USD"}, {"trade_id": 139124371, "side": "buy", "size": "5.70000000", "price": "0.19446000", "time": "2025-07-15T14:19:42.497200Z", "fetched_at": "2025-07-15T14:23:24.843096+00:00", "symbol": "DOGE-USD"}, {"trade_id": 139124370, "side": "buy", "size": "304.70000000", "price": "0.19449000", "time": "2025-07-15T14:19:39.440908Z", "fetched_at": "2025-07-15T14:23:24.843096+00:00", "symbol": "DOGE-USD"}, {"trade_id": 139124369, "side": "buy", "size": "304.70000000", "price": "0.19449000", "time": "2025-07-15T14:19:39.422685Z", "fetched_at": "2025-07-15T14:23:24.843096+00:00", "symbol": "DOGE-USD"}, {"trade_id": 139124368, "side": "buy", "size": "1380.30000000", "price": "0.19449000", "time": "2025-07-15T14:19:39.422685Z", "fetched_at": "2025-07-15T14:23:24.843096+00:00", "symbol": "DOGE-USD"}, {"trade_id": 139124367, "side": "buy", "size": "304.70000000", "price": "0.19449000", "time": "2025-07-15T14:19:39.399061Z", "fetched_at": "2025-07-15T14:23:24.843096+00:00", "symbol": "DOGE-USD"}, {"trade_id": 139124366, "side": "buy", "size": "304.70000000", "price": "0.19449000", "time": "2025-07-15T14:19:39.315324Z", "fetched_at": "2025-07-15T14:23:24.843096+00:00", "symbol": "DOGE-USD"}, {"trade_id": 139124365, "side": "buy", "size": "183.00000000", "price": "0.19449000", "time": "2025-07-15T14:19:39.315324Z", "fetched_at": "2025-07-15T14:23:24.843096+00:00", "symbol": "DOGE-USD"}, {"trade_id": 139124364, "side": "sell", "size": "5.70000000", "price": "0.19450000", "time": "2025-07-15T14:19:33.297809Z", "fetched_at": "2025-07-15T14:23:24.843096+00:00", "symbol": "DOGE-USD"}, {"trade_id": 139124363, "side": "sell", "size": "5.70000000", "price": "0.19448000", "time": "2025-07-15T14:19:33.131569Z", "fetched_at": "2025-07-15T14:23:24.843096+00:00", "symbol": "DOGE-USD"}, {"trade_id": 139124362, "side": "sell", "size": "5.70000000", "price": "0.19446000", "time": "2025-07-15T14:19:33.054574Z", "fetched_at": "2025-07-15T14:23:24.843096+00:00", "symbol": "DOGE-USD"}, {"trade_id": 139124361, "side": "sell", "size": "5.70000000", "price": "0.19444000", "time": "2025-07-15T14:19:32.743658Z", "fetched_at": "2025-07-15T14:23:24.843096+00:00", "symbol": "DOGE-USD"}, {"trade_id": 139124360, "side": "sell", "size": "12561.60000000", "price": "0.19444000", "time": "2025-07-15T14:19:32.743658Z", "fetched_at": "2025-07-15T14:23:24.843096+00:00", "symbol": "DOGE-USD"}, {"trade_id": 139124359, "side": "sell", "size": "2868.50000000", "price": "0.19444000", "time": "2025-07-15T14:19:32.732733Z", "fetched_at": "2025-07-15T14:23:24.843096+00:00", "symbol": "DOGE-USD"}, {"trade_id": 139124358, "side": "sell", "size": "6451.10000000", "price": "0.19443000", "time": "2025-07-15T14:19:32.660390Z", "fetched_at": "2025-07-15T14:23:24.843096+00:00", "symbol": "DOGE-USD"}, {"trade_id": 139124357, "side": "sell", "size": "999.00000000", "price": "0.19443000", "time": "2025-07-15T14:19:32.660390Z", "fetched_at": "2025-07-15T14:23:24.843096+00:00", "symbol": "DOGE-USD"}, {"trade_id": 139124356, "side": "sell", "size": "6273.40000000", "price": "0.19442000", "time": "2025-07-15T14:19:32.125030Z", "fetched_at": "2025-07-15T14:23:24.843096+00:00", "symbol": "DOGE-USD"}, {"trade_id": 139124355, "side": "sell", "size": "5.70000000", "price": "0.19442000", "time": "2025-07-15T14:19:32.125030Z", "fetched_at": "2025-07-15T14:23:24.843096+00:00", "symbol": "DOGE-USD"}, {"trade_id": 139124354, "side": "buy", "size": "480.60000000", "price": "0.19441000", "time": "2025-07-15T14:19:31.463158Z", "fetched_at": "2025-07-15T14:23:24.843096+00:00", "symbol": "DOGE-USD"}, {"trade_id": 139124353, "side": "buy", "size": "304.70000000", "price": "0.19441000", "time": "2025-07-15T14:19:31.463158Z", "fetched_at": "2025-07-15T14:23:24.843096+00:00", "symbol": "DOGE-USD"}, {"trade_id": 139124352, "side": "sell", "size": "5.70000000", "price": "0.19440000", "time": "2025-07-15T14:19:30.842187Z", "fetched_at": "2025-07-15T14:23:24.843096+00:00", "symbol": "DOGE-USD"}, {"trade_id": 139124351, "side": "sell", "size": "332.90000000", "price": "0.19435000", "time": "2025-07-15T14:19:27.424600Z", "fetched_at": "2025-07-15T14:23:24.843096+00:00", "symbol": "DOGE-USD"}, {"trade_id": 139124350, "side": "sell", "size": "208.30000000", "price": "0.19435000", "time": "2025-07-15T14:19:27.423911Z", "fetched_at": "2025-07-15T14:23:24.843096+00:00", "symbol": "DOGE-USD"}, {"trade_id": 139124349, "side": "buy", "size": "695.30000000", "price": "0.19434000", "time": "2025-07-15T14:19:27.257751Z", "fetched_at": "2025-07-15T14:23:24.843096+00:00", "symbol": "DOGE-USD"}, {"trade_id": 139124348, "side": "buy", "size": "304.70000000", "price": "0.19434000", "time": "2025-07-15T14:19:27.257751Z", "fetched_at": "2025-07-15T14:23:24.843096+00:00", "symbol": "DOGE-USD"}, {"trade_id": 139124347, "side": "sell", "size": "12762.10000000", "price": "0.19434000", "time": "2025-07-15T14:19:26.940838Z", "fetched_at": "2025-07-15T14:23:24.843096+00:00", "symbol": "DOGE-USD"}, {"trade_id": 139124346, "side": "buy", "size": "924.50000000", "price": "0.19434000", "time": "2025-07-15T14:19:26.934338Z", "fetched_at": "2025-07-15T14:23:24.843096+00:00", "symbol": "DOGE-USD"}, {"trade_id": 139124345, "side": "buy", "size": "1486.10000000", "price": "0.19434000", "time": "2025-07-15T14:19:26.934338Z", "fetched_at": "2025-07-15T14:23:24.843096+00:00", "symbol": "DOGE-USD"}, {"trade_id": 139124344, "side": "buy", "size": "1493.60000000", "price": "0.19434000", "time": "2025-07-15T14:19:26.934338Z", "fetched_at": "2025-07-15T14:23:24.843096+00:00", "symbol": "DOGE-USD"}, {"trade_id": 139124343, "side": "buy", "size": "5.70000000", "price": "0.19434000", "time": "2025-07-15T14:19:26.934338Z", "fetched_at": "2025-07-15T14:23:24.843096+00:00", "symbol": "DOGE-USD"}, {"trade_id": 139124342, "side": "sell", "size": "6346.60000000", "price": "0.19435000", "time": "2025-07-15T14:19:26.541524Z", "fetched_at": "2025-07-15T14:23:24.843096+00:00", "symbol": "DOGE-USD"}, {"trade_id": 139124341, "side": "buy", "size": "5.70000000", "price": "0.19436000", "time": "2025-07-15T14:19:21.785472Z", "fetched_at": "2025-07-15T14:23:24.843096+00:00", "symbol": "DOGE-USD"}, {"trade_id": 139124340, "side": "buy", "size": "5.70000000", "price": "0.19438000", "time": "2025-07-15T14:19:21.777064Z", "fetched_at": "2025-07-15T14:23:24.843096+00:00", "symbol": "DOGE-USD"}, {"trade_id": 139124339, "side": "buy", "size": "924.50000000", "price": "0.19439000", "time": "2025-07-15T14:19:21.396678Z", "fetched_at": "2025-07-15T14:23:24.843096+00:00", "symbol": "DOGE-USD"}, {"trade_id": 139124338, "side": "sell", "size": "14431.10000000", "price": "0.19443000", "time": "2025-07-15T14:19:19.947148Z", "fetched_at": "2025-07-15T14:23:24.843096+00:00", "symbol": "DOGE-USD"}, {"trade_id": 139124337, "side": "sell", "size": "15430.10000000", "price": "0.19442000", "time": "2025-07-15T14:19:19.899755Z", "fetched_at": "2025-07-15T14:23:24.843096+00:00", "symbol": "DOGE-USD"}, {"trade_id": 139124336, "side": "sell", "size": "7016.60000000", "price": "0.19442000", "time": "2025-07-15T14:19:19.899755Z", "fetched_at": "2025-07-15T14:23:24.843096+00:00", "symbol": "DOGE-USD"}, {"trade_id": 139124335, "side": "sell", "size": "49.60000000", "price": "0.19442000", "time": "2025-07-15T14:19:19.623170Z", "fetched_at": "2025-07-15T14:23:24.843096+00:00", "symbol": "DOGE-USD"}, {"trade_id": 139124334, "side": "buy", "size": "52.40000000", "price": "0.19440000", "time": "2025-07-15T14:19:19.432777Z", "fetched_at": "2025-07-15T14:23:24.843096+00:00", "symbol": "DOGE-USD"}, {"trade_id": 139124333, "side": "buy", "size": "172.40000000", "price": "0.19441000", "time": "2025-07-15T14:19:18.339508Z", "fetched_at": "2025-07-15T14:23:24.843096+00:00", "symbol": "DOGE-USD"}