[{"trade_id": 139133967, "side": "sell", "size": "931.10000000", "price": "0.19049000", "time": "2025-07-15T15:20:15.410190Z", "fetched_at": "2025-07-15T15:20:18.515612+00:00", "symbol": "DOGE-USD"}, {"trade_id": 139133966, "side": "sell", "size": "2000.00000000", "price": "0.19049000", "time": "2025-07-15T15:20:15.410190Z", "fetched_at": "2025-07-15T15:20:18.515612+00:00", "symbol": "DOGE-USD"}, {"trade_id": 139133965, "side": "buy", "size": "5.80000000", "price": "0.19050000", "time": "2025-07-15T15:20:14.248453Z", "fetched_at": "2025-07-15T15:20:18.515612+00:00", "symbol": "DOGE-USD"}, {"trade_id": 139133964, "side": "buy", "size": "5.80000000", "price": "0.19052000", "time": "2025-07-15T15:20:13.838505Z", "fetched_at": "2025-07-15T15:20:18.515612+00:00", "symbol": "DOGE-USD"}, {"trade_id": 139133963, "side": "buy", "size": "78.90000000", "price": "0.19053000", "time": "2025-07-15T15:20:13.834825Z", "fetched_at": "2025-07-15T15:20:18.515612+00:00", "symbol": "DOGE-USD"}, {"trade_id": 139133962, "side": "buy", "size": "5.80000000", "price": "0.19054000", "time": "2025-07-15T15:20:13.801183Z", "fetched_at": "2025-07-15T15:20:18.515612+00:00", "symbol": "DOGE-USD"}, {"trade_id": 139133961, "side": "buy", "size": "5.80000000", "price": "0.19056000", "time": "2025-07-15T15:20:12.791448Z", "fetched_at": "2025-07-15T15:20:18.515612+00:00", "symbol": "DOGE-USD"}, {"trade_id": 139133960, "side": "buy", "size": "5.80000000", "price": "0.19058000", "time": "2025-07-15T15:20:11.944641Z", "fetched_at": "2025-07-15T15:20:18.515612+00:00", "symbol": "DOGE-USD"}, {"trade_id": 139133959, "side": "buy", "size": "5.80000000", "price": "0.19060000", "time": "2025-07-15T15:20:11.369375Z", "fetched_at": "2025-07-15T15:20:18.515612+00:00", "symbol": "DOGE-USD"}, {"trade_id": 139133958, "side": "buy", "size": "5.80000000", "price": "0.19062000", "time": "2025-07-15T15:20:10.768367Z", "fetched_at": "2025-07-15T15:20:18.515612+00:00", "symbol": "DOGE-USD"}, {"trade_id": 139133957, "side": "buy", "size": "5.80000000", "price": "0.19064000", "time": "2025-07-15T15:20:10.358468Z", "fetched_at": "2025-07-15T15:20:18.515612+00:00", "symbol": "DOGE-USD"}, {"trade_id": 139133956, "side": "buy", "size": "111.40000000", "price": "0.19065000", "time": "2025-07-15T15:20:10.350120Z", "fetched_at": "2025-07-15T15:20:18.515612+00:00", "symbol": "DOGE-USD"}, {"trade_id": 139133955, "side": "buy", "size": "5.80000000", "price": "0.19066000", "time": "2025-07-15T15:20:10.325013Z", "fetched_at": "2025-07-15T15:20:18.515612+00:00", "symbol": "DOGE-USD"}, {"trade_id": 139133954, "side": "buy", "size": "5.80000000", "price": "0.19068000", "time": "2025-07-15T15:20:08.181770Z", "fetched_at": "2025-07-15T15:20:18.515612+00:00", "symbol": "DOGE-USD"}, {"trade_id": 139133953, "side": "sell", "size": "2.40000000", "price": "0.19070000", "time": "2025-07-15T15:20:02.371489Z", "fetched_at": "2025-07-15T15:20:18.515612+00:00", "symbol": "DOGE-USD"}, {"trade_id": 139133952, "side": "sell", "size": "874.20000000", "price": "0.19067000", "time": "2025-07-15T15:20:02.155282Z", "fetched_at": "2025-07-15T15:20:18.515612+00:00", "symbol": "DOGE-USD"}, {"trade_id": 139133951, "side": "sell", "size": "240.70000000", "price": "0.19067000", "time": "2025-07-15T15:20:02.144471Z", "fetched_at": "2025-07-15T15:20:18.515612+00:00", "symbol": "DOGE-USD"}, {"trade_id": 139133950, "side": "buy", "size": "5.80000000", "price": "0.19068000", "time": "2025-07-15T15:20:00.431928Z", "fetched_at": "2025-07-15T15:20:18.515612+00:00", "symbol": "DOGE-USD"}, {"trade_id": 139133949, "side": "buy", "size": "5.80000000", "price": "0.19070000", "time": "2025-07-15T15:20:00.346801Z", "fetched_at": "2025-07-15T15:20:18.515612+00:00", "symbol": "DOGE-USD"}, {"trade_id": 139133948, "side": "sell", "size": "634.40000000", "price": "0.19074000", "time": "2025-07-15T15:19:56.021741Z", "fetched_at": "2025-07-15T15:20:18.515612+00:00", "symbol": "DOGE-USD"}, {"trade_id": 139133947, "side": "sell", "size": "1311.10000000", "price": "0.19074000", "time": "2025-07-15T15:19:53.590047Z", "fetched_at": "2025-07-15T15:20:18.515612+00:00", "symbol": "DOGE-USD"}, {"trade_id": 139133946, "side": "sell", "size": "5.80000000", "price": "0.19074000", "time": "2025-07-15T15:19:53.590047Z", "fetched_at": "2025-07-15T15:20:18.515612+00:00", "symbol": "DOGE-USD"}, {"trade_id": 139133945, "side": "sell", "size": "5.80000000", "price": "0.19072000", "time": "2025-07-15T15:19:52.843718Z", "fetched_at": "2025-07-15T15:20:18.515612+00:00", "symbol": "DOGE-USD"}, {"trade_id": 139133944, "side": "buy", "size": "5.80000000", "price": "0.19068000", "time": "2025-07-15T15:19:51.991803Z", "fetched_at": "2025-07-15T15:20:18.515612+00:00", "symbol": "DOGE-USD"}, {"trade_id": 139133943, "side": "buy", "size": "19685.30000000", "price": "0.19068000", "time": "2025-07-15T15:19:51.991803Z", "fetched_at": "2025-07-15T15:20:18.515612+00:00", "symbol": "DOGE-USD"}, {"trade_id": 139133942, "side": "buy", "size": "26.50000000", "price": "0.19069000", "time": "2025-07-15T15:19:51.991803Z", "fetched_at": "2025-07-15T15:20:18.515612+00:00", "symbol": "DOGE-USD"}, {"trade_id": 139133941, "side": "buy", "size": "372.60000000", "price": "0.19071000", "time": "2025-07-15T15:19:48.189199Z", "fetched_at": "2025-07-15T15:20:18.515612+00:00", "symbol": "DOGE-USD"}, {"trade_id": 139133940, "side": "buy", "size": "18.50000000", "price": "0.19072000", "time": "2025-07-15T15:19:48.189199Z", "fetched_at": "2025-07-15T15:20:18.515612+00:00", "symbol": "DOGE-USD"}, {"trade_id": 139133939, "side": "buy", "size": "538.80000000", "price": "0.19070000", "time": "2025-07-15T15:19:47.427982Z", "fetched_at": "2025-07-15T15:20:18.515612+00:00", "symbol": "DOGE-USD"}, {"trade_id": 139133938, "side": "buy", "size": "1616.50000000", "price": "0.19070000", "time": "2025-07-15T15:19:47.427982Z", "fetched_at": "2025-07-15T15:20:18.515612+00:00", "symbol": "DOGE-USD"}, {"trade_id": 139133937, "side": "buy", "size": "1635.30000000", "price": "0.19070000", "time": "2025-07-15T15:19:47.427982Z", "fetched_at": "2025-07-15T15:20:18.515612+00:00", "symbol": "DOGE-USD"}, {"trade_id": 139133936, "side": "buy", "size": "18.20000000", "price": "0.19071000", "time": "2025-07-15T15:19:47.427982Z", "fetched_at": "2025-07-15T15:20:18.515612+00:00", "symbol": "DOGE-USD"}, {"trade_id": 139133935, "side": "buy", "size": "1563.30000000", "price": "0.19072000", "time": "2025-07-15T15:19:47.427982Z", "fetched_at": "2025-07-15T15:20:18.515612+00:00", "symbol": "DOGE-USD"}, {"trade_id": 139133934, "side": "buy", "size": "14.00000000", "price": "0.19069000", "time": "2025-07-15T15:19:43.618426Z", "fetched_at": "2025-07-15T15:20:18.515612+00:00", "symbol": "DOGE-USD"}, {"trade_id": 139133933, "side": "sell", "size": "497.60000000", "price": "0.19070000", "time": "2025-07-15T15:19:43.540998Z", "fetched_at": "2025-07-15T15:20:18.515612+00:00", "symbol": "DOGE-USD"}, {"trade_id": 139133932, "side": "buy", "size": "85.40000000", "price": "0.19069000", "time": "2025-07-15T15:19:43.255092Z", "fetched_at": "2025-07-15T15:20:18.515612+00:00", "symbol": "DOGE-USD"}, {"trade_id": 139133931, "side": "buy", "size": "20.50000000", "price": "0.19070000", "time": "2025-07-15T15:19:43.255092Z", "fetched_at": "2025-07-15T15:20:18.515612+00:00", "symbol": "DOGE-USD"}, {"trade_id": 139133930, "side": "sell", "size": "0.60000000", "price": "0.19071000", "time": "2025-07-15T15:19:40.696732Z", "fetched_at": "2025-07-15T15:20:18.515612+00:00", "symbol": "DOGE-USD"}, {"trade_id": 139133929, "side": "buy", "size": "2.80000000", "price": "0.19071000", "time": "2025-07-15T15:19:40.413756Z", "fetched_at": "2025-07-15T15:20:18.515612+00:00", "symbol": "DOGE-USD"}, {"trade_id": 139133928, "side": "sell", "size": "33.80000000", "price": "0.19074000", "time": "2025-07-15T15:19:40.122259Z", "fetched_at": "2025-07-15T15:20:18.515612+00:00", "symbol": "DOGE-USD"}, {"trade_id": 139133927, "side": "sell", "size": "5.80000000", "price": "0.19074000", "time": "2025-07-15T15:19:40.122259Z", "fetched_at": "2025-07-15T15:20:18.515612+00:00", "symbol": "DOGE-USD"}, {"trade_id": 139133926, "side": "sell", "size": "5.80000000", "price": "0.19072000", "time": "2025-07-15T15:19:40.122259Z", "fetched_at": "2025-07-15T15:20:18.515612+00:00", "symbol": "DOGE-USD"}, {"trade_id": 139133925, "side": "buy", "size": "963.70000000", "price": "0.19068000", "time": "2025-07-15T15:19:37.464415Z", "fetched_at": "2025-07-15T15:20:18.515612+00:00", "symbol": "DOGE-USD"}, {"trade_id": 139133924, "side": "buy", "size": "15.60000000", "price": "0.19069000", "time": "2025-07-15T15:19:37.464415Z", "fetched_at": "2025-07-15T15:20:18.515612+00:00", "symbol": "DOGE-USD"}, {"trade_id": 139133923, "side": "sell", "size": "96.20000000", "price": "0.19070000", "time": "2025-07-15T15:19:36.456691Z", "fetched_at": "2025-07-15T15:20:18.515612+00:00", "symbol": "DOGE-USD"}, {"trade_id": 139133922, "side": "sell", "size": "5.80000000", "price": "0.19070000", "time": "2025-07-15T15:19:36.456691Z", "fetched_at": "2025-07-15T15:20:18.515612+00:00", "symbol": "DOGE-USD"}, {"trade_id": 139133921, "side": "buy", "size": "74.20000000", "price": "0.19069000", "time": "2025-07-15T15:19:35.862946Z", "fetched_at": "2025-07-15T15:20:18.515612+00:00", "symbol": "DOGE-USD"}, {"trade_id": 139133920, "side": "buy", "size": "754.20000000", "price": "0.19069000", "time": "2025-07-15T15:19:35.848736Z", "fetched_at": "2025-07-15T15:20:18.515612+00:00", "symbol": "DOGE-USD"}, {"trade_id": 139133919, "side": "buy", "size": "16.80000000", "price": "0.19069000", "time": "2025-07-15T15:19:35.848736Z", "fetched_at": "2025-07-15T15:20:18.515612+00:00", "symbol": "DOGE-USD"}, {"trade_id": 139133918, "side": "sell", "size": "948.30000000", "price": "0.19068000", "time": "2025-07-15T15:19:35.067400Z", "fetched_at": "2025-07-15T15:20:18.515612+00:00", "symbol": "DOGE-USD"}, {"trade_id": 139133917, "side": "sell", "size": "5.80000000", "price": "0.19068000", "time": "2025-07-15T15:19:35.067400Z", "fetched_at": "2025-07-15T15:20:18.515612+00:00", "symbol": "DOGE-USD"}, {"trade_id": 139133916, "side": "sell", "size": "1176.90000000", "price": "0.19066000", "time": "2025-07-15T15:19:34.160585Z", "fetched_at": "2025-07-15T15:20:18.515612+00:00", "symbol": "DOGE-USD"}, {"trade_id": 139133915, "side": "sell", "size": "5.80000000", "price": "0.19066000", "time": "2025-07-15T15:19:34.160585Z", "fetched_at": "2025-07-15T15:20:18.515612+00:00", "symbol": "DOGE-USD"}, {"trade_id": 139133914, "side": "sell", "size": "1309.80000000", "price": "0.19059000", "time": "2025-07-15T15:19:32.063988Z", "fetched_at": "2025-07-15T15:20:18.515612+00:00", "symbol": "DOGE-USD"}, {"trade_id": 139133913, "side": "sell", "size": "2000.00000000", "price": "0.19059000", "time": "2025-07-15T15:19:32.063988Z", "fetched_at": "2025-07-15T15:20:18.515612+00:00", "symbol": "DOGE-USD"}, {"trade_id": 139133912, "side": "sell", "size": "219.30000000", "price": "0.19059000", "time": "2025-07-15T15:19:32.063988Z", "fetched_at": "2025-07-15T15:20:18.515612+00:00", "symbol": "DOGE-USD"}, {"trade_id": 139133911, "side": "buy", "size": "11702.10000000", "price": "0.19059000", "time": "2025-07-15T15:19:31.639453Z", "fetched_at": "2025-07-15T15:20:18.515612+00:00", "symbol": "DOGE-USD"}, {"trade_id": 139133910, "side": "sell", "size": "355.60000000", "price": "0.19062000", "time": "2025-07-15T15:19:30.850811Z", "fetched_at": "2025-07-15T15:20:18.515612+00:00", "symbol": "DOGE-USD"}, {"trade_id": 139133909, "side": "sell", "size": "1508.70000000", "price": "0.19061000", "time": "2025-07-15T15:19:30.850811Z", "fetched_at": "2025-07-15T15:20:18.515612+00:00", "symbol": "DOGE-USD"}, {"trade_id": 139133908, "side": "sell", "size": "2000.00000000", "price": "0.19066000", "time": "2025-07-15T15:19:29.379805Z", "fetched_at": "2025-07-15T15:20:18.515612+00:00", "symbol": "DOGE-USD"}, {"trade_id": 139133907, "side": "sell", "size": "5.80000000", "price": "0.19066000", "time": "2025-07-15T15:19:29.379805Z", "fetched_at": "2025-07-15T15:20:18.515612+00:00", "symbol": "DOGE-USD"}, {"trade_id": 139133906, "side": "sell", "size": "1119.30000000", "price": "0.19064000", "time": "2025-07-15T15:19:28.913522Z", "fetched_at": "2025-07-15T15:20:18.515612+00:00", "symbol": "DOGE-USD"}, {"trade_id": 139133905, "side": "sell", "size": "5.80000000", "price": "0.19064000", "time": "2025-07-15T15:19:28.913522Z", "fetched_at": "2025-07-15T15:20:18.515612+00:00", "symbol": "DOGE-USD"}, {"trade_id": 139133904, "side": "buy", "size": "522.10000000", "price": "0.19063000", "time": "2025-07-15T15:19:28.133423Z", "fetched_at": "2025-07-15T15:20:18.515612+00:00", "symbol": "DOGE-USD"}, {"trade_id": 139133903, "side": "buy", "size": "80.80000000", "price": "0.19060000", "time": "2025-07-15T15:19:26.917520Z", "fetched_at": "2025-07-15T15:20:18.515612+00:00", "symbol": "DOGE-USD"}, {"trade_id": 139133902, "side": "buy", "size": "795.90000000", "price": "0.19061000", "time": "2025-07-15T15:19:26.917520Z", "fetched_at": "2025-07-15T15:20:18.515612+00:00", "symbol": "DOGE-USD"}, {"trade_id": 139133901, "side": "buy", "size": "20.50000000", "price": "0.19061000", "time": "2025-07-15T15:19:26.917520Z", "fetched_at": "2025-07-15T15:20:18.515612+00:00", "symbol": "DOGE-USD"}, {"trade_id": 139133900, "side": "buy", "size": "20.50000000", "price": "0.19060000", "time": "2025-07-15T15:19:26.893686Z", "fetched_at": "2025-07-15T15:20:18.515612+00:00", "symbol": "DOGE-USD"}, {"trade_id": 139133899, "side": "buy", "size": "183.00000000", "price": "0.19061000", "time": "2025-07-15T15:19:26.893686Z", "fetched_at": "2025-07-15T15:20:18.515612+00:00", "symbol": "DOGE-USD"}, {"trade_id": 139133898, "side": "buy", "size": "20.50000000", "price": "0.19060000", "time": "2025-07-15T15:19:26.873330Z", "fetched_at": "2025-07-15T15:20:18.515612+00:00", "symbol": "DOGE-USD"}, {"trade_id": 139133897, "side": "buy", "size": "183.00000000", "price": "0.19062000", "time": "2025-07-15T15:19:26.873330Z", "fetched_at": "2025-07-15T15:20:18.515612+00:00", "symbol": "DOGE-USD"}, {"trade_id": 139133896, "side": "sell", "size": "5.80000000", "price": "0.19062000", "time": "2025-07-15T15:19:26.844603Z", "fetched_at": "2025-07-15T15:20:18.515612+00:00", "symbol": "DOGE-USD"}, {"trade_id": 139133895, "side": "sell", "size": "2000.00000000", "price": "0.19061000", "time": "2025-07-15T15:19:26.827025Z", "fetched_at": "2025-07-15T15:20:18.515612+00:00", "symbol": "DOGE-USD"}, {"trade_id": 139133894, "side": "sell", "size": "5.80000000", "price": "0.19060000", "time": "2025-07-15T15:19:26.809929Z", "fetched_at": "2025-07-15T15:20:18.515612+00:00", "symbol": "DOGE-USD"}, {"trade_id": 139133893, "side": "buy", "size": "21.70000000", "price": "0.19059000", "time": "2025-07-15T15:19:26.342432Z", "fetched_at": "2025-07-15T15:20:18.515612+00:00", "symbol": "DOGE-USD"}, {"trade_id": 139133892, "side": "sell", "size": "1398.80000000", "price": "0.19059000", "time": "2025-07-15T15:19:26.311423Z", "fetched_at": "2025-07-15T15:20:18.515612+00:00", "symbol": "DOGE-USD"}, {"trade_id": 139133891, "side": "sell", "size": "1523.10000000", "price": "0.19058000", "time": "2025-07-15T15:19:25.513107Z", "fetched_at": "2025-07-15T15:20:18.515612+00:00", "symbol": "DOGE-USD"}, {"trade_id": 139133890, "side": "sell", "size": "5.80000000", "price": "0.19058000", "time": "2025-07-15T15:19:25.513107Z", "fetched_at": "2025-07-15T15:20:18.515612+00:00", "symbol": "DOGE-USD"}, {"trade_id": 139133889, "side": "sell", "size": "5.80000000", "price": "0.19056000", "time": "2025-07-15T15:19:22.590972Z", "fetched_at": "2025-07-15T15:20:18.515612+00:00", "symbol": "DOGE-USD"}, {"trade_id": 139133888, "side": "sell", "size": "5.80000000", "price": "0.19054000", "time": "2025-07-15T15:19:22.367375Z", "fetched_at": "2025-07-15T15:20:18.515612+00:00", "symbol": "DOGE-USD"}, {"trade_id": 139133887, "side": "sell", "size": "1776.60000000", "price": "0.19053000", "time": "2025-07-15T15:19:22.062615Z", "fetched_at": "2025-07-15T15:20:18.515612+00:00", "symbol": "DOGE-USD"}, {"trade_id": 139133886, "side": "buy", "size": "795.90000000", "price": "0.19051000", "time": "2025-07-15T15:19:21.046345Z", "fetched_at": "2025-07-15T15:20:18.515612+00:00", "symbol": "DOGE-USD"}, {"trade_id": 139133885, "side": "buy", "size": "2200.70000000", "price": "0.19051000", "time": "2025-07-15T15:19:21.046345Z", "fetched_at": "2025-07-15T15:20:18.515612+00:00", "symbol": "DOGE-USD"}, {"trade_id": 139133884, "side": "buy", "size": "1635.30000000", "price": "0.19051000", "time": "2025-07-15T15:19:21.046345Z", "fetched_at": "2025-07-15T15:20:18.515612+00:00", "symbol": "DOGE-USD"}, {"trade_id": 139133883, "side": "buy", "size": "22.20000000", "price": "0.19052000", "time": "2025-07-15T15:19:21.046345Z", "fetched_at": "2025-07-15T15:20:18.515612+00:00", "symbol": "DOGE-USD"}, {"trade_id": 139133882, "side": "sell", "size": "5.80000000", "price": "0.19052000", "time": "2025-07-15T15:19:19.019636Z", "fetched_at": "2025-07-15T15:20:18.515612+00:00", "symbol": "DOGE-USD"}, {"trade_id": 139133881, "side": "sell", "size": "2239.00000000", "price": "0.19050000", "time": "2025-07-15T15:19:18.893376Z", "fetched_at": "2025-07-15T15:20:18.515612+00:00", "symbol": "DOGE-USD"}, {"trade_id": 139133880, "side": "sell", "size": "5.80000000", "price": "0.19050000", "time": "2025-07-15T15:19:18.893376Z", "fetched_at": "2025-07-15T15:20:18.515612+00:00", "symbol": "DOGE-USD"}, {"trade_id": 139133879, "side": "sell", "size": "2401.30000000", "price": "0.19048000", "time": "2025-07-15T15:19:17.833500Z", "fetched_at": "2025-07-15T15:20:18.515612+00:00", "symbol": "DOGE-USD"}, {"trade_id": 139133878, "side": "sell", "size": "5.80000000", "price": "0.19048000", "time": "2025-07-15T15:19:17.833500Z", "fetched_at": "2025-07-15T15:20:18.515612+00:00", "symbol": "DOGE-USD"}, {"trade_id": 139133877, "side": "sell", "size": "2000.00000000", "price": "0.19043000", "time": "2025-07-15T15:19:15.907380Z", "fetched_at": "2025-07-15T15:20:18.515612+00:00", "symbol": "DOGE-USD"}, {"trade_id": 139133876, "side": "buy", "size": "12.00000000", "price": "0.19042000", "time": "2025-07-15T15:19:15.431962Z", "fetched_at": "2025-07-15T15:20:18.515612+00:00", "symbol": "DOGE-USD"}, {"trade_id": 139133875, "side": "buy", "size": "5.80000000", "price": "0.19042000", "time": "2025-07-15T15:19:15.431962Z", "fetched_at": "2025-07-15T15:20:18.515612+00:00", "symbol": "DOGE-USD"}, {"trade_id": 139133874, "side": "buy", "size": "18.90000000", "price": "0.19043000", "time": "2025-07-15T15:19:14.941377Z", "fetched_at": "2025-07-15T15:20:18.515612+00:00", "symbol": "DOGE-USD"}, {"trade_id": 139133873, "side": "buy", "size": "5.80000000", "price": "0.19044000", "time": "2025-07-15T15:19:11.991432Z", "fetched_at": "2025-07-15T15:20:18.515612+00:00", "symbol": "DOGE-USD"}, {"trade_id": 139133872, "side": "buy", "size": "5.80000000", "price": "0.19046000", "time": "2025-07-15T15:19:11.954449Z", "fetched_at": "2025-07-15T15:20:18.515612+00:00", "symbol": "DOGE-USD"}, {"trade_id": 139133871, "side": "buy", "size": "100.00000000", "price": "0.19047000", "time": "2025-07-15T15:19:11.867358Z", "fetched_at": "2025-07-15T15:20:18.515612+00:00", "symbol": "DOGE-USD"}, {"trade_id": 139133870, "side": "buy", "size": "5.80000000", "price": "0.19048000", "time": "2025-07-15T15:19:11.462609Z", "fetched_at": "2025-07-15T15:20:18.515612+00:00", "symbol": "DOGE-USD"}, {"trade_id": 139133869, "side": "buy", "size": "403.10000000", "price": "0.19050000", "time": "2025-07-15T15:19:09.787512Z", "fetched_at": "2025-07-15T15:20:18.515612+00:00", "symbol": "DOGE-USD"}, {"trade_id": 139133868, "side": "buy", "size": "5.80000000", "price": "0.19050000", "time": "2025-07-15T15:19:09.787512Z", "fetched_at": "2025-07-15T15:20:18.515612+00:00", "symbol": "DOGE-USD"}, {"trade_id": 139133867, "side": "buy", "size": "5.80000000", "price": "0.19052000", "time": "2025-07-15T15:19:08.724233Z", "fetched_at": "2025-07-15T15:20:18.515612+00:00", "symbol": "DOGE-USD"}, {"trade_id": 139133866, "side": "sell", "size": "24.20000000", "price": "0.19053000", "time": "2025-07-15T15:19:06.074156Z", "fetched_at": "2025-07-15T15:20:18.515612+00:00", "symbol": "DOGE-USD"}, {"trade_id": 139133865, "side": "sell", "size": "1566.00000000", "price": "0.19053000", "time": "2025-07-15T15:19:06.074156Z", "fetched_at": "2025-07-15T15:20:18.515612+00:00", "symbol": "DOGE-USD"}, {"trade_id": 139133864, "side": "sell", "size": "2000.00000000", "price": "0.19051000", "time": "2025-07-15T15:19:05.387365Z", "fetched_at": "2025-07-15T15:20:18.515612+00:00", "symbol": "DOGE-USD"}, {"trade_id": 139133863, "side": "buy", "size": "5.80000000", "price": "0.19052000", "time": "2025-07-15T15:19:05.095818Z", "fetched_at": "2025-07-15T15:20:18.515612+00:00", "symbol": "DOGE-USD"}, {"trade_id": 139133862, "side": "sell", "size": "6048.00000000", "price": "0.19056000", "time": "2025-07-15T15:19:04.325457Z", "fetched_at": "2025-07-15T15:20:18.515612+00:00", "symbol": "DOGE-USD"}, {"trade_id": 139133861, "side": "sell", "size": "1635.30000000", "price": "0.19056000", "time": "2025-07-15T15:19:04.325457Z", "fetched_at": "2025-07-15T15:20:18.515612+00:00", "symbol": "DOGE-USD"}, {"trade_id": 139133860, "side": "sell", "size": "24.60000000", "price": "0.19055000", "time": "2025-07-15T15:19:04.325457Z", "fetched_at": "2025-07-15T15:20:18.515612+00:00", "symbol": "DOGE-USD"}, {"trade_id": 139133859, "side": "sell", "size": "1484.90000000", "price": "0.19055000", "time": "2025-07-15T15:19:04.325457Z", "fetched_at": "2025-07-15T15:20:18.515612+00:00", "symbol": "DOGE-USD"}, {"trade_id": 139133858, "side": "sell", "size": "2000.00000000", "price": "0.19053000", "time": "2025-07-15T15:19:02.359754Z", "fetched_at": "2025-07-15T15:20:18.515612+00:00", "symbol": "DOGE-USD"}, {"trade_id": 139133857, "side": "buy", "size": "5.80000000", "price": "0.19054000", "time": "2025-07-15T15:19:00.368442Z", "fetched_at": "2025-07-15T15:20:18.515612+00:00", "symbol": "DOGE-USD"}, {"trade_id": 139133856, "side": "buy", "size": "5.80000000", "price": "0.19056000", "time": "2025-07-15T15:19:00.195654Z", "fetched_at": "2025-07-15T15:20:18.515612+00:00", "symbol": "DOGE-USD"}, {"trade_id": 139133855, "side": "buy", "size": "5.80000000", "price": "0.19058000", "time": "2025-07-15T15:18:59.124178Z", "fetched_at": "2025-07-15T15:20:18.515612+00:00", "symbol": "DOGE-USD"}, {"trade_id": 139133854, "side": "sell", "size": "58.80000000", "price": "0.19060000", "time": "2025-07-15T15:18:53.146497Z", "fetched_at": "2025-07-15T15:20:18.515612+00:00", "symbol": "DOGE-USD"}, {"trade_id": 139133853, "side": "sell", "size": "1566.00000000", "price": "0.19059000", "time": "2025-07-15T15:18:53.138328Z", "fetched_at": "2025-07-15T15:20:18.515612+00:00", "symbol": "DOGE-USD"}, {"trade_id": 139133852, "side": "sell", "size": "26.00000000", "price": "0.19061000", "time": "2025-07-15T15:18:51.466874Z", "fetched_at": "2025-07-15T15:20:18.515612+00:00", "symbol": "DOGE-USD"}, {"trade_id": 139133851, "side": "sell", "size": "2108.70000000", "price": "0.19059000", "time": "2025-07-15T15:18:50.729032Z", "fetched_at": "2025-07-15T15:20:18.515612+00:00", "symbol": "DOGE-USD"}, {"trade_id": 139133850, "side": "sell", "size": "1534.30000000", "price": "0.19059000", "time": "2025-07-15T15:18:50.729032Z", "fetched_at": "2025-07-15T15:20:18.515612+00:00", "symbol": "DOGE-USD"}, {"trade_id": 139133849, "side": "sell", "size": "1566.00000000", "price": "0.19059000", "time": "2025-07-15T15:18:50.729032Z", "fetched_at": "2025-07-15T15:20:18.515612+00:00", "symbol": "DOGE-USD"}, {"trade_id": 139133848, "side": "sell", "size": "1590.10000000", "price": "0.19059000", "time": "2025-07-15T15:18:50.729032Z", "fetched_at": "2025-07-15T15:20:18.515612+00:00", "symbol": "DOGE-USD"}, {"trade_id": 139133847, "side": "sell", "size": "58.80000000", "price": "0.19061000", "time": "2025-07-15T15:18:47.785055Z", "fetched_at": "2025-07-15T15:20:18.515612+00:00", "symbol": "DOGE-USD"}, {"trade_id": 139133846, "side": "sell", "size": "2533.80000000", "price": "0.19060000", "time": "2025-07-15T15:18:47.776263Z", "fetched_at": "2025-07-15T15:20:18.515612+00:00", "symbol": "DOGE-USD"}, {"trade_id": 139133845, "side": "sell", "size": "2913.40000000", "price": "0.19057000", "time": "2025-07-15T15:18:46.121556Z", "fetched_at": "2025-07-15T15:20:18.515612+00:00", "symbol": "DOGE-USD"}, {"trade_id": 139133844, "side": "sell", "size": "51.90000000", "price": "0.19057000", "time": "2025-07-15T15:18:45.608760Z", "fetched_at": "2025-07-15T15:20:18.515612+00:00", "symbol": "DOGE-USD"}, {"trade_id": 139133843, "side": "sell", "size": "261.30000000", "price": "0.19057000", "time": "2025-07-15T15:18:45.515084Z", "fetched_at": "2025-07-15T15:20:18.515612+00:00", "symbol": "DOGE-USD"}, {"trade_id": 139133842, "side": "buy", "size": "236.40000000", "price": "0.19058000", "time": "2025-07-15T15:18:43.973633Z", "fetched_at": "2025-07-15T15:20:18.515612+00:00", "symbol": "DOGE-USD"}, {"trade_id": 139133841, "side": "buy", "size": "1468.10000000", "price": "0.19058000", "time": "2025-07-15T15:18:43.973633Z", "fetched_at": "2025-07-15T15:20:18.515612+00:00", "symbol": "DOGE-USD"}, {"trade_id": 139133840, "side": "buy", "size": "5.80000000", "price": "0.19058000", "time": "2025-07-15T15:18:43.973633Z", "fetched_at": "2025-07-15T15:20:18.515612+00:00", "symbol": "DOGE-USD"}, {"trade_id": 139133839, "side": "buy", "size": "1450.70000000", "price": "0.19059000", "time": "2025-07-15T15:18:43.973633Z", "fetched_at": "2025-07-15T15:20:18.515612+00:00", "symbol": "DOGE-USD"}, {"trade_id": 139133838, "side": "buy", "size": "18.30000000", "price": "0.19060000", "time": "2025-07-15T15:18:43.973633Z", "fetched_at": "2025-07-15T15:20:18.515612+00:00", "symbol": "DOGE-USD"}, {"trade_id": 139133837, "side": "buy", "size": "5.80000000", "price": "0.19060000", "time": "2025-07-15T15:18:43.973633Z", "fetched_at": "2025-07-15T15:20:18.515612+00:00", "symbol": "DOGE-USD"}, {"trade_id": 139133836, "side": "buy", "size": "22.20000000", "price": "0.19061000", "time": "2025-07-15T15:18:42.179878Z", "fetched_at": "2025-07-15T15:20:18.515612+00:00", "symbol": "DOGE-USD"}, {"trade_id": 139133835, "side": "buy", "size": "520.60000000", "price": "0.19061000", "time": "2025-07-15T15:18:42.179878Z", "fetched_at": "2025-07-15T15:20:18.515612+00:00", "symbol": "DOGE-USD"}, {"trade_id": 139133834, "side": "buy", "size": "5.80000000", "price": "0.19064000", "time": "2025-07-15T15:18:42.179878Z", "fetched_at": "2025-07-15T15:20:18.515612+00:00", "symbol": "DOGE-USD"}, {"trade_id": 139133833, "side": "buy", "size": "5.80000000", "price": "0.19066000", "time": "2025-07-15T15:18:41.487297Z", "fetched_at": "2025-07-15T15:20:18.515612+00:00", "symbol": "DOGE-USD"}, {"trade_id": 139133832, "side": "buy", "size": "25.50000000", "price": "0.19067000", "time": "2025-07-15T15:18:41.305250Z", "fetched_at": "2025-07-15T15:20:18.515612+00:00", "symbol": "DOGE-USD"}, {"trade_id": 139133831, "side": "buy", "size": "5.80000000", "price": "0.19068000", "time": "2025-07-15T15:18:41.305250Z", "fetched_at": "2025-07-15T15:20:18.515612+00:00", "symbol": "DOGE-USD"}, {"trade_id": 139133830, "side": "buy", "size": "5.80000000", "price": "0.19070000", "time": "2025-07-15T15:18:41.297540Z", "fetched_at": "2025-07-15T15:20:18.515612+00:00", "symbol": "DOGE-USD"}, {"trade_id": 139133829, "side": "buy", "size": "99.50000000", "price": "0.19070000", "time": "2025-07-15T15:18:41.297540Z", "fetched_at": "2025-07-15T15:20:18.515612+00:00", "symbol": "DOGE-USD"}, {"trade_id": 139133828, "side": "buy", "size": "5.80000000", "price": "0.19072000", "time": "2025-07-15T15:18:40.492410Z", "fetched_at": "2025-07-15T15:20:18.515612+00:00", "symbol": "DOGE-USD"}, {"trade_id": 139133827, "side": "buy", "size": "5.80000000", "price": "0.19074000", "time": "2025-07-15T15:18:40.387317Z", "fetched_at": "2025-07-15T15:20:18.515612+00:00", "symbol": "DOGE-USD"}, {"trade_id": 139133826, "side": "sell", "size": "33.20000000", "price": "0.19079000", "time": "2025-07-15T15:18:35.713049Z", "fetched_at": "2025-07-15T15:20:18.515612+00:00", "symbol": "DOGE-USD"}, {"trade_id": 139133825, "side": "sell", "size": "10000.00000000", "price": "0.19081000", "time": "2025-07-15T15:18:35.693913Z", "fetched_at": "2025-07-15T15:20:18.515612+00:00", "symbol": "DOGE-USD"}, {"trade_id": 139133824, "side": "sell", "size": "5000.00000000", "price": "0.19081000", "time": "2025-07-15T15:18:35.693913Z", "fetched_at": "2025-07-15T15:20:18.515612+00:00", "symbol": "DOGE-USD"}, {"trade_id": 139133823, "side": "sell", "size": "2500.00000000", "price": "0.19081000", "time": "2025-07-15T15:18:35.693913Z", "fetched_at": "2025-07-15T15:20:18.515612+00:00", "symbol": "DOGE-USD"}, {"trade_id": 139133822, "side": "sell", "size": "1579.70000000", "price": "0.19080000", "time": "2025-07-15T15:18:35.693588Z", "fetched_at": "2025-07-15T15:20:18.515612+00:00", "symbol": "DOGE-USD"}, {"trade_id": 139133821, "side": "sell", "size": "1566.00000000", "price": "0.19080000", "time": "2025-07-15T15:18:35.691148Z", "fetched_at": "2025-07-15T15:20:18.515612+00:00", "symbol": "DOGE-USD"}, {"trade_id": 139133820, "side": "sell", "size": "1292.30000000", "price": "0.19080000", "time": "2025-07-15T15:18:35.691148Z", "fetched_at": "2025-07-15T15:20:18.515612+00:00", "symbol": "DOGE-USD"}, {"trade_id": 139133819, "side": "sell", "size": "5734.40000000", "price": "0.19080000", "time": "2025-07-15T15:18:35.691148Z", "fetched_at": "2025-07-15T15:20:18.515612+00:00", "symbol": "DOGE-USD"}, {"trade_id": 139133818, "side": "sell", "size": "13895.70000000", "price": "0.19080000", "time": "2025-07-15T15:18:35.688982Z", "fetched_at": "2025-07-15T15:20:18.515612+00:00", "symbol": "DOGE-USD"}, {"trade_id": 139133817, "side": "sell", "size": "5.80000000", "price": "0.19080000", "time": "2025-07-15T15:18:35.688982Z", "fetched_at": "2025-07-15T15:20:18.515612+00:00", "symbol": "DOGE-USD"}, {"trade_id": 139133816, "side": "sell", "size": "2535.80000000", "price": "0.19078000", "time": "2025-07-15T15:18:35.679414Z", "fetched_at": "2025-07-15T15:20:18.515612+00:00", "symbol": "DOGE-USD"}, {"trade_id": 139133815, "side": "sell", "size": "6725.20000000", "price": "0.19078000", "time": "2025-07-15T15:18:35.679414Z", "fetched_at": "2025-07-15T15:20:18.515612+00:00", "symbol": "DOGE-USD"}, {"trade_id": 139133814, "side": "sell", "size": "10000.00000000", "price": "0.19078000", "time": "2025-07-15T15:18:35.679414Z", "fetched_at": "2025-07-15T15:20:18.515612+00:00", "symbol": "DOGE-USD"}, {"trade_id": 139133813, "side": "sell", "size": "5.80000000", "price": "0.19078000", "time": "2025-07-15T15:18:35.679414Z", "fetched_at": "2025-07-15T15:20:18.515612+00:00", "symbol": "DOGE-USD"}, {"trade_id": 139133812, "side": "sell", "size": "787.10000000", "price": "0.19076000", "time": "2025-07-15T15:18:35.677220Z", "fetched_at": "2025-07-15T15:20:18.515612+00:00", "symbol": "DOGE-USD"}, {"trade_id": 139133811, "side": "sell", "size": "33.20000000", "price": "0.19076000", "time": "2025-07-15T15:18:35.677220Z", "fetched_at": "2025-07-15T15:20:18.515612+00:00", "symbol": "DOGE-USD"}, {"trade_id": 139133810, "side": "sell", "size": "5.80000000", "price": "0.19076000", "time": "2025-07-15T15:18:35.677220Z", "fetched_at": "2025-07-15T15:20:18.515612+00:00", "symbol": "DOGE-USD"}, {"trade_id": 139133809, "side": "sell", "size": "2000.00000000", "price": "0.19075000", "time": "2025-07-15T15:18:35.673741Z", "fetched_at": "2025-07-15T15:20:18.515612+00:00", "symbol": "DOGE-USD"}, {"trade_id": 139133808, "side": "buy", "size": "221.50000000", "price": "0.19072000", "time": "2025-07-15T15:18:31.183196Z", "fetched_at": "2025-07-15T15:20:18.515612+00:00", "symbol": "DOGE-USD"}, {"trade_id": 139133807, "side": "buy", "size": "17.00000000", "price": "0.19072000", "time": "2025-07-15T15:18:31.183196Z", "fetched_at": "2025-07-15T15:20:18.515612+00:00", "symbol": "DOGE-USD"}, {"trade_id": 139133806, "side": "sell", "size": "1558.50000000", "price": "0.19074000", "time": "2025-07-15T15:18:30.702513Z", "fetched_at": "2025-07-15T15:20:18.515612+00:00", "symbol": "DOGE-USD"}, {"trade_id": 139133805, "side": "sell", "size": "2000.00000000", "price": "0.19074000", "time": "2025-07-15T15:18:30.702513Z", "fetched_at": "2025-07-15T15:20:18.515612+00:00", "symbol": "DOGE-USD"}, {"trade_id": 139133804, "side": "sell", "size": "5.80000000", "price": "0.19074000", "time": "2025-07-15T15:18:30.702513Z", "fetched_at": "2025-07-15T15:20:18.515612+00:00", "symbol": "DOGE-USD"}, {"trade_id": 139133803, "side": "sell", "size": "13.80000000", "price": "0.19071000", "time": "2025-07-15T15:18:28.647297Z", "fetched_at": "2025-07-15T15:20:18.515612+00:00", "symbol": "DOGE-USD"}, {"trade_id": 139133802, "side": "sell", "size": "5.80000000", "price": "0.19072000", "time": "2025-07-15T15:18:27.400491Z", "fetched_at": "2025-07-15T15:20:18.515612+00:00", "symbol": "DOGE-USD"}, {"trade_id": 139133801, "side": "sell", "size": "5.80000000", "price": "0.19070000", "time": "2025-07-15T15:18:26.961464Z", "fetched_at": "2025-07-15T15:20:18.515612+00:00", "symbol": "DOGE-USD"}, {"trade_id": 139133800, "side": "sell", "size": "5.80000000", "price": "0.19068000", "time": "2025-07-15T15:18:26.906967Z", "fetched_at": "2025-07-15T15:20:18.515612+00:00", "symbol": "DOGE-USD"}, {"trade_id": 139133799, "side": "sell", "size": "185.20000000", "price": "0.19066000", "time": "2025-07-15T15:18:26.561893Z", "fetched_at": "2025-07-15T15:20:18.515612+00:00", "symbol": "DOGE-USD"}, {"trade_id": 139133798, "side": "buy", "size": "1695.70000000", "price": "0.19066000", "time": "2025-07-15T15:18:26.557290Z", "fetched_at": "2025-07-15T15:20:18.515612+00:00", "symbol": "DOGE-USD"}, {"trade_id": 139133797, "side": "sell", "size": "5.80000000", "price": "0.19066000", "time": "2025-07-15T15:18:26.534794Z", "fetched_at": "2025-07-15T15:20:18.515612+00:00", "symbol": "DOGE-USD"}, {"trade_id": 139133796, "side": "sell", "size": "58.80000000", "price": "0.19064000", "time": "2025-07-15T15:18:25.961710Z", "fetched_at": "2025-07-15T15:20:18.515612+00:00", "symbol": "DOGE-USD"}, {"trade_id": 139133795, "side": "sell", "size": "5.80000000", "price": "0.19064000", "time": "2025-07-15T15:18:25.961710Z", "fetched_at": "2025-07-15T15:20:18.515612+00:00", "symbol": "DOGE-USD"}, {"trade_id": 139133794, "side": "sell", "size": "2000.00000000", "price": "0.19063000", "time": "2025-07-15T15:18:25.961006Z", "fetched_at": "2025-07-15T15:20:18.515612+00:00", "symbol": "DOGE-USD"}, {"trade_id": 139133793, "side": "buy", "size": "312.80000000", "price": "0.19056000", "time": "2025-07-15T15:18:24.509660Z", "fetched_at": "2025-07-15T15:20:18.515612+00:00", "symbol": "DOGE-USD"}, {"trade_id": 139133792, "side": "buy", "size": "1566.00000000", "price": "0.19056000", "time": "2025-07-15T15:18:24.509660Z", "fetched_at": "2025-07-15T15:20:18.515612+00:00", "symbol": "DOGE-USD"}, {"trade_id": 139133791, "side": "buy", "size": "5.80000000", "price": "0.19056000", "time": "2025-07-15T15:18:24.509660Z", "fetched_at": "2025-07-15T15:20:18.515612+00:00", "symbol": "DOGE-USD"}, {"trade_id": 139133790, "side": "buy", "size": "3815.30000000", "price": "0.19057000", "time": "2025-07-15T15:18:24.509660Z", "fetched_at": "2025-07-15T15:20:18.515612+00:00", "symbol": "DOGE-USD"}, {"trade_id": 139133789, "side": "buy", "size": "1635.30000000", "price": "0.19057000", "time": "2025-07-15T15:18:24.509660Z", "fetched_at": "2025-07-15T15:20:18.515612+00:00", "symbol": "DOGE-USD"}, {"trade_id": 139133788, "side": "buy", "size": "1488.10000000", "price": "0.19057000", "time": "2025-07-15T15:18:24.509660Z", "fetched_at": "2025-07-15T15:20:18.515612+00:00", "symbol": "DOGE-USD"}, {"trade_id": 139133787, "side": "buy", "size": "1698.60000000", "price": "0.19058000", "time": "2025-07-15T15:18:24.509660Z", "fetched_at": "2025-07-15T15:20:18.515612+00:00", "symbol": "DOGE-USD"}, {"trade_id": 139133786, "side": "buy", "size": "5.80000000", "price": "0.19058000", "time": "2025-07-15T15:18:24.509660Z", "fetched_at": "2025-07-15T15:20:18.515612+00:00", "symbol": "DOGE-USD"}, {"trade_id": 139133785, "side": "buy", "size": "417.20000000", "price": "0.19059000", "time": "2025-07-15T15:18:24.509660Z", "fetched_at": "2025-07-15T15:20:18.515612+00:00", "symbol": "DOGE-USD"}, {"trade_id": 139133784, "side": "buy", "size": "74.30000000", "price": "0.19060000", "time": "2025-07-15T15:18:24.509660Z", "fetched_at": "2025-07-15T15:20:18.515612+00:00", "symbol": "DOGE-USD"}, {"trade_id": 139133783, "side": "buy", "size": "15.70000000", "price": "0.19060000", "time": "2025-07-15T15:18:23.682262Z", "fetched_at": "2025-07-15T15:20:18.515612+00:00", "symbol": "DOGE-USD"}, {"trade_id": 139133782, "side": "buy", "size": "5.80000000", "price": "0.19060000", "time": "2025-07-15T15:18:23.682262Z", "fetched_at": "2025-07-15T15:20:18.515612+00:00", "symbol": "DOGE-USD"}, {"trade_id": 139133781, "side": "buy", "size": "24.80000000", "price": "0.19061000", "time": "2025-07-15T15:18:19.875268Z", "fetched_at": "2025-07-15T15:20:18.515612+00:00", "symbol": "DOGE-USD"}, {"trade_id": 139133780, "side": "sell", "size": "1754.00000000", "price": "0.19061000", "time": "2025-07-15T15:18:18.907710Z", "fetched_at": "2025-07-15T15:20:18.515612+00:00", "symbol": "DOGE-USD"}, {"trade_id": 139133779, "side": "sell", "size": "2000.00000000", "price": "0.19061000", "time": "2025-07-15T15:18:18.907710Z", "fetched_at": "2025-07-15T15:20:18.515612+00:00", "symbol": "DOGE-USD"}, {"trade_id": 139133778, "side": "sell", "size": "255.80000000", "price": "0.19061000", "time": "2025-07-15T15:18:16.693961Z", "fetched_at": "2025-07-15T15:20:18.515612+00:00", "symbol": "DOGE-USD"}, {"trade_id": 139133777, "side": "buy", "size": "5.80000000", "price": "0.19064000", "time": "2025-07-15T15:18:15.867455Z", "fetched_at": "2025-07-15T15:20:18.515612+00:00", "symbol": "DOGE-USD"}, {"trade_id": 139133776, "side": "sell", "size": "17.70000000", "price": "0.19065000", "time": "2025-07-15T15:18:14.214778Z", "fetched_at": "2025-07-15T15:20:18.515612+00:00", "symbol": "DOGE-USD"}, {"trade_id": 139133775, "side": "sell", "size": "15.60000000", "price": "0.19068000", "time": "2025-07-15T15:18:10.864218Z", "fetched_at": "2025-07-15T15:20:18.515612+00:00", "symbol": "DOGE-USD"}, {"trade_id": 139133774, "side": "sell", "size": "11305.70000000", "price": "0.19068000", "time": "2025-07-15T15:18:10.202139Z", "fetched_at": "2025-07-15T15:20:18.515612+00:00", "symbol": "DOGE-USD"}, {"trade_id": 139133773, "side": "sell", "size": "8363.20000000", "price": "0.19068000", "time": "2025-07-15T15:18:10.065720Z", "fetched_at": "2025-07-15T15:20:18.515612+00:00", "symbol": "DOGE-USD"}, {"trade_id": 139133772, "side": "sell", "size": "5.80000000", "price": "0.19068000", "time": "2025-07-15T15:18:10.065720Z", "fetched_at": "2025-07-15T15:20:18.515612+00:00", "symbol": "DOGE-USD"}, {"trade_id": 139133771, "side": "sell", "size": "1642.60000000", "price": "0.19066000", "time": "2025-07-15T15:18:10.011329Z", "fetched_at": "2025-07-15T15:20:18.515612+00:00", "symbol": "DOGE-USD"}, {"trade_id": 139133770, "side": "sell", "size": "5.80000000", "price": "0.19066000", "time": "2025-07-15T15:18:10.011329Z", "fetched_at": "2025-07-15T15:20:18.515612+00:00", "symbol": "DOGE-USD"}, {"trade_id": 139133769, "side": "buy", "size": "4213.70000000", "price": "0.19058000", "time": "2025-07-15T15:18:04.695023Z", "fetched_at": "2025-07-15T15:20:18.515612+00:00", "symbol": "DOGE-USD"}, {"trade_id": 139133768, "side": "buy", "size": "2850.40000000", "price": "0.19058000", "time": "2025-07-15T15:18:04.695023Z", "fetched_at": "2025-07-15T15:20:18.515612+00:00", "symbol": "DOGE-USD"}, {"trade_id": 139133767, "side": "buy", "size": "1635.30000000", "price": "0.19058000", "time": "2025-07-15T15:18:04.695023Z", "fetched_at": "2025-07-15T15:20:18.515612+00:00", "symbol": "DOGE-USD"}, {"trade_id": 139133766, "side": "buy", "size": "2500.00000000", "price": "0.19058000", "time": "2025-07-15T15:18:04.695023Z", "fetched_at": "2025-07-15T15:20:18.515612+00:00", "symbol": "DOGE-USD"}, {"trade_id": 139133765, "side": "buy", "size": "5.80000000", "price": "0.19058000", "time": "2025-07-15T15:18:04.695023Z", "fetched_at": "2025-07-15T15:20:18.515612+00:00", "symbol": "DOGE-USD"}, {"trade_id": 139133764, "side": "buy", "size": "1554.10000000", "price": "0.19059000", "time": "2025-07-15T15:18:04.695023Z", "fetched_at": "2025-07-15T15:20:18.515612+00:00", "symbol": "DOGE-USD"}, {"trade_id": 139133763, "side": "buy", "size": "794.60000000", "price": "0.19059000", "time": "2025-07-15T15:18:04.695023Z", "fetched_at": "2025-07-15T15:20:18.515612+00:00", "symbol": "DOGE-USD"}, {"trade_id": 139133762, "side": "buy", "size": "794.60000000", "price": "0.19059000", "time": "2025-07-15T15:18:04.695023Z", "fetched_at": "2025-07-15T15:20:18.515612+00:00", "symbol": "DOGE-USD"}, {"trade_id": 139133761, "side": "buy", "size": "3674.00000000", "price": "0.19059000", "time": "2025-07-15T15:18:04.695023Z", "fetched_at": "2025-07-15T15:20:18.515612+00:00", "symbol": "DOGE-USD"}, {"trade_id": 139133760, "side": "buy", "size": "1635.30000000", "price": "0.19059000", "time": "2025-07-15T15:18:04.695023Z", "fetched_at": "2025-07-15T15:20:18.515612+00:00", "symbol": "DOGE-USD"}, {"trade_id": 139133759, "side": "buy", "size": "1635.30000000", "price": "0.19060000", "time": "2025-07-15T15:18:04.695023Z", "fetched_at": "2025-07-15T15:20:18.515612+00:00", "symbol": "DOGE-USD"}, {"trade_id": 139133758, "side": "buy", "size": "1560.10000000", "price": "0.19060000", "time": "2025-07-15T15:18:04.695023Z", "fetched_at": "2025-07-15T15:20:18.515612+00:00", "symbol": "DOGE-USD"}, {"trade_id": 139133757, "side": "buy", "size": "9.90000000", "price": "0.19061000", "time": "2025-07-15T15:18:04.695023Z", "fetched_at": "2025-07-15T15:20:18.515612+00:00", "symbol": "DOGE-USD"}, {"trade_id": 139133756, "side": "buy", "size": "1650.60000000", "price": "0.19061000", "time": "2025-07-15T15:18:04.695023Z", "fetched_at": "2025-07-15T15:20:18.515612+00:00", "symbol": "DOGE-USD"}, {"trade_id": 139133755, "side": "buy", "size": "1404.40000000", "price": "0.19061000", "time": "2025-07-15T15:18:04.695023Z", "fetched_at": "2025-07-15T15:20:18.515612+00:00", "symbol": "DOGE-USD"}, {"trade_id": 139133754, "side": "buy", "size": "5.80000000", "price": "0.19060000", "time": "2025-07-15T15:18:01.243484Z", "fetched_at": "2025-07-15T15:20:18.515612+00:00", "symbol": "DOGE-USD"}, {"trade_id": 139133753, "side": "sell", "size": "609.10000000", "price": "0.19068000", "time": "2025-07-15T15:18:00.444975Z", "fetched_at": "2025-07-15T15:20:18.515612+00:00", "symbol": "DOGE-USD"}, {"trade_id": 139133752, "side": "sell", "size": "1566.00000000", "price": "0.19068000", "time": "2025-07-15T15:18:00.444975Z", "fetched_at": "2025-07-15T15:20:18.515612+00:00", "symbol": "DOGE-USD"}, {"trade_id": 139133751, "side": "sell", "size": "5.80000000", "price": "0.19068000", "time": "2025-07-15T15:18:00.444975Z", "fetched_at": "2025-07-15T15:20:18.515612+00:00", "symbol": "DOGE-USD"}, {"trade_id": 139133750, "side": "sell", "size": "794.60000000", "price": "0.19067000", "time": "2025-07-15T15:18:00.444975Z", "fetched_at": "2025-07-15T15:20:18.515612+00:00", "symbol": "DOGE-USD"}, {"trade_id": 139133749, "side": "sell", "size": "1681.30000000", "price": "0.19067000", "time": "2025-07-15T15:18:00.444975Z", "fetched_at": "2025-07-15T15:20:18.515612+00:00", "symbol": "DOGE-USD"}, {"trade_id": 139133748, "side": "sell", "size": "811.40000000", "price": "0.19067000", "time": "2025-07-15T15:18:00.444975Z", "fetched_at": "2025-07-15T15:20:18.515612+00:00", "symbol": "DOGE-USD"}, {"trade_id": 139133747, "side": "sell", "size": "57.00000000", "price": "0.19066000", "time": "2025-07-15T15:18:00.444975Z", "fetched_at": "2025-07-15T15:20:18.515612+00:00", "symbol": "DOGE-USD"}, {"trade_id": 139133746, "side": "sell", "size": "738.80000000", "price": "0.19066000", "time": "2025-07-15T15:18:00.444975Z", "fetched_at": "2025-07-15T15:20:18.515612+00:00", "symbol": "DOGE-USD"}, {"trade_id": 139133745, "side": "sell", "size": "5.80000000", "price": "0.19066000", "time": "2025-07-15T15:18:00.444975Z", "fetched_at": "2025-07-15T15:20:18.515612+00:00", "symbol": "DOGE-USD"}, {"trade_id": 139133744, "side": "sell", "size": "124.30000000", "price": "0.19066000", "time": "2025-07-15T15:18:00.444975Z", "fetched_at": "2025-07-15T15:20:18.515612+00:00", "symbol": "DOGE-USD"}, {"trade_id": 139133743, "side": "sell", "size": "1394.20000000", "price": "0.19065000", "time": "2025-07-15T15:18:00.444975Z", "fetched_at": "2025-07-15T15:20:18.515612+00:00", "symbol": "DOGE-USD"}, {"trade_id": 139133742, "side": "sell", "size": "24.90000000", "price": "0.19064000", "time": "2025-07-15T15:17:54.773316Z", "fetched_at": "2025-07-15T15:20:18.515612+00:00", "symbol": "DOGE-USD"}, {"trade_id": 139133741, "side": "buy", "size": "1450.00000000", "price": "0.19059000", "time": "2025-07-15T15:17:54.542811Z", "fetched_at": "2025-07-15T15:20:18.515612+00:00", "symbol": "DOGE-USD"}, {"trade_id": 139133740, "side": "buy", "size": "5.80000000", "price": "0.19060000", "time": "2025-07-15T15:17:54.542811Z", "fetched_at": "2025-07-15T15:20:18.515612+00:00", "symbol": "DOGE-USD"}, {"trade_id": 139133739, "side": "buy", "size": "2345.10000000", "price": "0.19060000", "time": "2025-07-15T15:17:54.542811Z", "fetched_at": "2025-07-15T15:20:18.515612+00:00", "symbol": "DOGE-USD"}, {"trade_id": 139133738, "side": "buy", "size": "1635.30000000", "price": "0.19060000", "time": "2025-07-15T15:17:54.542811Z", "fetched_at": "2025-07-15T15:20:18.515612+00:00", "symbol": "DOGE-USD"}, {"trade_id": 139133737, "side": "buy", "size": "1587.60000000", "price": "0.19062000", "time": "2025-07-15T15:17:54.542811Z", "fetched_at": "2025-07-15T15:20:18.515612+00:00", "symbol": "DOGE-USD"}, {"trade_id": 139133736, "side": "sell", "size": "5.80000000", "price": "0.19064000", "time": "2025-07-15T15:17:51.250084Z", "fetched_at": "2025-07-15T15:20:18.515612+00:00", "symbol": "DOGE-USD"}, {"trade_id": 139133735, "side": "buy", "size": "363.90000000", "price": "0.19054000", "time": "2025-07-15T15:17:49.334875Z", "fetched_at": "2025-07-15T15:20:18.515612+00:00", "symbol": "DOGE-USD"}, {"trade_id": 139133734, "side": "buy", "size": "1479.20000000", "price": "0.19055000", "time": "2025-07-15T15:17:49.334875Z", "fetched_at": "2025-07-15T15:20:18.515612+00:00", "symbol": "DOGE-USD"}, {"trade_id": 139133733, "side": "buy", "size": "5.80000000", "price": "0.19054000", "time": "2025-07-15T15:17:48.590230Z", "fetched_at": "2025-07-15T15:20:18.515612+00:00", "symbol": "DOGE-USD"}, {"trade_id": 139133732, "side": "buy", "size": "5.80000000", "price": "0.19056000", "time": "2025-07-15T15:17:47.620321Z", "fetched_at": "2025-07-15T15:20:18.515612+00:00", "symbol": "DOGE-USD"}, {"trade_id": 139133731, "side": "buy", "size": "5.80000000", "price": "0.19058000", "time": "2025-07-15T15:17:47.614020Z", "fetched_at": "2025-07-15T15:20:18.515612+00:00", "symbol": "DOGE-USD"}, {"trade_id": 139133730, "side": "buy", "size": "5.80000000", "price": "0.19060000", "time": "2025-07-15T15:17:46.994640Z", "fetched_at": "2025-07-15T15:20:18.515612+00:00", "symbol": "DOGE-USD"}, {"trade_id": 139133729, "side": "buy", "size": "5.80000000", "price": "0.19064000", "time": "2025-07-15T15:17:46.696912Z", "fetched_at": "2025-07-15T15:20:18.515612+00:00", "symbol": "DOGE-USD"}, {"trade_id": 139133728, "side": "sell", "size": "5.80000000", "price": "0.19068000", "time": "2025-07-15T15:17:43.816234Z", "fetched_at": "2025-07-15T15:20:18.515612+00:00", "symbol": "DOGE-USD"}, {"trade_id": 139133727, "side": "buy", "size": "28.90000000", "price": "0.19067000", "time": "2025-07-15T15:17:43.212327Z", "fetched_at": "2025-07-15T15:20:18.515612+00:00", "symbol": "DOGE-USD"}, {"trade_id": 139133726, "side": "sell", "size": "5.80000000", "price": "0.19066000", "time": "2025-07-15T15:17:41.957148Z", "fetched_at": "2025-07-15T15:20:18.515612+00:00", "symbol": "DOGE-USD"}, {"trade_id": 139133725, "side": "sell", "size": "5.80000000", "price": "0.19064000", "time": "2025-07-15T15:17:41.939529Z", "fetched_at": "2025-07-15T15:20:18.515612+00:00", "symbol": "DOGE-USD"}, {"trade_id": 139133724, "side": "sell", "size": "286.60000000", "price": "0.19061000", "time": "2025-07-15T15:17:40.364649Z", "fetched_at": "2025-07-15T15:20:18.515612+00:00", "symbol": "DOGE-USD"}, {"trade_id": 139133723, "side": "sell", "size": "496.20000000", "price": "0.19061000", "time": "2025-07-15T15:17:40.353997Z", "fetched_at": "2025-07-15T15:20:18.515612+00:00", "symbol": "DOGE-USD"}, {"trade_id": 139133722, "side": "sell", "size": "5.80000000", "price": "0.19062000", "time": "2025-07-15T15:17:35.285483Z", "fetched_at": "2025-07-15T15:20:18.515612+00:00", "symbol": "DOGE-USD"}, {"trade_id": 139133721, "side": "buy", "size": "524.70000000", "price": "0.19061000", "time": "2025-07-15T15:17:31.086362Z", "fetched_at": "2025-07-15T15:20:18.515612+00:00", "symbol": "DOGE-USD"}, {"trade_id": 139133720, "side": "buy", "size": "183.00000000", "price": "0.19061000", "time": "2025-07-15T15:17:31.086362Z", "fetched_at": "2025-07-15T15:20:18.515612+00:00", "symbol": "DOGE-USD"}, {"trade_id": 139133719, "side": "buy", "size": "9.00000000", "price": "0.19061000", "time": "2025-07-15T15:17:31.086362Z", "fetched_at": "2025-07-15T15:20:18.515612+00:00", "symbol": "DOGE-USD"}, {"trade_id": 139133718, "side": "sell", "size": "1367.00000000", "price": "0.19059000", "time": "2025-07-15T15:17:30.966369Z", "fetched_at": "2025-07-15T15:20:18.515612+00:00", "symbol": "DOGE-USD"}, {"trade_id": 139133717, "side": "sell", "size": "658.10000000", "price": "0.19058000", "time": "2025-07-15T15:17:30.505800Z", "fetched_at": "2025-07-15T15:20:18.515612+00:00", "symbol": "DOGE-USD"}, {"trade_id": 139133716, "side": "sell", "size": "821.80000000", "price": "0.19058000", "time": "2025-07-15T15:17:30.505287Z", "fetched_at": "2025-07-15T15:20:18.515612+00:00", "symbol": "DOGE-USD"}, {"trade_id": 139133715, "side": "buy", "size": "147.60000000", "price": "0.19056000", "time": "2025-07-15T15:17:29.450723Z", "fetched_at": "2025-07-15T15:20:18.515612+00:00", "symbol": "DOGE-USD"}, {"trade_id": 139133714, "side": "buy", "size": "5.80000000", "price": "0.19056000", "time": "2025-07-15T15:17:29.450723Z", "fetched_at": "2025-07-15T15:20:18.515612+00:00", "symbol": "DOGE-USD"}, {"trade_id": 139133713, "side": "buy", "size": "8.40000000", "price": "0.19057000", "time": "2025-07-15T15:17:29.450723Z", "fetched_at": "2025-07-15T15:20:18.515612+00:00", "symbol": "DOGE-USD"}, {"trade_id": 139133712, "side": "buy", "size": "5.80000000", "price": "0.19058000", "time": "2025-07-15T15:17:29.450723Z", "fetched_at": "2025-07-15T15:20:18.515612+00:00", "symbol": "DOGE-USD"}, {"trade_id": 139133711, "side": "sell", "size": "109.00000000", "price": "0.19059000", "time": "2025-07-15T15:17:28.545768Z", "fetched_at": "2025-07-15T15:20:18.515612+00:00", "symbol": "DOGE-USD"}, {"trade_id": 139133710, "side": "sell", "size": "283.40000000", "price": "0.19059000", "time": "2025-07-15T15:17:28.545768Z", "fetched_at": "2025-07-15T15:20:18.515612+00:00", "symbol": "DOGE-USD"}, {"trade_id": 139133709, "side": "sell", "size": "438.70000000", "price": "0.19059000", "time": "2025-07-15T15:17:28.545768Z", "fetched_at": "2025-07-15T15:20:18.515612+00:00", "symbol": "DOGE-USD"}, {"trade_id": 139133708, "side": "buy", "size": "5.80000000", "price": "0.19060000", "time": "2025-07-15T15:17:28.209345Z", "fetched_at": "2025-07-15T15:20:18.515612+00:00", "symbol": "DOGE-USD"}, {"trade_id": 139133707, "side": "buy", "size": "1690.30000000", "price": "0.19063000", "time": "2025-07-15T15:17:27.521295Z", "fetched_at": "2025-07-15T15:20:18.515612+00:00", "symbol": "DOGE-USD"}, {"trade_id": 139133706, "side": "sell", "size": "519.30000000", "price": "0.19064000", "time": "2025-07-15T15:17:26.550337Z", "fetched_at": "2025-07-15T15:20:18.515612+00:00", "symbol": "DOGE-USD"}, {"trade_id": 139133705, "side": "buy", "size": "821.80000000", "price": "0.19066000", "time": "2025-07-15T15:17:25.753138Z", "fetched_at": "2025-07-15T15:20:18.515612+00:00", "symbol": "DOGE-USD"}, {"trade_id": 139133704, "side": "buy", "size": "862.90000000", "price": "0.19066000", "time": "2025-07-15T15:17:25.744278Z", "fetched_at": "2025-07-15T15:20:18.515612+00:00", "symbol": "DOGE-USD"}, {"trade_id": 139133703, "side": "sell", "size": "5.80000000", "price": "0.19066000", "time": "2025-07-15T15:17:25.338525Z", "fetched_at": "2025-07-15T15:20:18.515612+00:00", "symbol": "DOGE-USD"}, {"trade_id": 139133702, "side": "sell", "size": "5.80000000", "price": "0.19064000", "time": "2025-07-15T15:17:24.722931Z", "fetched_at": "2025-07-15T15:20:18.515612+00:00", "symbol": "DOGE-USD"}, {"trade_id": 139133701, "side": "sell", "size": "5.80000000", "price": "0.19062000", "time": "2025-07-15T15:17:20.168922Z", "fetched_at": "2025-07-15T15:20:18.515612+00:00", "symbol": "DOGE-USD"}, {"trade_id": 139133700, "side": "sell", "size": "100.00000000", "price": "0.19058000", "time": "2025-07-15T15:17:17.218813Z", "fetched_at": "2025-07-15T15:20:18.515612+00:00", "symbol": "DOGE-USD"}, {"trade_id": 139133699, "side": "sell", "size": "388.30000000", "price": "0.19057000", "time": "2025-07-15T15:17:17.076315Z", "fetched_at": "2025-07-15T15:20:18.515612+00:00", "symbol": "DOGE-USD"}, {"trade_id": 139133698, "side": "sell", "size": "183.00000000", "price": "0.19057000", "time": "2025-07-15T15:17:17.076315Z", "fetched_at": "2025-07-15T15:20:18.515612+00:00", "symbol": "DOGE-USD"}, {"trade_id": 139133697, "side": "buy", "size": "9.30000000", "price": "0.19062000", "time": "2025-07-15T15:17:11.040008Z", "fetched_at": "2025-07-15T15:20:18.515612+00:00", "symbol": "DOGE-USD"}, {"trade_id": 139133696, "side": "buy", "size": "70.00000000", "price": "0.19059000", "time": "2025-07-15T15:17:09.227230Z", "fetched_at": "2025-07-15T15:20:18.515612+00:00", "symbol": "DOGE-USD"}, {"trade_id": 139133695, "side": "buy", "size": "183.00000000", "price": "0.19059000", "time": "2025-07-15T15:17:09.223733Z", "fetched_at": "2025-07-15T15:20:18.515612+00:00", "symbol": "DOGE-USD"}, {"trade_id": 139133694, "side": "sell", "size": "10.00000000", "price": "0.19060000", "time": "2025-07-15T15:17:08.900260Z", "fetched_at": "2025-07-15T15:20:18.515612+00:00", "symbol": "DOGE-USD"}, {"trade_id": 139133693, "side": "buy", "size": "5.80000000", "price": "0.19060000", "time": "2025-07-15T15:17:08.860671Z", "fetched_at": "2025-07-15T15:20:18.515612+00:00", "symbol": "DOGE-USD"}, {"trade_id": 139133692, "side": "buy", "size": "5.80000000", "price": "0.19064000", "time": "2025-07-15T15:17:08.440084Z", "fetched_at": "2025-07-15T15:20:18.515612+00:00", "symbol": "DOGE-USD"}, {"trade_id": 139133691, "side": "buy", "size": "5.80000000", "price": "0.19066000", "time": "2025-07-15T15:17:08.438643Z", "fetched_at": "2025-07-15T15:20:18.515612+00:00", "symbol": "DOGE-USD"}, {"trade_id": 139133690, "side": "buy", "size": "5.80000000", "price": "0.19068000", "time": "2025-07-15T15:17:08.357668Z", "fetched_at": "2025-07-15T15:20:18.515612+00:00", "symbol": "DOGE-USD"}, {"trade_id": 139133689, "side": "buy", "size": "783.40000000", "price": "0.19075000", "time": "2025-07-15T15:17:05.851747Z", "fetched_at": "2025-07-15T15:20:18.515612+00:00", "symbol": "DOGE-USD"}, {"trade_id": 139133688, "side": "buy", "size": "11.20000000", "price": "0.19076000", "time": "2025-07-15T15:17:05.851747Z", "fetched_at": "2025-07-15T15:20:18.515612+00:00", "symbol": "DOGE-USD"}, {"trade_id": 139133687, "side": "sell", "size": "5.80000000", "price": "0.19078000", "time": "2025-07-15T15:17:04.155824Z", "fetched_at": "2025-07-15T15:20:18.515612+00:00", "symbol": "DOGE-USD"}, {"trade_id": 139133686, "side": "sell", "size": "5.80000000", "price": "0.19076000", "time": "2025-07-15T15:17:04.043639Z", "fetched_at": "2025-07-15T15:20:18.515612+00:00", "symbol": "DOGE-USD"}, {"trade_id": 139133685, "side": "buy", "size": "126.30000000", "price": "0.19070000", "time": "2025-07-15T15:17:01.811496Z", "fetched_at": "2025-07-15T15:20:18.515612+00:00", "symbol": "DOGE-USD"}, {"trade_id": 139133684, "side": "buy", "size": "16.20000000", "price": "0.19071000", "time": "2025-07-15T15:17:01.811496Z", "fetched_at": "2025-07-15T15:20:18.515612+00:00", "symbol": "DOGE-USD"}, {"trade_id": 139133683, "side": "sell", "size": "339.20000000", "price": "0.19072000", "time": "2025-07-15T15:17:00.599185Z", "fetched_at": "2025-07-15T15:20:18.515612+00:00", "symbol": "DOGE-USD"}, {"trade_id": 139133682, "side": "sell", "size": "183.00000000", "price": "0.19072000", "time": "2025-07-15T15:17:00.599185Z", "fetched_at": "2025-07-15T15:20:18.515612+00:00", "symbol": "DOGE-USD"}, {"trade_id": 139133681, "side": "sell", "size": "26.30000000", "price": "0.19073000", "time": "2025-07-15T15:17:00.243884Z", "fetched_at": "2025-07-15T15:20:18.515612+00:00", "symbol": "DOGE-USD"}, {"trade_id": 139133680, "side": "buy", "size": "765.60000000", "price": "0.19071000", "time": "2025-07-15T15:16:58.840540Z", "fetched_at": "2025-07-15T15:20:18.515612+00:00", "symbol": "DOGE-USD"}, {"trade_id": 139133679, "side": "buy", "size": "5.80000000", "price": "0.19070000", "time": "2025-07-15T15:16:58.231282Z", "fetched_at": "2025-07-15T15:20:18.515612+00:00", "symbol": "DOGE-USD"}, {"trade_id": 139133678, "side": "buy", "size": "5.80000000", "price": "0.19072000", "time": "2025-07-15T15:16:58.159569Z", "fetched_at": "2025-07-15T15:20:18.515612+00:00", "symbol": "DOGE-USD"}, {"trade_id": 139133677, "side": "sell", "size": "42.80000000", "price": "0.19073000", "time": "2025-07-15T15:16:57.482328Z", "fetched_at": "2025-07-15T15:20:18.515612+00:00", "symbol": "DOGE-USD"}, {"trade_id": 139133676, "side": "sell", "size": "877.40000000", "price": "0.19073000", "time": "2025-07-15T15:16:57.482328Z", "fetched_at": "2025-07-15T15:20:18.515612+00:00", "symbol": "DOGE-USD"}, {"trade_id": 139133675, "side": "sell", "size": "1566.00000000", "price": "0.19073000", "time": "2025-07-15T15:16:57.482328Z", "fetched_at": "2025-07-15T15:20:18.515612+00:00", "symbol": "DOGE-USD"}, {"trade_id": 139133674, "side": "buy", "size": "5.80000000", "price": "0.19074000", "time": "2025-07-15T15:16:57.355282Z", "fetched_at": "2025-07-15T15:20:18.515612+00:00", "symbol": "DOGE-USD"}, {"trade_id": 139133673, "side": "buy", "size": "5.80000000", "price": "0.19076000", "time": "2025-07-15T15:16:57.326405Z", "fetched_at": "2025-07-15T15:20:18.515612+00:00", "symbol": "DOGE-USD"}, {"trade_id": 139133672, "side": "buy", "size": "5.80000000", "price": "0.19078000", "time": "2025-07-15T15:16:57.165706Z", "fetched_at": "2025-07-15T15:20:18.515612+00:00", "symbol": "DOGE-USD"}, {"trade_id": 139133671, "side": "buy", "size": "100.00000000", "price": "0.19080000", "time": "2025-07-15T15:16:57.123782Z", "fetched_at": "2025-07-15T15:20:18.515612+00:00", "symbol": "DOGE-USD"}, {"trade_id": 139133670, "side": "buy", "size": "5.80000000", "price": "0.19080000", "time": "2025-07-15T15:16:57.123782Z", "fetched_at": "2025-07-15T15:20:18.515612+00:00", "symbol": "DOGE-USD"}, {"trade_id": 139133669, "side": "sell", "size": "5.80000000", "price": "0.19084000", "time": "2025-07-15T15:16:51.696950Z", "fetched_at": "2025-07-15T15:20:18.515612+00:00", "symbol": "DOGE-USD"}, {"trade_id": 139133668, "side": "sell", "size": "824.50000000", "price": "0.19082000", "time": "2025-07-15T15:16:51.258780Z", "fetched_at": "2025-07-15T15:20:18.515612+00:00", "symbol": "DOGE-USD"}, {"trade_id": 139133667, "side": "sell", "size": "44.20000000", "price": "0.19082000", "time": "2025-07-15T15:16:49.968544Z", "fetched_at": "2025-07-15T15:20:18.515612+00:00", "symbol": "DOGE-USD"}, {"trade_id": 139133666, "side": "sell", "size": "5.80000000", "price": "0.19082000", "time": "2025-07-15T15:16:49.968544Z", "fetched_at": "2025-07-15T15:20:18.515612+00:00", "symbol": "DOGE-USD"}, {"trade_id": 139133665, "side": "sell", "size": "5.80000000", "price": "0.19080000", "time": "2025-07-15T15:16:48.069567Z", "fetched_at": "2025-07-15T15:20:18.515612+00:00", "symbol": "DOGE-USD"}, {"trade_id": 139133664, "side": "sell", "size": "5.80000000", "price": "0.19078000", "time": "2025-07-15T15:16:47.848993Z", "fetched_at": "2025-07-15T15:20:18.515612+00:00", "symbol": "DOGE-USD"}, {"trade_id": 139133663, "side": "sell", "size": "5.80000000", "price": "0.19076000", "time": "2025-07-15T15:16:47.335819Z", "fetched_at": "2025-07-15T15:20:18.515612+00:00", "symbol": "DOGE-USD"}, {"trade_id": 139133662, "side": "sell", "size": "892.40000000", "price": "0.19075000", "time": "2025-07-15T15:16:46.714012Z", "fetched_at": "2025-07-15T15:20:18.515612+00:00", "symbol": "DOGE-USD"}, {"trade_id": 139133661, "side": "buy", "size": "1973.20000000", "price": "0.19067000", "time": "2025-07-15T15:16:45.637588Z", "fetched_at": "2025-07-15T15:20:18.515612+00:00", "symbol": "DOGE-USD"}, {"trade_id": 139133660, "side": "buy", "size": "1510.00000000", "price": "0.19068000", "time": "2025-07-15T15:16:45.637588Z", "fetched_at": "2025-07-15T15:20:18.515612+00:00", "symbol": "DOGE-USD"}, {"trade_id": 139133659, "side": "buy", "size": "5.80000000", "price": "0.19068000", "time": "2025-07-15T15:16:45.637588Z", "fetched_at": "2025-07-15T15:20:18.515612+00:00", "symbol": "DOGE-USD"}, {"trade_id": 139133658, "side": "buy", "size": "1376.20000000", "price": "0.19068000", "time": "2025-07-15T15:16:45.637588Z", "fetched_at": "2025-07-15T15:20:18.515612+00:00", "symbol": "DOGE-USD"}, {"trade_id": 139133657, "side": "buy", "size": "30.10000000", "price": "0.19069000", "time": "2025-07-15T15:16:45.637588Z", "fetched_at": "2025-07-15T15:20:18.515612+00:00", "symbol": "DOGE-USD"}, {"trade_id": 139133656, "side": "buy", "size": "349.10000000", "price": "0.19070000", "time": "2025-07-15T15:16:45.550396Z", "fetched_at": "2025-07-15T15:20:18.515612+00:00", "symbol": "DOGE-USD"}, {"trade_id": 139133655, "side": "buy", "size": "30.10000000", "price": "0.19071000", "time": "2025-07-15T15:16:45.550396Z", "fetched_at": "2025-07-15T15:20:18.515612+00:00", "symbol": "DOGE-USD"}, {"trade_id": 139133654, "side": "buy", "size": "100.00000000", "price": "0.19071000", "time": "2025-07-15T15:16:45.550396Z", "fetched_at": "2025-07-15T15:20:18.515612+00:00", "symbol": "DOGE-USD"}, {"trade_id": 139133653, "side": "sell", "size": "36.90000000", "price": "0.19076000", "time": "2025-07-15T15:16:44.314597Z", "fetched_at": "2025-07-15T15:20:18.515612+00:00", "symbol": "DOGE-USD"}, {"trade_id": 139133652, "side": "sell", "size": "5.80000000", "price": "0.19076000", "time": "2025-07-15T15:16:44.314597Z", "fetched_at": "2025-07-15T15:20:18.515612+00:00", "symbol": "DOGE-USD"}, {"trade_id": 139133651, "side": "sell", "size": "794.60000000", "price": "0.19074000", "time": "2025-07-15T15:16:44.303553Z", "fetched_at": "2025-07-15T15:20:18.515612+00:00", "symbol": "DOGE-USD"}, {"trade_id": 139133650, "side": "sell", "size": "794.60000000", "price": "0.19074000", "time": "2025-07-15T15:16:44.303553Z", "fetched_at": "2025-07-15T15:20:18.515612+00:00", "symbol": "DOGE-USD"}, {"trade_id": 139133649, "side": "sell", "size": "5.80000000", "price": "0.19074000", "time": "2025-07-15T15:16:44.303553Z", "fetched_at": "2025-07-15T15:20:18.515612+00:00", "symbol": "DOGE-USD"}, {"trade_id": 139133648, "side": "sell", "size": "1566.00000000", "price": "0.19073000", "time": "2025-07-15T15:16:44.303553Z", "fetched_at": "2025-07-15T15:20:18.515612+00:00", "symbol": "DOGE-USD"}, {"trade_id": 139133647, "side": "sell", "size": "5.80000000", "price": "0.19072000", "time": "2025-07-15T15:16:42.301372Z", "fetched_at": "2025-07-15T15:20:18.515612+00:00", "symbol": "DOGE-USD"}, {"trade_id": 139133646, "side": "sell", "size": "5.80000000", "price": "0.19070000", "time": "2025-07-15T15:16:42.266326Z", "fetched_at": "2025-07-15T15:20:18.515612+00:00", "symbol": "DOGE-USD"}, {"trade_id": 139133645, "side": "sell", "size": "150.00000000", "price": "0.19069000", "time": "2025-07-15T15:16:41.898997Z", "fetched_at": "2025-07-15T15:20:18.515612+00:00", "symbol": "DOGE-USD"}, {"trade_id": 139133644, "side": "sell", "size": "5.80000000", "price": "0.19068000", "time": "2025-07-15T15:16:41.873723Z", "fetched_at": "2025-07-15T15:20:18.515612+00:00", "symbol": "DOGE-USD"}, {"trade_id": 139133643, "side": "sell", "size": "937.40000000", "price": "0.19067000", "time": "2025-07-15T15:16:41.726513Z", "fetched_at": "2025-07-15T15:20:18.515612+00:00", "symbol": "DOGE-USD"}, {"trade_id": 139133642, "side": "sell", "size": "929.20000000", "price": "0.19066000", "time": "2025-07-15T15:16:40.811189Z", "fetched_at": "2025-07-15T15:20:18.515612+00:00", "symbol": "DOGE-USD"}, {"trade_id": 139133641, "side": "sell", "size": "9.80000000", "price": "0.19066000", "time": "2025-07-15T15:16:40.696964Z", "fetched_at": "2025-07-15T15:20:18.515612+00:00", "symbol": "DOGE-USD"}, {"trade_id": 139133640, "side": "sell", "size": "5.80000000", "price": "0.19066000", "time": "2025-07-15T15:16:40.696964Z", "fetched_at": "2025-07-15T15:20:18.515612+00:00", "symbol": "DOGE-USD"}, {"trade_id": 139133639, "side": "buy", "size": "357.70000000", "price": "0.19062000", "time": "2025-07-15T15:16:40.424710Z", "fetched_at": "2025-07-15T15:20:18.515612+00:00", "symbol": "DOGE-USD"}, {"trade_id": 139133638, "side": "buy", "size": "1566.00000000", "price": "0.19062000", "time": "2025-07-15T15:16:40.424710Z", "fetched_at": "2025-07-15T15:20:18.515612+00:00", "symbol": "DOGE-USD"}, {"trade_id": 139133637, "side": "buy", "size": "1695.50000000", "price": "0.19063000", "time": "2025-07-15T15:16:40.424710Z", "fetched_at": "2025-07-15T15:20:18.515612+00:00", "symbol": "DOGE-USD"}, {"trade_id": 139133636, "side": "buy", "size": "794.60000000", "price": "0.19063000", "time": "2025-07-15T15:16:40.424710Z", "fetched_at": "2025-07-15T15:20:18.515612+00:00", "symbol": "DOGE-USD"}, {"trade_id": 139133635, "side": "buy", "size": "41.90000000", "price": "0.19064000", "time": "2025-07-15T15:16:40.424710Z", "fetched_at": "2025-07-15T15:20:18.515612+00:00", "symbol": "DOGE-USD"}, {"trade_id": 139133634, "side": "buy", "size": "1622.50000000", "price": "0.19065000", "time": "2025-07-15T15:16:40.424710Z", "fetched_at": "2025-07-15T15:20:18.515612+00:00", "symbol": "DOGE-USD"}, {"trade_id": 139133633, "side": "sell", "size": "1516.50000000", "price": "0.19065000", "time": "2025-07-15T15:16:39.534390Z", "fetched_at": "2025-07-15T15:20:18.515612+00:00", "symbol": "DOGE-USD"}, {"trade_id": 139133632, "side": "sell", "size": "5.80000000", "price": "0.19064000", "time": "2025-07-15T15:16:39.534390Z", "fetched_at": "2025-07-15T15:20:18.515612+00:00", "symbol": "DOGE-USD"}, {"trade_id": 139133631, "side": "sell", "size": "12.90000000", "price": "0.19062000", "time": "2025-07-15T15:16:39.358407Z", "fetched_at": "2025-07-15T15:20:18.515612+00:00", "symbol": "DOGE-USD"}, {"trade_id": 139133630, "side": "sell", "size": "1053.20000000", "price": "0.19062000", "time": "2025-07-15T15:16:39.314300Z", "fetched_at": "2025-07-15T15:20:18.515612+00:00", "symbol": "DOGE-USD"}, {"trade_id": 139133629, "side": "sell", "size": "5.80000000", "price": "0.19060000", "time": "2025-07-15T15:16:35.771378Z", "fetched_at": "2025-07-15T15:20:18.515612+00:00", "symbol": "DOGE-USD"}, {"trade_id": 139133628, "side": "sell", "size": "5.80000000", "price": "0.19058000", "time": "2025-07-15T15:16:34.861527Z", "fetched_at": "2025-07-15T15:20:18.515612+00:00", "symbol": "DOGE-USD"}, {"trade_id": 139133627, "side": "sell", "size": "61.80000000", "price": "0.19056000", "time": "2025-07-15T15:16:34.861527Z", "fetched_at": "2025-07-15T15:20:18.515612+00:00", "symbol": "DOGE-USD"}, {"trade_id": 139133626, "side": "sell", "size": "1610.70000000", "price": "0.19057000", "time": "2025-07-15T15:16:34.854924Z", "fetched_at": "2025-07-15T15:20:18.515612+00:00", "symbol": "DOGE-USD"}, {"trade_id": 139133625, "side": "sell", "size": "6523.90000000", "price": "0.19057000", "time": "2025-07-15T15:16:34.854924Z", "fetched_at": "2025-07-15T15:20:18.515612+00:00", "symbol": "DOGE-USD"}, {"trade_id": 139133624, "side": "sell", "size": "794.60000000", "price": "0.19057000", "time": "2025-07-15T15:16:34.854924Z", "fetched_at": "2025-07-15T15:20:18.515612+00:00", "symbol": "DOGE-USD"}, {"trade_id": 139133623, "side": "sell", "size": "1566.00000000", "price": "0.19057000", "time": "2025-07-15T15:16:34.854924Z", "fetched_at": "2025-07-15T15:20:18.515612+00:00", "symbol": "DOGE-USD"}, {"trade_id": 139133622, "side": "sell", "size": "61.80000000", "price": "0.19056000", "time": "2025-07-15T15:16:34.854924Z", "fetched_at": "2025-07-15T15:20:18.515612+00:00", "symbol": "DOGE-USD"}, {"trade_id": 139133621, "side": "sell", "size": "794.60000000", "price": "0.19056000", "time": "2025-07-15T15:16:34.854924Z", "fetched_at": "2025-07-15T15:20:18.515612+00:00", "symbol": "DOGE-USD"}, {"trade_id": 139133620, "side": "sell", "size": "5.80000000", "price": "0.19056000", "time": "2025-07-15T15:16:34.854924Z", "fetched_at": "2025-07-15T15:20:18.515612+00:00", "symbol": "DOGE-USD"}, {"trade_id": 139133619, "side": "sell", "size": "944.20000000", "price": "0.19054000", "time": "2025-07-15T15:16:34.854924Z", "fetched_at": "2025-07-15T15:20:18.515612+00:00", "symbol": "DOGE-USD"}, {"trade_id": 139133618, "side": "sell", "size": "5.80000000", "price": "0.19054000", "time": "2025-07-15T15:16:34.749962Z", "fetched_at": "2025-07-15T15:20:18.515612+00:00", "symbol": "DOGE-USD"}, {"trade_id": 139133617, "side": "sell", "size": "959.80000000", "price": "0.19052000", "time": "2025-07-15T15:16:34.513933Z", "fetched_at": "2025-07-15T15:20:18.515612+00:00", "symbol": "DOGE-USD"}, {"trade_id": 139133616, "side": "sell", "size": "5.80000000", "price": "0.19052000", "time": "2025-07-15T15:16:34.513933Z", "fetched_at": "2025-07-15T15:20:18.515612+00:00", "symbol": "DOGE-USD"}, {"trade_id": 139133615, "side": "sell", "size": "6105.60000000", "price": "0.19052000", "time": "2025-07-15T15:16:34.513933Z", "fetched_at": "2025-07-15T15:20:18.515612+00:00", "symbol": "DOGE-USD"}, {"trade_id": 139133614, "side": "sell", "size": "1143.70000000", "price": "0.19047000", "time": "2025-07-15T15:16:30.754475Z", "fetched_at": "2025-07-15T15:20:18.515612+00:00", "symbol": "DOGE-USD"}, {"trade_id": 139133613, "side": "sell", "size": "100.00000000", "price": "0.19047000", "time": "2025-07-15T15:16:29.994353Z", "fetched_at": "2025-07-15T15:20:18.515612+00:00", "symbol": "DOGE-USD"}, {"trade_id": 139133612, "side": "sell", "size": "1369.30000000", "price": "0.19048000", "time": "2025-07-15T15:16:28.011578Z", "fetched_at": "2025-07-15T15:20:18.515612+00:00", "symbol": "DOGE-USD"}, {"trade_id": 139133611, "side": "sell", "size": "1566.00000000", "price": "0.19045000", "time": "2025-07-15T15:16:24.382063Z", "fetched_at": "2025-07-15T15:20:18.515612+00:00", "symbol": "DOGE-USD"}, {"trade_id": 139133610, "side": "sell", "size": "1526.70000000", "price": "0.19043000", "time": "2025-07-15T15:16:24.266746Z", "fetched_at": "2025-07-15T15:20:18.515612+00:00", "symbol": "DOGE-USD"}, {"trade_id": 139133609, "side": "sell", "size": "1566.00000000", "price": "0.19043000", "time": "2025-07-15T15:16:24.266746Z", "fetched_at": "2025-07-15T15:20:18.515612+00:00", "symbol": "DOGE-USD"}, {"trade_id": 139133608, "side": "buy", "size": "5.80000000", "price": "0.19044000", "time": "2025-07-15T15:16:23.332542Z", "fetched_at": "2025-07-15T15:20:18.515612+00:00", "symbol": "DOGE-USD"}, {"trade_id": 139133607, "side": "buy", "size": "5.80000000", "price": "0.19046000", "time": "2025-07-15T15:16:23.053585Z", "fetched_at": "2025-07-15T15:20:18.515612+00:00", "symbol": "DOGE-USD"}, {"trade_id": 139133606, "side": "buy", "size": "5.80000000", "price": "0.19048000", "time": "2025-07-15T15:16:22.650090Z", "fetched_at": "2025-07-15T15:20:18.515612+00:00", "symbol": "DOGE-USD"}, {"trade_id": 139133605, "side": "buy", "size": "5.80000000", "price": "0.19050000", "time": "2025-07-15T15:16:22.462167Z", "fetched_at": "2025-07-15T15:20:18.515612+00:00", "symbol": "DOGE-USD"}, {"trade_id": 139133604, "side": "buy", "size": "100.00000000", "price": "0.19050000", "time": "2025-07-15T15:16:22.462167Z", "fetched_at": "2025-07-15T15:20:18.515612+00:00", "symbol": "DOGE-USD"}, {"trade_id": 139133603, "side": "buy", "size": "5.80000000", "price": "0.19052000", "time": "2025-07-15T15:16:22.425944Z", "fetched_at": "2025-07-15T15:20:18.515612+00:00", "symbol": "DOGE-USD"}, {"trade_id": 139133602, "side": "buy", "size": "5.80000000", "price": "0.19054000", "time": "2025-07-15T15:16:21.558513Z", "fetched_at": "2025-07-15T15:20:18.515612+00:00", "symbol": "DOGE-USD"}, {"trade_id": 139133601, "side": "buy", "size": "5.80000000", "price": "0.19056000", "time": "2025-07-15T15:16:21.558513Z", "fetched_at": "2025-07-15T15:20:18.515612+00:00", "symbol": "DOGE-USD"}, {"trade_id": 139133600, "side": "buy", "size": "307.20000000", "price": "0.19057000", "time": "2025-07-15T15:16:21.558513Z", "fetched_at": "2025-07-15T15:20:18.515612+00:00", "symbol": "DOGE-USD"}, {"trade_id": 139133599, "side": "buy", "size": "3146.30000000", "price": "0.19058000", "time": "2025-07-15T15:16:21.451891Z", "fetched_at": "2025-07-15T15:20:18.515612+00:00", "symbol": "DOGE-USD"}, {"trade_id": 139133598, "side": "buy", "size": "6165.70000000", "price": "0.19058000", "time": "2025-07-15T15:16:21.433254Z", "fetched_at": "2025-07-15T15:20:18.515612+00:00", "symbol": "DOGE-USD"}, {"trade_id": 139133597, "side": "buy", "size": "5.80000000", "price": "0.19058000", "time": "2025-07-15T15:16:21.433254Z", "fetched_at": "2025-07-15T15:20:18.515612+00:00", "symbol": "DOGE-USD"}, {"trade_id": 139133596, "side": "buy", "size": "37.80000000", "price": "0.19059000", "time": "2025-07-15T15:16:21.433254Z", "fetched_at": "2025-07-15T15:20:18.515612+00:00", "symbol": "DOGE-USD"}, {"trade_id": 139133595, "side": "buy", "size": "5.80000000", "price": "0.19060000", "time": "2025-07-15T15:16:21.338966Z", "fetched_at": "2025-07-15T15:20:18.515612+00:00", "symbol": "DOGE-USD"}, {"trade_id": 139133594, "side": "buy", "size": "37.80000000", "price": "0.19062000", "time": "2025-07-15T15:16:21.328999Z", "fetched_at": "2025-07-15T15:20:18.515612+00:00", "symbol": "DOGE-USD"}, {"trade_id": 139133593, "side": "buy", "size": "1566.00000000", "price": "0.19061000", "time": "2025-07-15T15:16:21.324313Z", "fetched_at": "2025-07-15T15:20:18.515612+00:00", "symbol": "DOGE-USD"}, {"trade_id": 139133592, "side": "buy", "size": "1322.10000000", "price": "0.19061000", "time": "2025-07-15T15:16:21.324313Z", "fetched_at": "2025-07-15T15:20:18.515612+00:00", "symbol": "DOGE-USD"}, {"trade_id": 139133591, "side": "buy", "size": "5.80000000", "price": "0.19062000", "time": "2025-07-15T15:16:21.323088Z", "fetched_at": "2025-07-15T15:20:18.515612+00:00", "symbol": "DOGE-USD"}, {"trade_id": 139133590, "side": "buy", "size": "37.80000000", "price": "0.19064000", "time": "2025-07-15T15:16:21.322875Z", "fetched_at": "2025-07-15T15:20:18.515612+00:00", "symbol": "DOGE-USD"}, {"trade_id": 139133589, "side": "buy", "size": "37.80000000", "price": "0.19064000", "time": "2025-07-15T15:16:21.290283Z", "fetched_at": "2025-07-15T15:20:18.515612+00:00", "symbol": "DOGE-USD"}, {"trade_id": 139133588, "side": "buy", "size": "731.50000000", "price": "0.19063000", "time": "2025-07-15T15:16:21.245772Z", "fetched_at": "2025-07-15T15:20:18.515612+00:00", "symbol": "DOGE-USD"}, {"trade_id": 139133587, "side": "buy", "size": "834.50000000", "price": "0.19063000", "time": "2025-07-15T15:16:21.245772Z", "fetched_at": "2025-07-15T15:20:18.515612+00:00", "symbol": "DOGE-USD"}, {"trade_id": 139133586, "side": "buy", "size": "731.50000000", "price": "0.19063000", "time": "2025-07-15T15:16:21.245187Z", "fetched_at": "2025-07-15T15:20:18.515612+00:00", "symbol": "DOGE-USD"}, {"trade_id": 139133585, "side": "buy", "size": "39.90000000", "price": "0.19064000", "time": "2025-07-15T15:16:21.245187Z", "fetched_at": "2025-07-15T15:20:18.515612+00:00", "symbol": "DOGE-USD"}, {"trade_id": 139133584, "side": "buy", "size": "794.60000000", "price": "0.19064000", "time": "2025-07-15T15:16:21.245187Z", "fetched_at": "2025-07-15T15:20:18.515612+00:00", "symbol": "DOGE-USD"}, {"trade_id": 139133583, "side": "buy", "size": "1566.00000000", "price": "0.19066000", "time": "2025-07-15T15:16:21.233441Z", "fetched_at": "2025-07-15T15:20:18.515612+00:00", "symbol": "DOGE-USD"}, {"trade_id": 139133582, "side": "buy", "size": "794.60000000", "price": "0.19064000", "time": "2025-07-15T15:16:21.224543Z", "fetched_at": "2025-07-15T15:20:18.515612+00:00", "symbol": "DOGE-USD"}, {"trade_id": 139133581, "side": "buy", "size": "2000.00000000", "price": "0.19065000", "time": "2025-07-15T15:16:21.224157Z", "fetched_at": "2025-07-15T15:20:18.515612+00:00", "symbol": "DOGE-USD"}, {"trade_id": 139133580, "side": "buy", "size": "39.80000000", "price": "0.19066000", "time": "2025-07-15T15:16:21.224157Z", "fetched_at": "2025-07-15T15:20:18.515612+00:00", "symbol": "DOGE-USD"}, {"trade_id": 139133579, "side": "sell", "size": "6234.70000000", "price": "0.19071000", "time": "2025-07-15T15:16:19.774485Z", "fetched_at": "2025-07-15T15:20:18.515612+00:00", "symbol": "DOGE-USD"}, {"trade_id": 139133578, "side": "sell", "size": "5.80000000", "price": "0.19070000", "time": "2025-07-15T15:16:19.774485Z", "fetched_at": "2025-07-15T15:20:18.515612+00:00", "symbol": "DOGE-USD"}, {"trade_id": 139133577, "side": "buy", "size": "245.20000000", "price": "0.19066000", "time": "2025-07-15T15:16:19.357999Z", "fetched_at": "2025-07-15T15:20:18.515612+00:00", "symbol": "DOGE-USD"}, {"trade_id": 139133576, "side": "buy", "size": "794.60000000", "price": "0.19066000", "time": "2025-07-15T15:16:19.357999Z", "fetched_at": "2025-07-15T15:20:18.515612+00:00", "symbol": "DOGE-USD"}, {"trade_id": 139133575, "side": "buy", "size": "1566.00000000", "price": "0.19067000", "time": "2025-07-15T15:16:19.357999Z", "fetched_at": "2025-07-15T15:20:18.515612+00:00", "symbol": "DOGE-USD"}, {"trade_id": 139133574, "side": "buy", "size": "5.60000000", "price": "0.19068000", "time": "2025-07-15T15:16:19.357999Z", "fetched_at": "2025-07-15T15:20:18.515612+00:00", "symbol": "DOGE-USD"}, {"trade_id": 139133573, "side": "sell", "size": "593.40000000", "price": "0.19068000", "time": "2025-07-15T15:16:18.969616Z", "fetched_at": "2025-07-15T15:20:18.515612+00:00", "symbol": "DOGE-USD"}, {"trade_id": 139133572, "side": "sell", "size": "794.60000000", "price": "0.19067000", "time": "2025-07-15T15:16:18.969616Z", "fetched_at": "2025-07-15T15:20:18.515612+00:00", "symbol": "DOGE-USD"}, {"trade_id": 139133571, "side": "sell", "size": "850.20000000", "price": "0.19067000", "time": "2025-07-15T15:16:18.969616Z", "fetched_at": "2025-07-15T15:20:18.515612+00:00", "symbol": "DOGE-USD"}, {"trade_id": 139133570, "side": "sell", "size": "1457.70000000", "price": "0.19066000", "time": "2025-07-15T15:16:18.969616Z", "fetched_at": "2025-07-15T15:20:18.515612+00:00", "symbol": "DOGE-USD"}, {"trade_id": 139133569, "side": "sell", "size": "1497.30000000", "price": "0.19066000", "time": "2025-07-15T15:16:18.969616Z", "fetched_at": "2025-07-15T15:20:18.515612+00:00", "symbol": "DOGE-USD"}, {"trade_id": 139133568, "side": "buy", "size": "0.70000000", "price": "0.19065000", "time": "2025-07-15T15:16:18.011035Z", "fetched_at": "2025-07-15T15:20:18.515612+00:00", "symbol": "DOGE-USD"}, {"trade_id": 139133567, "side": "sell", "size": "1019.20000000", "price": "0.19065000", "time": "2025-07-15T15:16:15.617158Z", "fetched_at": "2025-07-15T15:20:18.515612+00:00", "symbol": "DOGE-USD"}, {"trade_id": 139133566, "side": "sell", "size": "26.30000000", "price": "0.19065000", "time": "2025-07-15T15:16:15.617158Z", "fetched_at": "2025-07-15T15:20:18.515612+00:00", "symbol": "DOGE-USD"}, {"trade_id": 139133565, "side": "buy", "size": "14.90000000", "price": "0.19062000", "time": "2025-07-15T15:16:13.771110Z", "fetched_at": "2025-07-15T15:20:18.515612+00:00", "symbol": "DOGE-USD"}, {"trade_id": 139133564, "side": "buy", "size": "5.80000000", "price": "0.19062000", "time": "2025-07-15T15:16:13.771110Z", "fetched_at": "2025-07-15T15:20:18.515612+00:00", "symbol": "DOGE-USD"}, {"trade_id": 139133563, "side": "buy", "size": "6.20000000", "price": "0.19063000", "time": "2025-07-15T15:16:13.771110Z", "fetched_at": "2025-07-15T15:20:18.515612+00:00", "symbol": "DOGE-USD"}, {"trade_id": 139133562, "side": "buy", "size": "5.80000000", "price": "0.19064000", "time": "2025-07-15T15:16:13.771110Z", "fetched_at": "2025-07-15T15:20:18.515612+00:00", "symbol": "DOGE-USD"}, {"trade_id": 139133561, "side": "sell", "size": "722.80000000", "price": "0.19065000", "time": "2025-07-15T15:16:12.143608Z", "fetched_at": "2025-07-15T15:20:18.515612+00:00", "symbol": "DOGE-USD"}, {"trade_id": 139133560, "side": "sell", "size": "510.10000000", "price": "0.19065000", "time": "2025-07-15T15:16:11.251593Z", "fetched_at": "2025-07-15T15:20:18.515612+00:00", "symbol": "DOGE-USD"}, {"trade_id": 139133559, "side": "sell", "size": "1200.90000000", "price": "0.19066000", "time": "2025-07-15T15:16:08.538180Z", "fetched_at": "2025-07-15T15:20:18.515612+00:00", "symbol": "DOGE-USD"}, {"trade_id": 139133558, "side": "sell", "size": "238.40000000", "price": "0.19066000", "time": "2025-07-15T15:16:07.834765Z", "fetched_at": "2025-07-15T15:20:18.515612+00:00", "symbol": "DOGE-USD"}, {"trade_id": 139133557, "side": "sell", "size": "1733.80000000", "price": "0.19065000", "time": "2025-07-15T15:16:06.503083Z", "fetched_at": "2025-07-15T15:20:18.515612+00:00", "symbol": "DOGE-USD"}, {"trade_id": 139133556, "side": "sell", "size": "52.00000000", "price": "0.19065000", "time": "2025-07-15T15:16:06.174018Z", "fetched_at": "2025-07-15T15:20:18.515612+00:00", "symbol": "DOGE-USD"}, {"trade_id": 139133555, "side": "buy", "size": "5.80000000", "price": "0.19066000", "time": "2025-07-15T15:16:04.662062Z", "fetched_at": "2025-07-15T15:20:18.515612+00:00", "symbol": "DOGE-USD"}, {"trade_id": 139133554, "side": "buy", "size": "5.80000000", "price": "0.19068000", "time": "2025-07-15T15:16:04.621225Z", "fetched_at": "2025-07-15T15:20:18.515612+00:00", "symbol": "DOGE-USD"}, {"trade_id": 139133553, "side": "buy", "size": "447.40000000", "price": "0.19069000", "time": "2025-07-15T15:16:04.516325Z", "fetched_at": "2025-07-15T15:20:18.515612+00:00", "symbol": "DOGE-USD"}, {"trade_id": 139133552, "side": "buy", "size": "2000.00000000", "price": "0.19069000", "time": "2025-07-15T15:16:04.513213Z", "fetched_at": "2025-07-15T15:20:18.515612+00:00", "symbol": "DOGE-USD"}, {"trade_id": 139133551, "side": "buy", "size": "204.20000000", "price": "0.19069000", "time": "2025-07-15T15:16:04.512234Z", "fetched_at": "2025-07-15T15:20:18.515612+00:00", "symbol": "DOGE-USD"}, {"trade_id": 139133550, "side": "buy", "size": "2890.50000000", "price": "0.19069000", "time": "2025-07-15T15:16:04.508747Z", "fetched_at": "2025-07-15T15:20:18.515612+00:00", "symbol": "DOGE-USD"}, {"trade_id": 139133549, "side": "buy", "size": "198.50000000", "price": "0.19069000", "time": "2025-07-15T15:16:04.262003Z", "fetched_at": "2025-07-15T15:20:18.515612+00:00", "symbol": "DOGE-USD"}, {"trade_id": 139133548, "side": "buy", "size": "235.80000000", "price": "0.19069000", "time": "2025-07-15T15:16:04.258340Z", "fetched_at": "2025-07-15T15:20:18.515612+00:00", "symbol": "DOGE-USD"}, {"trade_id": 139133547, "side": "buy", "size": "321.70000000", "price": "0.19069000", "time": "2025-07-15T15:16:04.254123Z", "fetched_at": "2025-07-15T15:20:18.515612+00:00", "symbol": "DOGE-USD"}, {"trade_id": 139133546, "side": "buy", "size": "5.80000000", "price": "0.19070000", "time": "2025-07-15T15:16:04.250460Z", "fetched_at": "2025-07-15T15:20:18.515612+00:00", "symbol": "DOGE-USD"}, {"trade_id": 139133545, "side": "sell", "size": "36.30000000", "price": "0.19077000", "time": "2025-07-15T15:16:02.836069Z", "fetched_at": "2025-07-15T15:20:18.515612+00:00", "symbol": "DOGE-USD"}, {"trade_id": 139133544, "side": "sell", "size": "45.80000000", "price": "0.19073000", "time": "2025-07-15T15:16:02.348844Z", "fetched_at": "2025-07-15T15:20:18.515612+00:00", "symbol": "DOGE-USD"}, {"trade_id": 139133543, "side": "sell", "size": "1838.40000000", "price": "0.19073000", "time": "2025-07-15T15:16:02.348844Z", "fetched_at": "2025-07-15T15:20:18.515612+00:00", "symbol": "DOGE-USD"}, {"trade_id": 139133542, "side": "buy", "size": "1732.30000000", "price": "0.19073000", "time": "2025-07-15T15:16:01.148269Z", "fetched_at": "2025-07-15T15:20:18.515612+00:00", "symbol": "DOGE-USD"}, {"trade_id": 139133541, "side": "buy", "size": "39.50000000", "price": "0.19074000", "time": "2025-07-15T15:16:01.148269Z", "fetched_at": "2025-07-15T15:20:18.515612+00:00", "symbol": "DOGE-USD"}, {"trade_id": 139133540, "side": "buy", "size": "4737.90000000", "price": "0.19074000", "time": "2025-07-15T15:16:01.105531Z", "fetched_at": "2025-07-15T15:20:18.515612+00:00", "symbol": "DOGE-USD"}, {"trade_id": 139133539, "side": "buy", "size": "39.70000000", "price": "0.19074000", "time": "2025-07-15T15:16:01.105531Z", "fetched_at": "2025-07-15T15:20:18.515612+00:00", "symbol": "DOGE-USD"}, {"trade_id": 139133538, "side": "buy", "size": "2500.00000000", "price": "0.19077000", "time": "2025-07-15T15:16:01.033907Z", "fetched_at": "2025-07-15T15:20:18.515612+00:00", "symbol": "DOGE-USD"}, {"trade_id": 139133537, "side": "buy", "size": "10000.00000000", "price": "0.19077000", "time": "2025-07-15T15:16:01.033907Z", "fetched_at": "2025-07-15T15:20:18.515612+00:00", "symbol": "DOGE-USD"}, {"trade_id": 139133536, "side": "buy", "size": "5000.00000000", "price": "0.19077000", "time": "2025-07-15T15:16:01.033907Z", "fetched_at": "2025-07-15T15:20:18.515612+00:00", "symbol": "DOGE-USD"}, {"trade_id": 139133535, "side": "buy", "size": "50.40000000", "price": "0.19078000", "time": "2025-07-15T15:16:01.033907Z", "fetched_at": "2025-07-15T15:20:18.515612+00:00", "symbol": "DOGE-USD"}, {"trade_id": 139133534, "side": "buy", "size": "51.70000000", "price": "0.19081000", "time": "2025-07-15T15:16:00.842424Z", "fetched_at": "2025-07-15T15:20:18.515612+00:00", "symbol": "DOGE-USD"}, {"trade_id": 139133533, "side": "buy", "size": "1566.00000000", "price": "0.19083000", "time": "2025-07-15T15:16:00.771494Z", "fetched_at": "2025-07-15T15:20:18.515612+00:00", "symbol": "DOGE-USD"}, {"trade_id": 139133532, "side": "buy", "size": "51.70000000", "price": "0.19084000", "time": "2025-07-15T15:16:00.771494Z", "fetched_at": "2025-07-15T15:20:18.515612+00:00", "symbol": "DOGE-USD"}, {"trade_id": 139133531, "side": "sell", "size": "5.80000000", "price": "0.19084000", "time": "2025-07-15T15:16:00.689196Z", "fetched_at": "2025-07-15T15:20:18.515612+00:00", "symbol": "DOGE-USD"}, {"trade_id": 139133530, "side": "sell", "size": "283.40000000", "price": "0.19083000", "time": "2025-07-15T15:16:00.675977Z", "fetched_at": "2025-07-15T15:20:18.515612+00:00", "symbol": "DOGE-USD"}, {"trade_id": 139133529, "side": "sell", "size": "183.00000000", "price": "0.19082000", "time": "2025-07-15T15:16:00.675977Z", "fetched_at": "2025-07-15T15:20:18.515612+00:00", "symbol": "DOGE-USD"}, {"trade_id": 139133528, "side": "buy", "size": "794.60000000", "price": "0.19080000", "time": "2025-07-15T15:16:00.671566Z", "fetched_at": "2025-07-15T15:20:18.515612+00:00", "symbol": "DOGE-USD"}, {"trade_id": 139133527, "side": "buy", "size": "51.70000000", "price": "0.19082000", "time": "2025-07-15T15:16:00.666325Z", "fetched_at": "2025-07-15T15:20:18.515612+00:00", "symbol": "DOGE-USD"}, {"trade_id": 139133526, "side": "buy", "size": "5110.40000000", "price": "0.19079000", "time": "2025-07-15T15:16:00.656754Z", "fetched_at": "2025-07-15T15:20:18.515612+00:00", "symbol": "DOGE-USD"}, {"trade_id": 139133525, "side": "buy", "size": "1566.00000000", "price": "0.19079000", "time": "2025-07-15T15:16:00.656754Z", "fetched_at": "2025-07-15T15:20:18.515612+00:00", "symbol": "DOGE-USD"}, {"trade_id": 139133524, "side": "buy", "size": "1566.00000000", "price": "0.19082000", "time": "2025-07-15T15:16:00.656754Z", "fetched_at": "2025-07-15T15:20:18.515612+00:00", "symbol": "DOGE-USD"}, {"trade_id": 139133523, "side": "buy", "size": "6675.30000000", "price": "0.19080000", "time": "2025-07-15T15:16:00.654857Z", "fetched_at": "2025-07-15T15:20:18.515612+00:00", "symbol": "DOGE-USD"}, {"trade_id": 139133522, "side": "buy", "size": "5000.00000000", "price": "0.19081000", "time": "2025-07-15T15:16:00.649554Z", "fetched_at": "2025-07-15T15:20:18.515612+00:00", "symbol": "DOGE-USD"}, {"trade_id": 139133521, "side": "buy", "size": "1566.00000000", "price": "0.19081000", "time": "2025-07-15T15:16:00.649554Z", "fetched_at": "2025-07-15T15:20:18.515612+00:00", "symbol": "DOGE-USD"}, {"trade_id": 139133520, "side": "buy", "size": "794.60000000", "price": "0.19081000", "time": "2025-07-15T15:16:00.649554Z", "fetched_at": "2025-07-15T15:20:18.515612+00:00", "symbol": "DOGE-USD"}, {"trade_id": 139133519, "side": "buy", "size": "47.50000000", "price": "0.19082000", "time": "2025-07-15T15:16:00.649554Z", "fetched_at": "2025-07-15T15:20:18.515612+00:00", "symbol": "DOGE-USD"}, {"trade_id": 139133518, "side": "buy", "size": "96.50000000", "price": "0.19083000", "time": "2025-07-15T15:16:00.645319Z", "fetched_at": "2025-07-15T15:20:18.515612+00:00", "symbol": "DOGE-USD"}, {"trade_id": 139133517, "side": "buy", "size": "96.60000000", "price": "0.19083000", "time": "2025-07-15T15:16:00.645319Z", "fetched_at": "2025-07-15T15:20:18.515612+00:00", "symbol": "DOGE-USD"}, {"trade_id": 139133516, "side": "sell", "size": "5.80000000", "price": "0.19082000", "time": "2025-07-15T15:15:59.949364Z", "fetched_at": "2025-07-15T15:20:18.515612+00:00", "symbol": "DOGE-USD"}, {"trade_id": 139133515, "side": "sell", "size": "5.80000000", "price": "0.19080000", "time": "2025-07-15T15:15:59.324Z", "fetched_at": "2025-07-15T15:20:18.515612+00:00", "symbol": "DOGE-USD"}, {"trade_id": 139133514, "side": "sell", "size": "799.60000000", "price": "0.19078000", "time": "2025-07-15T15:15:59.323771Z", "fetched_at": "2025-07-15T15:20:18.515612+00:00", "symbol": "DOGE-USD"}, {"trade_id": 139133513, "side": "sell", "size": "5.80000000", "price": "0.19078000", "time": "2025-07-15T15:15:59.323771Z", "fetched_at": "2025-07-15T15:20:18.515612+00:00", "symbol": "DOGE-USD"}, {"trade_id": 139133512, "side": "sell", "size": "5.80000000", "price": "0.19076000", "time": "2025-07-15T15:15:58.936357Z", "fetched_at": "2025-07-15T15:20:18.515612+00:00", "symbol": "DOGE-USD"}, {"trade_id": 139133511, "side": "sell", "size": "170.20000000", "price": "0.19076000", "time": "2025-07-15T15:15:58.936357Z", "fetched_at": "2025-07-15T15:20:18.515612+00:00", "symbol": "DOGE-USD"}, {"trade_id": 139133510, "side": "sell", "size": "80.80000000", "price": "0.19075000", "time": "2025-07-15T15:15:58.933973Z", "fetched_at": "2025-07-15T15:20:18.515612+00:00", "symbol": "DOGE-USD"}, {"trade_id": 139133509, "side": "sell", "size": "57.00000000", "price": "0.19074000", "time": "2025-07-15T15:15:58.272526Z", "fetched_at": "2025-07-15T15:20:18.515612+00:00", "symbol": "DOGE-USD"}, {"trade_id": 139133508, "side": "sell", "size": "289.20000000", "price": "0.19074000", "time": "2025-07-15T15:15:58.268852Z", "fetched_at": "2025-07-15T15:20:18.515612+00:00", "symbol": "DOGE-USD"}, {"trade_id": 139133507, "side": "sell", "size": "201.80000000", "price": "0.19074000", "time": "2025-07-15T15:15:58.262342Z", "fetched_at": "2025-07-15T15:20:18.515612+00:00", "symbol": "DOGE-USD"}, {"trade_id": 139133506, "side": "sell", "size": "324.80000000", "price": "0.19074000", "time": "2025-07-15T15:15:58.247838Z", "fetched_at": "2025-07-15T15:20:18.515612+00:00", "symbol": "DOGE-USD"}, {"trade_id": 139133505, "side": "sell", "size": "70.70000000", "price": "0.19074000", "time": "2025-07-15T15:15:58.243997Z", "fetched_at": "2025-07-15T15:20:18.515612+00:00", "symbol": "DOGE-USD"}, {"trade_id": 139133504, "side": "sell", "size": "5.80000000", "price": "0.19074000", "time": "2025-07-15T15:15:58.243997Z", "fetched_at": "2025-07-15T15:20:18.515612+00:00", "symbol": "DOGE-USD"}, {"trade_id": 139133503, "side": "sell", "size": "159.50000000", "price": "0.19074000", "time": "2025-07-15T15:15:58.243997Z", "fetched_at": "2025-07-15T15:20:18.515612+00:00", "symbol": "DOGE-USD"}, {"trade_id": 139133502, "side": "sell", "size": "180.50000000", "price": "0.19073000", "time": "2025-07-15T15:15:55.971693Z", "fetched_at": "2025-07-15T15:20:18.515612+00:00", "symbol": "DOGE-USD"}, {"trade_id": 139133501, "side": "sell", "size": "1093.10000000", "price": "0.19072000", "time": "2025-07-15T15:15:55.971693Z", "fetched_at": "2025-07-15T15:20:18.515612+00:00", "symbol": "DOGE-USD"}, {"trade_id": 139133500, "side": "sell", "size": "5.80000000", "price": "0.19072000", "time": "2025-07-15T15:15:55.971693Z", "fetched_at": "2025-07-15T15:20:18.515612+00:00", "symbol": "DOGE-USD"}, {"trade_id": 139133499, "side": "sell", "size": "201.80000000", "price": "0.19072000", "time": "2025-07-15T15:15:55.971693Z", "fetched_at": "2025-07-15T15:20:18.515612+00:00", "symbol": "DOGE-USD"}, {"trade_id": 139133498, "side": "sell", "size": "50.70000000", "price": "0.19071000", "time": "2025-07-15T15:15:51.810306Z", "fetched_at": "2025-07-15T15:20:18.515612+00:00", "symbol": "DOGE-USD"}, {"trade_id": 139133497, "side": "sell", "size": "117.50000000", "price": "0.19071000", "time": "2025-07-15T15:15:51.546083Z", "fetched_at": "2025-07-15T15:20:18.515612+00:00", "symbol": "DOGE-USD"}, {"trade_id": 139133496, "side": "sell", "size": "32.70000000", "price": "0.19071000", "time": "2025-07-15T15:15:51.546083Z", "fetched_at": "2025-07-15T15:20:18.515612+00:00", "symbol": "DOGE-USD"}, {"trade_id": 139133495, "side": "sell", "size": "794.60000000", "price": "0.19070000", "time": "2025-07-15T15:15:51.546083Z", "fetched_at": "2025-07-15T15:20:18.515612+00:00", "symbol": "DOGE-USD"}, {"trade_id": 139133494, "side": "sell", "size": "38.60000000", "price": "0.19070000", "time": "2025-07-15T15:15:51.546083Z", "fetched_at": "2025-07-15T15:20:18.515612+00:00", "symbol": "DOGE-USD"}, {"trade_id": 139133493, "side": "sell", "size": "11.70000000", "price": "0.19071000", "time": "2025-07-15T15:15:47.935058Z", "fetched_at": "2025-07-15T15:20:18.515612+00:00", "symbol": "DOGE-USD"}, {"trade_id": 139133492, "side": "buy", "size": "3229.70000000", "price": "0.19068000", "time": "2025-07-15T15:15:45.596205Z", "fetched_at": "2025-07-15T15:20:18.515612+00:00", "symbol": "DOGE-USD"}, {"trade_id": 139133491, "side": "buy", "size": "1566.00000000", "price": "0.19068000", "time": "2025-07-15T15:15:45.596205Z", "fetched_at": "2025-07-15T15:20:18.515612+00:00", "symbol": "DOGE-USD"}, {"trade_id": 139133490, "side": "buy", "size": "794.60000000", "price": "0.19069000", "time": "2025-07-15T15:15:45.596205Z", "fetched_at": "2025-07-15T15:20:18.515612+00:00", "symbol": "DOGE-USD"}, {"trade_id": 139133489, "side": "buy", "size": "1475.90000000", "price": "0.19069000", "time": "2025-07-15T15:15:45.596205Z", "fetched_at": "2025-07-15T15:20:18.515612+00:00", "symbol": "DOGE-USD"}, {"trade_id": 139133488, "side": "buy", "size": "183.00000000", "price": "0.19070000", "time": "2025-07-15T15:15:45.596205Z", "fetched_at": "2025-07-15T15:20:18.515612+00:00", "symbol": "DOGE-USD"}, {"trade_id": 139133487, "side": "buy", "size": "1536.90000000", "price": "0.19070000", "time": "2025-07-15T15:15:45.596205Z", "fetched_at": "2025-07-15T15:20:18.515612+00:00", "symbol": "DOGE-USD"}, {"trade_id": 139133486, "side": "buy", "size": "1670.90000000", "price": "0.19070000", "time": "2025-07-15T15:15:45.596205Z", "fetched_at": "2025-07-15T15:20:18.515612+00:00", "symbol": "DOGE-USD"}, {"trade_id": 139133485, "side": "buy", "size": "31.40000000", "price": "0.19070000", "time": "2025-07-15T15:15:45.596205Z", "fetched_at": "2025-07-15T15:20:18.515612+00:00", "symbol": "DOGE-USD"}, {"trade_id": 139133484, "side": "sell", "size": "5.80000000", "price": "0.19070000", "time": "2025-07-15T15:15:44.570187Z", "fetched_at": "2025-07-15T15:20:18.515612+00:00", "symbol": "DOGE-USD"}, {"trade_id": 139133483, "side": "sell", "size": "12.60000000", "price": "0.19070000", "time": "2025-07-15T15:15:44.570187Z", "fetched_at": "2025-07-15T15:20:18.515612+00:00", "symbol": "DOGE-USD"}, {"trade_id": 139133482, "side": "sell", "size": "143.70000000", "price": "0.19069000", "time": "2025-07-15T15:15:44.152699Z", "fetched_at": "2025-07-15T15:20:18.515612+00:00", "symbol": "DOGE-USD"}, {"trade_id": 139133481, "side": "buy", "size": "585.10000000", "price": "0.19068000", "time": "2025-07-15T15:15:43.756905Z", "fetched_at": "2025-07-15T15:20:18.515612+00:00", "symbol": "DOGE-USD"}, {"trade_id": 139133480, "side": "buy", "size": "386.30000000", "price": "0.19068000", "time": "2025-07-15T15:15:43.756905Z", "fetched_at": "2025-07-15T15:20:18.515612+00:00", "symbol": "DOGE-USD"}, {"trade_id": 139133479, "side": "sell", "size": "5.80000000", "price": "0.19068000", "time": "2025-07-15T15:15:43.708972Z", "fetched_at": "2025-07-15T15:20:18.515612+00:00", "symbol": "DOGE-USD"}, {"trade_id": 139133478, "side": "sell", "size": "107.30000000", "price": "0.19068000", "time": "2025-07-15T15:15:43.708972Z", "fetched_at": "2025-07-15T15:20:18.515612+00:00", "symbol": "DOGE-USD"}, {"trade_id": 139133477, "side": "sell", "size": "65.30000000", "price": "0.19067000", "time": "2025-07-15T15:15:43.675858Z", "fetched_at": "2025-07-15T15:20:18.515612+00:00", "symbol": "DOGE-USD"}, {"trade_id": 139133476, "side": "sell", "size": "5.80000000", "price": "0.19066000", "time": "2025-07-15T15:15:43.638658Z", "fetched_at": "2025-07-15T15:20:18.515612+00:00", "symbol": "DOGE-USD"}, {"trade_id": 139133475, "side": "sell", "size": "61.80000000", "price": "0.19063000", "time": "2025-07-15T15:15:43.573729Z", "fetched_at": "2025-07-15T15:20:18.515612+00:00", "symbol": "DOGE-USD"}, {"trade_id": 139133474, "side": "buy", "size": "1273.50000000", "price": "0.19065000", "time": "2025-07-15T15:15:40.151417Z", "fetched_at": "2025-07-15T15:20:18.515612+00:00", "symbol": "DOGE-USD"}, {"trade_id": 139133473, "side": "sell", "size": "5.80000000", "price": "0.19064000", "time": "2025-07-15T15:15:39.948912Z", "fetched_at": "2025-07-15T15:20:18.515612+00:00", "symbol": "DOGE-USD"}, {"trade_id": 139133472, "side": "sell", "size": "5.80000000", "price": "0.19062000", "time": "2025-07-15T15:15:39.866207Z", "fetched_at": "2025-07-15T15:20:18.515612+00:00", "symbol": "DOGE-USD"}, {"trade_id": 139133471, "side": "sell", "size": "789.80000000", "price": "0.19061000", "time": "2025-07-15T15:15:39.706867Z", "fetched_at": "2025-07-15T15:20:18.515612+00:00", "symbol": "DOGE-USD"}, {"trade_id": 139133470, "side": "sell", "size": "61.80000000", "price": "0.19061000", "time": "2025-07-15T15:15:39.700257Z", "fetched_at": "2025-07-15T15:20:18.515612+00:00", "symbol": "DOGE-USD"}, {"trade_id": 139133469, "side": "sell", "size": "789.80000000", "price": "0.19060000", "time": "2025-07-15T15:15:39.700257Z", "fetched_at": "2025-07-15T15:20:18.515612+00:00", "symbol": "DOGE-USD"}, {"trade_id": 139133468, "side": "sell", "size": "5.80000000", "price": "0.19060000", "time": "2025-07-15T15:15:39.700257Z", "fetched_at": "2025-07-15T15:20:18.515612+00:00", "symbol": "DOGE-USD"}, {"trade_id": 139133467, "side": "sell", "size": "5.80000000", "price": "0.19058000", "time": "2025-07-15T15:15:39.626751Z", "fetched_at": "2025-07-15T15:20:18.515612+00:00", "symbol": "DOGE-USD"}, {"trade_id": 139133466, "side": "sell", "size": "5.80000000", "price": "0.19056000", "time": "2025-07-15T15:15:39.621084Z", "fetched_at": "2025-07-15T15:20:18.515612+00:00", "symbol": "DOGE-USD"}, {"trade_id": 139133465, "side": "sell", "size": "1418.00000000", "price": "0.19054000", "time": "2025-07-15T15:15:39.538044Z", "fetched_at": "2025-07-15T15:20:18.515612+00:00", "symbol": "DOGE-USD"}, {"trade_id": 139133464, "side": "sell", "size": "116.20000000", "price": "0.19054000", "time": "2025-07-15T15:15:39.015407Z", "fetched_at": "2025-07-15T15:20:18.515612+00:00", "symbol": "DOGE-USD"}, {"trade_id": 139133463, "side": "sell", "size": "5.80000000", "price": "0.19054000", "time": "2025-07-15T15:15:39.015407Z", "fetched_at": "2025-07-15T15:20:18.515612+00:00", "symbol": "DOGE-USD"}