[{"trade_id": 139127306, "side": "buy", "size": "5.80000000", "price": "0.19238000", "time": "2025-07-15T14:39:30.037303Z", "fetched_at": "2025-07-15T14:39:32.887947+00:00", "symbol": "DOGE-USD"}, {"trade_id": 139127305, "side": "buy", "size": "5.80000000", "price": "0.19240000", "time": "2025-07-15T14:39:27.665395Z", "fetched_at": "2025-07-15T14:39:32.887947+00:00", "symbol": "DOGE-USD"}, {"trade_id": 139127304, "side": "sell", "size": "123.10000000", "price": "0.19245000", "time": "2025-07-15T14:39:25.666451Z", "fetched_at": "2025-07-15T14:39:32.887947+00:00", "symbol": "DOGE-USD"}, {"trade_id": 139127303, "side": "sell", "size": "5.80000000", "price": "0.19244000", "time": "2025-07-15T14:39:25.666451Z", "fetched_at": "2025-07-15T14:39:32.887947+00:00", "symbol": "DOGE-USD"}, {"trade_id": 139127302, "side": "buy", "size": "13.30000000", "price": "0.19242000", "time": "2025-07-15T14:39:25.079314Z", "fetched_at": "2025-07-15T14:39:32.887947+00:00", "symbol": "DOGE-USD"}, {"trade_id": 139127301, "side": "buy", "size": "57.20000000", "price": "0.19241000", "time": "2025-07-15T14:39:22.419267Z", "fetched_at": "2025-07-15T14:39:32.887947+00:00", "symbol": "DOGE-USD"}, {"trade_id": 139127300, "side": "buy", "size": "246.70000000", "price": "0.19241000", "time": "2025-07-15T14:39:22.410594Z", "fetched_at": "2025-07-15T14:39:32.887947+00:00", "symbol": "DOGE-USD"}, {"trade_id": 139127299, "side": "sell", "size": "387.60000000", "price": "0.19243000", "time": "2025-07-15T14:39:21.904117Z", "fetched_at": "2025-07-15T14:39:32.887947+00:00", "symbol": "DOGE-USD"}, {"trade_id": 139127298, "side": "sell", "size": "1599.40000000", "price": "0.19242000", "time": "2025-07-15T14:39:21.904117Z", "fetched_at": "2025-07-15T14:39:32.887947+00:00", "symbol": "DOGE-USD"}, {"trade_id": 139127297, "side": "sell", "size": "265.00000000", "price": "0.19241000", "time": "2025-07-15T14:39:21.904117Z", "fetched_at": "2025-07-15T14:39:32.887947+00:00", "symbol": "DOGE-USD"}, {"trade_id": 139127296, "side": "buy", "size": "5.80000000", "price": "0.19238000", "time": "2025-07-15T14:39:19.635360Z", "fetched_at": "2025-07-15T14:39:32.887947+00:00", "symbol": "DOGE-USD"}, {"trade_id": 139127295, "side": "buy", "size": "5.80000000", "price": "0.19240000", "time": "2025-07-15T14:39:18.438421Z", "fetched_at": "2025-07-15T14:39:32.887947+00:00", "symbol": "DOGE-USD"}, {"trade_id": 139127294, "side": "buy", "size": "5.80000000", "price": "0.19242000", "time": "2025-07-15T14:39:18.380928Z", "fetched_at": "2025-07-15T14:39:32.887947+00:00", "symbol": "DOGE-USD"}, {"trade_id": 139127293, "side": "buy", "size": "13.60000000", "price": "0.19245000", "time": "2025-07-15T14:39:17.420037Z", "fetched_at": "2025-07-15T14:39:32.887947+00:00", "symbol": "DOGE-USD"}, {"trade_id": 139127292, "side": "sell", "size": "1648.00000000", "price": "0.19251000", "time": "2025-07-15T14:39:15.232424Z", "fetched_at": "2025-07-15T14:39:32.887947+00:00", "symbol": "DOGE-USD"}, {"trade_id": 139127291, "side": "sell", "size": "6.90000000", "price": "0.19250000", "time": "2025-07-15T14:39:15.232424Z", "fetched_at": "2025-07-15T14:39:32.887947+00:00", "symbol": "DOGE-USD"}, {"trade_id": 139127290, "side": "sell", "size": "5.80000000", "price": "0.19250000", "time": "2025-07-15T14:39:15.232424Z", "fetched_at": "2025-07-15T14:39:32.887947+00:00", "symbol": "DOGE-USD"}, {"trade_id": 139127289, "side": "sell", "size": "183.00000000", "price": "0.19248000", "time": "2025-07-15T14:39:15.232424Z", "fetched_at": "2025-07-15T14:39:32.887947+00:00", "symbol": "DOGE-USD"}, {"trade_id": 139127288, "side": "sell", "size": "5.80000000", "price": "0.19248000", "time": "2025-07-15T14:39:15.232424Z", "fetched_at": "2025-07-15T14:39:32.887947+00:00", "symbol": "DOGE-USD"}, {"trade_id": 139127287, "side": "buy", "size": "43.90000000", "price": "0.19245000", "time": "2025-07-15T14:39:14.891961Z", "fetched_at": "2025-07-15T14:39:32.887947+00:00", "symbol": "DOGE-USD"}, {"trade_id": 139127286, "side": "sell", "size": "5.80000000", "price": "0.19246000", "time": "2025-07-15T14:39:12.577929Z", "fetched_at": "2025-07-15T14:39:32.887947+00:00", "symbol": "DOGE-USD"}, {"trade_id": 139127285, "side": "buy", "size": "29.80000000", "price": "0.19244000", "time": "2025-07-15T14:39:12.295043Z", "fetched_at": "2025-07-15T14:39:32.887947+00:00", "symbol": "DOGE-USD"}, {"trade_id": 139127284, "side": "buy", "size": "160.10000000", "price": "0.19244000", "time": "2025-07-15T14:39:11.395981Z", "fetched_at": "2025-07-15T14:39:32.887947+00:00", "symbol": "DOGE-USD"}, {"trade_id": 139127283, "side": "sell", "size": "1601.40000000", "price": "0.19245000", "time": "2025-07-15T14:39:11.304096Z", "fetched_at": "2025-07-15T14:39:32.887947+00:00", "symbol": "DOGE-USD"}, {"trade_id": 139127282, "side": "sell", "size": "338.70000000", "price": "0.19241000", "time": "2025-07-15T14:39:11.089080Z", "fetched_at": "2025-07-15T14:39:32.887947+00:00", "symbol": "DOGE-USD"}, {"trade_id": 139127281, "side": "sell", "size": "435.70000000", "price": "0.19241000", "time": "2025-07-15T14:39:10.850283Z", "fetched_at": "2025-07-15T14:39:32.887947+00:00", "symbol": "DOGE-USD"}, {"trade_id": 139127280, "side": "sell", "size": "24.10000000", "price": "0.19241000", "time": "2025-07-15T14:39:10.772536Z", "fetched_at": "2025-07-15T14:39:32.887947+00:00", "symbol": "DOGE-USD"}, {"trade_id": 139127279, "side": "sell", "size": "24.10000000", "price": "0.19241000", "time": "2025-07-15T14:39:10.762197Z", "fetched_at": "2025-07-15T14:39:32.887947+00:00", "symbol": "DOGE-USD"}, {"trade_id": 139127278, "side": "sell", "size": "24.10000000", "price": "0.19241000", "time": "2025-07-15T14:39:10.751538Z", "fetched_at": "2025-07-15T14:39:32.887947+00:00", "symbol": "DOGE-USD"}, {"trade_id": 139127277, "side": "buy", "size": "52.00000000", "price": "0.19242000", "time": "2025-07-15T14:39:09.920061Z", "fetched_at": "2025-07-15T14:39:32.887947+00:00", "symbol": "DOGE-USD"}, {"trade_id": 139127276, "side": "sell", "size": "44.40000000", "price": "0.19243000", "time": "2025-07-15T14:39:09.103453Z", "fetched_at": "2025-07-15T14:39:32.887947+00:00", "symbol": "DOGE-USD"}, {"trade_id": 139127275, "side": "sell", "size": "5.80000000", "price": "0.19242000", "time": "2025-07-15T14:39:09.103453Z", "fetched_at": "2025-07-15T14:39:32.887947+00:00", "symbol": "DOGE-USD"}, {"trade_id": 139127274, "side": "sell", "size": "5.80000000", "price": "0.19240000", "time": "2025-07-15T14:39:08.772390Z", "fetched_at": "2025-07-15T14:39:32.887947+00:00", "symbol": "DOGE-USD"}, {"trade_id": 139127273, "side": "sell", "size": "2403.20000000", "price": "0.19234000", "time": "2025-07-15T14:39:07.788223Z", "fetched_at": "2025-07-15T14:39:32.887947+00:00", "symbol": "DOGE-USD"}, {"trade_id": 139127272, "side": "sell", "size": "50.90000000", "price": "0.19232000", "time": "2025-07-15T14:39:07.774312Z", "fetched_at": "2025-07-15T14:39:32.887947+00:00", "symbol": "DOGE-USD"}, {"trade_id": 139127271, "side": "sell", "size": "3432.10000000", "price": "0.19233000", "time": "2025-07-15T14:39:07.764883Z", "fetched_at": "2025-07-15T14:39:32.887947+00:00", "symbol": "DOGE-USD"}, {"trade_id": 139127270, "side": "sell", "size": "6669.90000000", "price": "0.19233000", "time": "2025-07-15T14:39:07.764883Z", "fetched_at": "2025-07-15T14:39:32.887947+00:00", "symbol": "DOGE-USD"}, {"trade_id": 139127269, "side": "sell", "size": "1566.00000000", "price": "0.19233000", "time": "2025-07-15T14:39:07.764883Z", "fetched_at": "2025-07-15T14:39:32.887947+00:00", "symbol": "DOGE-USD"}, {"trade_id": 139127268, "side": "sell", "size": "338.70000000", "price": "0.19233000", "time": "2025-07-15T14:39:07.764883Z", "fetched_at": "2025-07-15T14:39:32.887947+00:00", "symbol": "DOGE-USD"}, {"trade_id": 139127267, "side": "sell", "size": "50.90000000", "price": "0.19232000", "time": "2025-07-15T14:39:07.764883Z", "fetched_at": "2025-07-15T14:39:32.887947+00:00", "symbol": "DOGE-USD"}, {"trade_id": 139127266, "side": "buy", "size": "59.40000000", "price": "0.19229000", "time": "2025-07-15T14:39:07.509158Z", "fetched_at": "2025-07-15T14:39:32.887947+00:00", "symbol": "DOGE-USD"}, {"trade_id": 139127265, "side": "buy", "size": "5.80000000", "price": "0.19230000", "time": "2025-07-15T14:39:07.376696Z", "fetched_at": "2025-07-15T14:39:32.887947+00:00", "symbol": "DOGE-USD"}, {"trade_id": 139127264, "side": "buy", "size": "1670.80000000", "price": "0.19234000", "time": "2025-07-15T14:39:06.802943Z", "fetched_at": "2025-07-15T14:39:32.887947+00:00", "symbol": "DOGE-USD"}, {"trade_id": 139127263, "side": "buy", "size": "19593.60000000", "price": "0.19234000", "time": "2025-07-15T14:39:06.802943Z", "fetched_at": "2025-07-15T14:39:32.887947+00:00", "symbol": "DOGE-USD"}, {"trade_id": 139127262, "side": "buy", "size": "57.10000000", "price": "0.19235000", "time": "2025-07-15T14:39:06.802943Z", "fetched_at": "2025-07-15T14:39:32.887947+00:00", "symbol": "DOGE-USD"}, {"trade_id": 139127261, "side": "buy", "size": "688.60000000", "price": "0.19240000", "time": "2025-07-15T14:39:05.109304Z", "fetched_at": "2025-07-15T14:39:32.887947+00:00", "symbol": "DOGE-USD"}, {"trade_id": 139127260, "side": "buy", "size": "1412.30000000", "price": "0.19244000", "time": "2025-07-15T14:39:04.999561Z", "fetched_at": "2025-07-15T14:39:32.887947+00:00", "symbol": "DOGE-USD"}, {"trade_id": 139127259, "side": "buy", "size": "1412.30000000", "price": "0.19244000", "time": "2025-07-15T14:39:04.999561Z", "fetched_at": "2025-07-15T14:39:32.887947+00:00", "symbol": "DOGE-USD"}, {"trade_id": 139127258, "side": "buy", "size": "15.30000000", "price": "0.19243000", "time": "2025-07-15T14:39:04.899122Z", "fetched_at": "2025-07-15T14:39:32.887947+00:00", "symbol": "DOGE-USD"}, {"trade_id": 139127257, "side": "sell", "size": "3775.60000000", "price": "0.19244000", "time": "2025-07-15T14:39:04.144226Z", "fetched_at": "2025-07-15T14:39:32.887947+00:00", "symbol": "DOGE-USD"}, {"trade_id": 139127256, "side": "sell", "size": "50.90000000", "price": "0.19244000", "time": "2025-07-15T14:39:04.144226Z", "fetched_at": "2025-07-15T14:39:32.887947+00:00", "symbol": "DOGE-USD"}, {"trade_id": 139127255, "side": "sell", "size": "19587.70000000", "price": "0.19244000", "time": "2025-07-15T14:39:04.144226Z", "fetched_at": "2025-07-15T14:39:32.887947+00:00", "symbol": "DOGE-USD"}, {"trade_id": 139127254, "side": "sell", "size": "5.80000000", "price": "0.19244000", "time": "2025-07-15T14:39:04.144226Z", "fetched_at": "2025-07-15T14:39:32.887947+00:00", "symbol": "DOGE-USD"}, {"trade_id": 139127253, "side": "sell", "size": "1993.40000000", "price": "0.19242000", "time": "2025-07-15T14:39:04.143666Z", "fetched_at": "2025-07-15T14:39:32.887947+00:00", "symbol": "DOGE-USD"}, {"trade_id": 139127252, "side": "sell", "size": "5.80000000", "price": "0.19242000", "time": "2025-07-15T14:39:04.143666Z", "fetched_at": "2025-07-15T14:39:32.887947+00:00", "symbol": "DOGE-USD"}, {"trade_id": 139127251, "side": "sell", "size": "5.80000000", "price": "0.19240000", "time": "2025-07-15T14:39:04.143666Z", "fetched_at": "2025-07-15T14:39:32.887947+00:00", "symbol": "DOGE-USD"}, {"trade_id": 139127250, "side": "buy", "size": "35.00000000", "price": "0.19239000", "time": "2025-07-15T14:39:02.537253Z", "fetched_at": "2025-07-15T14:39:32.887947+00:00", "symbol": "DOGE-USD"}, {"trade_id": 139127249, "side": "sell", "size": "5.80000000", "price": "0.19238000", "time": "2025-07-15T14:39:02.245141Z", "fetched_at": "2025-07-15T14:39:32.887947+00:00", "symbol": "DOGE-USD"}, {"trade_id": 139127248, "side": "sell", "size": "5.80000000", "price": "0.19236000", "time": "2025-07-15T14:39:02.184114Z", "fetched_at": "2025-07-15T14:39:32.887947+00:00", "symbol": "DOGE-USD"}, {"trade_id": 139127247, "side": "sell", "size": "158.10000000", "price": "0.19235000", "time": "2025-07-15T14:39:01.530926Z", "fetched_at": "2025-07-15T14:39:32.887947+00:00", "symbol": "DOGE-USD"}, {"trade_id": 139127246, "side": "sell", "size": "5.80000000", "price": "0.19234000", "time": "2025-07-15T14:39:01.530926Z", "fetched_at": "2025-07-15T14:39:32.887947+00:00", "symbol": "DOGE-USD"}, {"trade_id": 139127245, "side": "sell", "size": "338.70000000", "price": "0.19229000", "time": "2025-07-15T14:39:00.787398Z", "fetched_at": "2025-07-15T14:39:32.887947+00:00", "symbol": "DOGE-USD"}, {"trade_id": 139127244, "side": "buy", "size": "7.20000000", "price": "0.19231000", "time": "2025-07-15T14:39:00.112036Z", "fetched_at": "2025-07-15T14:39:32.887947+00:00", "symbol": "DOGE-USD"}, {"trade_id": 139127243, "side": "buy", "size": "16.70000000", "price": "0.19231000", "time": "2025-07-15T14:38:57.931597Z", "fetched_at": "2025-07-15T14:39:32.887947+00:00", "symbol": "DOGE-USD"}, {"trade_id": 139127242, "side": "sell", "size": "5.80000000", "price": "0.19234000", "time": "2025-07-15T14:38:56.700771Z", "fetched_at": "2025-07-15T14:39:32.887947+00:00", "symbol": "DOGE-USD"}, {"trade_id": 139127241, "side": "sell", "size": "5.80000000", "price": "0.19232000", "time": "2025-07-15T14:38:56.284087Z", "fetched_at": "2025-07-15T14:39:32.887947+00:00", "symbol": "DOGE-USD"}, {"trade_id": 139127240, "side": "buy", "size": "47.80000000", "price": "0.19231000", "time": "2025-07-15T14:38:55.863039Z", "fetched_at": "2025-07-15T14:39:32.887947+00:00", "symbol": "DOGE-USD"}, {"trade_id": 139127239, "side": "buy", "size": "13.60000000", "price": "0.19229000", "time": "2025-07-15T14:38:55.565747Z", "fetched_at": "2025-07-15T14:39:32.887947+00:00", "symbol": "DOGE-USD"}, {"trade_id": 139127238, "side": "buy", "size": "5.80000000", "price": "0.19228000", "time": "2025-07-15T14:38:53.093190Z", "fetched_at": "2025-07-15T14:39:32.887947+00:00", "symbol": "DOGE-USD"}, {"trade_id": 139127237, "side": "buy", "size": "6.20000000", "price": "0.19230000", "time": "2025-07-15T14:38:50.488578Z", "fetched_at": "2025-07-15T14:39:32.887947+00:00", "symbol": "DOGE-USD"}, {"trade_id": 139127236, "side": "buy", "size": "3.40000000", "price": "0.19229000", "time": "2025-07-15T14:38:48.094254Z", "fetched_at": "2025-07-15T14:39:32.887947+00:00", "symbol": "DOGE-USD"}, {"trade_id": 139127235, "side": "buy", "size": "6743.40000000", "price": "0.19230000", "time": "2025-07-15T14:38:45.915240Z", "fetched_at": "2025-07-15T14:39:32.887947+00:00", "symbol": "DOGE-USD"}, {"trade_id": 139127234, "side": "buy", "size": "7517.30000000", "price": "0.19230000", "time": "2025-07-15T14:38:45.911290Z", "fetched_at": "2025-07-15T14:39:32.887947+00:00", "symbol": "DOGE-USD"}, {"trade_id": 139127233, "side": "buy", "size": "19698.00000000", "price": "0.19230000", "time": "2025-07-15T14:38:45.911290Z", "fetched_at": "2025-07-15T14:39:32.887947+00:00", "symbol": "DOGE-USD"}, {"trade_id": 139127232, "side": "buy", "size": "5.80000000", "price": "0.19230000", "time": "2025-07-15T14:38:45.911290Z", "fetched_at": "2025-07-15T14:39:32.887947+00:00", "symbol": "DOGE-USD"}, {"trade_id": 139127231, "side": "buy", "size": "8.20000000", "price": "0.19231000", "time": "2025-07-15T14:38:45.911290Z", "fetched_at": "2025-07-15T14:39:32.887947+00:00", "symbol": "DOGE-USD"}, {"trade_id": 139127230, "side": "buy", "size": "5.80000000", "price": "0.19232000", "time": "2025-07-15T14:38:45.911290Z", "fetched_at": "2025-07-15T14:39:32.887947+00:00", "symbol": "DOGE-USD"}, {"trade_id": 139127229, "side": "buy", "size": "5.80000000", "price": "0.19234000", "time": "2025-07-15T14:38:45.643337Z", "fetched_at": "2025-07-15T14:39:32.887947+00:00", "symbol": "DOGE-USD"}, {"trade_id": 139127228, "side": "buy", "size": "47.90000000", "price": "0.19236000", "time": "2025-07-15T14:38:43.113344Z", "fetched_at": "2025-07-15T14:39:32.887947+00:00", "symbol": "DOGE-USD"}, {"trade_id": 139127227, "side": "buy", "size": "5.80000000", "price": "0.19236000", "time": "2025-07-15T14:38:43.113344Z", "fetched_at": "2025-07-15T14:39:32.887947+00:00", "symbol": "DOGE-USD"}, {"trade_id": 139127226, "side": "sell", "size": "783.90000000", "price": "0.19242000", "time": "2025-07-15T14:38:42.222674Z", "fetched_at": "2025-07-15T14:39:32.887947+00:00", "symbol": "DOGE-USD"}, {"trade_id": 139127225, "side": "sell", "size": "5.80000000", "price": "0.19242000", "time": "2025-07-15T14:38:42.222674Z", "fetched_at": "2025-07-15T14:39:32.887947+00:00", "symbol": "DOGE-USD"}, {"trade_id": 139127224, "side": "sell", "size": "338.70000000", "price": "0.19238000", "time": "2025-07-15T14:38:42.216979Z", "fetched_at": "2025-07-15T14:39:32.887947+00:00", "symbol": "DOGE-USD"}, {"trade_id": 139127223, "side": "buy", "size": "43.10000000", "price": "0.19241000", "time": "2025-07-15T14:38:40.480314Z", "fetched_at": "2025-07-15T14:39:32.887947+00:00", "symbol": "DOGE-USD"}, {"trade_id": 139127222, "side": "buy", "size": "2500.00000000", "price": "0.19238000", "time": "2025-07-15T14:38:38.309622Z", "fetched_at": "2025-07-15T14:39:32.887947+00:00", "symbol": "DOGE-USD"}, {"trade_id": 139127221, "side": "buy", "size": "1427.80000000", "price": "0.19239000", "time": "2025-07-15T14:38:38.304821Z", "fetched_at": "2025-07-15T14:39:32.887947+00:00", "symbol": "DOGE-USD"}, {"trade_id": 139127220, "side": "buy", "size": "1427.80000000", "price": "0.19239000", "time": "2025-07-15T14:38:38.304821Z", "fetched_at": "2025-07-15T14:39:32.887947+00:00", "symbol": "DOGE-USD"}, {"trade_id": 139127219, "side": "buy", "size": "5.50000000", "price": "0.19240000", "time": "2025-07-15T14:38:38.304821Z", "fetched_at": "2025-07-15T14:39:32.887947+00:00", "symbol": "DOGE-USD"}, {"trade_id": 139127218, "side": "buy", "size": "5.20000000", "price": "0.19240000", "time": "2025-07-15T14:38:37.937443Z", "fetched_at": "2025-07-15T14:39:32.887947+00:00", "symbol": "DOGE-USD"}, {"trade_id": 139127217, "side": "sell", "size": "5.80000000", "price": "0.19240000", "time": "2025-07-15T14:38:35.735513Z", "fetched_at": "2025-07-15T14:39:32.887947+00:00", "symbol": "DOGE-USD"}, {"trade_id": 139127216, "side": "buy", "size": "5.80000000", "price": "0.19239000", "time": "2025-07-15T14:38:35.338229Z", "fetched_at": "2025-07-15T14:39:32.887947+00:00", "symbol": "DOGE-USD"}, {"trade_id": 139127215, "side": "buy", "size": "253.60000000", "price": "0.19238000", "time": "2025-07-15T14:38:35.103478Z", "fetched_at": "2025-07-15T14:39:32.887947+00:00", "symbol": "DOGE-USD"}, {"trade_id": 139127214, "side": "buy", "size": "183.00000000", "price": "0.19239000", "time": "2025-07-15T14:38:35.103478Z", "fetched_at": "2025-07-15T14:39:32.887947+00:00", "symbol": "DOGE-USD"}, {"trade_id": 139127213, "side": "sell", "size": "20.80000000", "price": "0.19237000", "time": "2025-07-15T14:38:34.307458Z", "fetched_at": "2025-07-15T14:39:32.887947+00:00", "symbol": "DOGE-USD"}, {"trade_id": 139127212, "side": "buy", "size": "15.60000000", "price": "0.19235000", "time": "2025-07-15T14:38:33.072686Z", "fetched_at": "2025-07-15T14:39:32.887947+00:00", "symbol": "DOGE-USD"}, {"trade_id": 139127211, "side": "buy", "size": "34.70000000", "price": "0.19240000", "time": "2025-07-15T14:38:30.779319Z", "fetched_at": "2025-07-15T14:39:32.887947+00:00", "symbol": "DOGE-USD"}, {"trade_id": 139127210, "side": "sell", "size": "20.80000000", "price": "0.19238000", "time": "2025-07-15T14:38:30.307291Z", "fetched_at": "2025-07-15T14:39:32.887947+00:00", "symbol": "DOGE-USD"}, {"trade_id": 139127209, "side": "sell", "size": "20.80000000", "price": "0.19235000", "time": "2025-07-15T14:38:29.999633Z", "fetched_at": "2025-07-15T14:39:32.887947+00:00", "symbol": "DOGE-USD"}, {"trade_id": 139127208, "side": "buy", "size": "7.50000000", "price": "0.19239000", "time": "2025-07-15T14:38:28.737018Z", "fetched_at": "2025-07-15T14:39:32.887947+00:00", "symbol": "DOGE-USD"}, {"trade_id": 139127207, "side": "sell", "size": "0.40000000", "price": "0.19240000", "time": "2025-07-15T14:38:28.382203Z", "fetched_at": "2025-07-15T14:39:32.887947+00:00", "symbol": "DOGE-USD"}, {"trade_id": 139127206, "side": "sell", "size": "5.80000000", "price": "0.19238000", "time": "2025-07-15T14:38:28.382203Z", "fetched_at": "2025-07-15T14:39:32.887947+00:00", "symbol": "DOGE-USD"}, {"trade_id": 139127205, "side": "buy", "size": "9.10000000", "price": "0.19236000", "time": "2025-07-15T14:38:26.591942Z", "fetched_at": "2025-07-15T14:39:32.887947+00:00", "symbol": "DOGE-USD"}, {"trade_id": 139127204, "side": "sell", "size": "5.80000000", "price": "0.19236000", "time": "2025-07-15T14:38:26.050671Z", "fetched_at": "2025-07-15T14:39:32.887947+00:00", "symbol": "DOGE-USD"}, {"trade_id": 139127203, "side": "sell", "size": "5.80000000", "price": "0.19234000", "time": "2025-07-15T14:38:25.417558Z", "fetched_at": "2025-07-15T14:39:32.887947+00:00", "symbol": "DOGE-USD"}, {"trade_id": 139127202, "side": "sell", "size": "5.80000000", "price": "0.19232000", "time": "2025-07-15T14:38:25.341067Z", "fetched_at": "2025-07-15T14:39:32.887947+00:00", "symbol": "DOGE-USD"}, {"trade_id": 139127201, "side": "sell", "size": "1143.40000000", "price": "0.19230000", "time": "2025-07-15T14:38:24.746Z", "fetched_at": "2025-07-15T14:39:32.887947+00:00", "symbol": "DOGE-USD"}, {"trade_id": 139127200, "side": "sell", "size": "484.10000000", "price": "0.19230000", "time": "2025-07-15T14:38:24.733559Z", "fetched_at": "2025-07-15T14:39:32.887947+00:00", "symbol": "DOGE-USD"}, {"trade_id": 139127199, "side": "sell", "size": "478.30000000", "price": "0.19230000", "time": "2025-07-15T14:38:24.721559Z", "fetched_at": "2025-07-15T14:39:32.887947+00:00", "symbol": "DOGE-USD"}, {"trade_id": 139127198, "side": "sell", "size": "5.80000000", "price": "0.19230000", "time": "2025-07-15T14:38:24.721559Z", "fetched_at": "2025-07-15T14:39:32.887947+00:00", "symbol": "DOGE-USD"}, {"trade_id": 139127197, "side": "buy", "size": "26.80000000", "price": "0.19229000", "time": "2025-07-15T14:38:24.097085Z", "fetched_at": "2025-07-15T14:39:32.887947+00:00", "symbol": "DOGE-USD"}, {"trade_id": 139127196, "side": "sell", "size": "18.90000000", "price": "0.19227000", "time": "2025-07-15T14:38:23.873006Z", "fetched_at": "2025-07-15T14:39:32.887947+00:00", "symbol": "DOGE-USD"}, {"trade_id": 139127195, "side": "sell", "size": "33.10000000", "price": "0.19226000", "time": "2025-07-15T14:38:22.355732Z", "fetched_at": "2025-07-15T14:39:32.887947+00:00", "symbol": "DOGE-USD"}, {"trade_id": 139127194, "side": "sell", "size": "18.90000000", "price": "0.19226000", "time": "2025-07-15T14:38:22.355732Z", "fetched_at": "2025-07-15T14:39:32.887947+00:00", "symbol": "DOGE-USD"}, {"trade_id": 139127193, "side": "buy", "size": "1645.60000000", "price": "0.19226000", "time": "2025-07-15T14:38:21.836400Z", "fetched_at": "2025-07-15T14:39:32.887947+00:00", "symbol": "DOGE-USD"}, {"trade_id": 139127192, "side": "sell", "size": "18.90000000", "price": "0.19225000", "time": "2025-07-15T14:38:21.376098Z", "fetched_at": "2025-07-15T14:39:32.887947+00:00", "symbol": "DOGE-USD"}, {"trade_id": 139127191, "side": "sell", "size": "1377.60000000", "price": "0.19225000", "time": "2025-07-15T14:38:21.374078Z", "fetched_at": "2025-07-15T14:39:32.887947+00:00", "symbol": "DOGE-USD"}, {"trade_id": 139127190, "side": "sell", "size": "1420.20000000", "price": "0.19225000", "time": "2025-07-15T14:38:21.374078Z", "fetched_at": "2025-07-15T14:39:32.887947+00:00", "symbol": "DOGE-USD"}, {"trade_id": 139127189, "side": "buy", "size": "45.10000000", "price": "0.19221000", "time": "2025-07-15T14:38:18.621395Z", "fetched_at": "2025-07-15T14:39:32.887947+00:00", "symbol": "DOGE-USD"}, {"trade_id": 139127188, "side": "buy", "size": "36.60000000", "price": "0.19219000", "time": "2025-07-15T14:38:18.100885Z", "fetched_at": "2025-07-15T14:39:32.887947+00:00", "symbol": "DOGE-USD"}, {"trade_id": 139127187, "side": "buy", "size": "1423.40000000", "price": "0.19219000", "time": "2025-07-15T14:38:18.100627Z", "fetched_at": "2025-07-15T14:39:32.887947+00:00", "symbol": "DOGE-USD"}, {"trade_id": 139127186, "side": "buy", "size": "7.20000000", "price": "0.19219000", "time": "2025-07-15T14:38:18.100627Z", "fetched_at": "2025-07-15T14:39:32.887947+00:00", "symbol": "DOGE-USD"}, {"trade_id": 139127185, "side": "buy", "size": "1416.20000000", "price": "0.19219000", "time": "2025-07-15T14:38:18.100627Z", "fetched_at": "2025-07-15T14:39:32.887947+00:00", "symbol": "DOGE-USD"}, {"trade_id": 139127184, "side": "buy", "size": "5.90000000", "price": "0.19220000", "time": "2025-07-15T14:38:18.100627Z", "fetched_at": "2025-07-15T14:39:32.887947+00:00", "symbol": "DOGE-USD"}, {"trade_id": 139127183, "side": "buy", "size": "5.80000000", "price": "0.19220000", "time": "2025-07-15T14:38:18.100627Z", "fetched_at": "2025-07-15T14:39:32.887947+00:00", "symbol": "DOGE-USD"}, {"trade_id": 139127182, "side": "buy", "size": "0.20000000", "price": "0.19220000", "time": "2025-07-15T14:38:18.100627Z", "fetched_at": "2025-07-15T14:39:32.887947+00:00", "symbol": "DOGE-USD"}, {"trade_id": 139127181, "side": "buy", "size": "0.20000000", "price": "0.19221000", "time": "2025-07-15T14:38:18.100627Z", "fetched_at": "2025-07-15T14:39:32.887947+00:00", "symbol": "DOGE-USD"}, {"trade_id": 139127180, "side": "buy", "size": "24.50000000", "price": "0.19221000", "time": "2025-07-15T14:38:18.100627Z", "fetched_at": "2025-07-15T14:39:32.887947+00:00", "symbol": "DOGE-USD"}, {"trade_id": 139127179, "side": "buy", "size": "5.80000000", "price": "0.19222000", "time": "2025-07-15T14:38:17.122699Z", "fetched_at": "2025-07-15T14:39:32.887947+00:00", "symbol": "DOGE-USD"}, {"trade_id": 139127178, "side": "buy", "size": "891.30000000", "price": "0.19223000", "time": "2025-07-15T14:38:16.855282Z", "fetched_at": "2025-07-15T14:39:32.887947+00:00", "symbol": "DOGE-USD"}, {"trade_id": 139127177, "side": "buy", "size": "490.50000000", "price": "0.19223000", "time": "2025-07-15T14:38:16.852892Z", "fetched_at": "2025-07-15T14:39:32.887947+00:00", "symbol": "DOGE-USD"}, {"trade_id": 139127176, "side": "buy", "size": "1381.80000000", "price": "0.19223000", "time": "2025-07-15T14:38:16.852892Z", "fetched_at": "2025-07-15T14:39:32.887947+00:00", "symbol": "DOGE-USD"}, {"trade_id": 139127175, "side": "buy", "size": "178.80000000", "price": "0.19224000", "time": "2025-07-15T14:38:16.262958Z", "fetched_at": "2025-07-15T14:39:32.887947+00:00", "symbol": "DOGE-USD"}, {"trade_id": 139127174, "side": "buy", "size": "41.30000000", "price": "0.19224000", "time": "2025-07-15T14:38:16.262958Z", "fetched_at": "2025-07-15T14:39:32.887947+00:00", "symbol": "DOGE-USD"}, {"trade_id": 139127173, "side": "buy", "size": "5.80000000", "price": "0.19224000", "time": "2025-07-15T14:38:16.262958Z", "fetched_at": "2025-07-15T14:39:32.887947+00:00", "symbol": "DOGE-USD"}, {"trade_id": 139127172, "side": "buy", "size": "1692.80000000", "price": "0.19225000", "time": "2025-07-15T14:38:15.309874Z", "fetched_at": "2025-07-15T14:39:32.887947+00:00", "symbol": "DOGE-USD"}, {"trade_id": 139127171, "side": "buy", "size": "7.90000000", "price": "0.19226000", "time": "2025-07-15T14:38:15.309874Z", "fetched_at": "2025-07-15T14:39:32.887947+00:00", "symbol": "DOGE-USD"}, {"trade_id": 139127170, "side": "buy", "size": "1473.80000000", "price": "0.19227000", "time": "2025-07-15T14:38:15.260985Z", "fetched_at": "2025-07-15T14:39:32.887947+00:00", "symbol": "DOGE-USD"}, {"trade_id": 139127169, "side": "buy", "size": "5.50000000", "price": "0.19227000", "time": "2025-07-15T14:38:15.260985Z", "fetched_at": "2025-07-15T14:39:32.887947+00:00", "symbol": "DOGE-USD"}, {"trade_id": 139127168, "side": "buy", "size": "1625.90000000", "price": "0.19228000", "time": "2025-07-15T14:38:15.205067Z", "fetched_at": "2025-07-15T14:39:32.887947+00:00", "symbol": "DOGE-USD"}, {"trade_id": 139127167, "side": "buy", "size": "5.30000000", "price": "0.19229000", "time": "2025-07-15T14:38:15.205067Z", "fetched_at": "2025-07-15T14:39:32.887947+00:00", "symbol": "DOGE-USD"}, {"trade_id": 139127166, "side": "buy", "size": "11.90000000", "price": "0.19231000", "time": "2025-07-15T14:38:13.979970Z", "fetched_at": "2025-07-15T14:39:32.887947+00:00", "symbol": "DOGE-USD"}, {"trade_id": 139127165, "side": "sell", "size": "789.70000000", "price": "0.19228000", "time": "2025-07-15T14:38:13.474873Z", "fetched_at": "2025-07-15T14:39:32.887947+00:00", "symbol": "DOGE-USD"}, {"trade_id": 139127164, "side": "buy", "size": "8.40000000", "price": "0.19230000", "time": "2025-07-15T14:38:11.248432Z", "fetched_at": "2025-07-15T14:39:32.887947+00:00", "symbol": "DOGE-USD"}, {"trade_id": 139127163, "side": "sell", "size": "98.60000000", "price": "0.19230000", "time": "2025-07-15T14:38:09.868959Z", "fetched_at": "2025-07-15T14:39:32.887947+00:00", "symbol": "DOGE-USD"}, {"trade_id": 139127162, "side": "sell", "size": "5.80000000", "price": "0.19230000", "time": "2025-07-15T14:38:09.319779Z", "fetched_at": "2025-07-15T14:39:32.887947+00:00", "symbol": "DOGE-USD"}, {"trade_id": 139127161, "side": "sell", "size": "23.80000000", "price": "0.19229000", "time": "2025-07-15T14:38:09.076874Z", "fetched_at": "2025-07-15T14:39:32.887947+00:00", "symbol": "DOGE-USD"}, {"trade_id": 139127160, "side": "sell", "size": "217.80000000", "price": "0.19229000", "time": "2025-07-15T14:38:09.072457Z", "fetched_at": "2025-07-15T14:39:32.887947+00:00", "symbol": "DOGE-USD"}, {"trade_id": 139127159, "side": "sell", "size": "1366.00000000", "price": "0.19229000", "time": "2025-07-15T14:38:09.068825Z", "fetched_at": "2025-07-15T14:39:32.887947+00:00", "symbol": "DOGE-USD"}, {"trade_id": 139127158, "side": "sell", "size": "5.00000000", "price": "0.19229000", "time": "2025-07-15T14:38:08.682003Z", "fetched_at": "2025-07-15T14:39:32.887947+00:00", "symbol": "DOGE-USD"}, {"trade_id": 139127157, "side": "buy", "size": "36.30000000", "price": "0.19228000", "time": "2025-07-15T14:38:08.432683Z", "fetched_at": "2025-07-15T14:39:32.887947+00:00", "symbol": "DOGE-USD"}, {"trade_id": 139127156, "side": "sell", "size": "206.00000000", "price": "0.19229000", "time": "2025-07-15T14:38:08.399663Z", "fetched_at": "2025-07-15T14:39:32.887947+00:00", "symbol": "DOGE-USD"}, {"trade_id": 139127155, "side": "sell", "size": "50.20000000", "price": "0.19229000", "time": "2025-07-15T14:38:08.396382Z", "fetched_at": "2025-07-15T14:39:32.887947+00:00", "symbol": "DOGE-USD"}, {"trade_id": 139127154, "side": "sell", "size": "201.50000000", "price": "0.19229000", "time": "2025-07-15T14:38:08.395265Z", "fetched_at": "2025-07-15T14:39:32.887947+00:00", "symbol": "DOGE-USD"}, {"trade_id": 139127153, "side": "sell", "size": "196.90000000", "price": "0.19229000", "time": "2025-07-15T14:38:08.373047Z", "fetched_at": "2025-07-15T14:39:32.887947+00:00", "symbol": "DOGE-USD"}, {"trade_id": 139127152, "side": "buy", "size": "1503.80000000", "price": "0.19225000", "time": "2025-07-15T14:38:07.290647Z", "fetched_at": "2025-07-15T14:39:32.887947+00:00", "symbol": "DOGE-USD"}, {"trade_id": 139127151, "side": "buy", "size": "6.30000000", "price": "0.19225000", "time": "2025-07-15T14:38:07.290647Z", "fetched_at": "2025-07-15T14:39:32.887947+00:00", "symbol": "DOGE-USD"}, {"trade_id": 139127150, "side": "buy", "size": "5.80000000", "price": "0.19226000", "time": "2025-07-15T14:38:07.290647Z", "fetched_at": "2025-07-15T14:39:32.887947+00:00", "symbol": "DOGE-USD"}, {"trade_id": 139127149, "side": "buy", "size": "51.80000000", "price": "0.19226000", "time": "2025-07-15T14:38:07.290647Z", "fetched_at": "2025-07-15T14:39:32.887947+00:00", "symbol": "DOGE-USD"}, {"trade_id": 139127148, "side": "buy", "size": "11.60000000", "price": "0.19227000", "time": "2025-07-15T14:38:06.450702Z", "fetched_at": "2025-07-15T14:39:32.887947+00:00", "symbol": "DOGE-USD"}, {"trade_id": 139127147, "side": "buy", "size": "5.80000000", "price": "0.19228000", "time": "2025-07-15T14:38:06.036704Z", "fetched_at": "2025-07-15T14:39:32.887947+00:00", "symbol": "DOGE-USD"}, {"trade_id": 139127146, "side": "buy", "size": "0.20000000", "price": "0.19228000", "time": "2025-07-15T14:38:06.036704Z", "fetched_at": "2025-07-15T14:39:32.887947+00:00", "symbol": "DOGE-USD"}, {"trade_id": 139127145, "side": "buy", "size": "69.40000000", "price": "0.19229000", "time": "2025-07-15T14:38:05.620293Z", "fetched_at": "2025-07-15T14:39:32.887947+00:00", "symbol": "DOGE-USD"}, {"trade_id": 139127144, "side": "buy", "size": "5.80000000", "price": "0.19230000", "time": "2025-07-15T14:38:05.471458Z", "fetched_at": "2025-07-15T14:39:32.887947+00:00", "symbol": "DOGE-USD"}, {"trade_id": 139127143, "side": "buy", "size": "3.40000000", "price": "0.19232000", "time": "2025-07-15T14:38:03.903549Z", "fetched_at": "2025-07-15T14:39:32.887947+00:00", "symbol": "DOGE-USD"}, {"trade_id": 139127142, "side": "sell", "size": "82.20000000", "price": "0.19235000", "time": "2025-07-15T14:38:03.009547Z", "fetched_at": "2025-07-15T14:39:32.887947+00:00", "symbol": "DOGE-USD"}, {"trade_id": 139127141, "side": "buy", "size": "5.80000000", "price": "0.19232000", "time": "2025-07-15T14:38:01.538364Z", "fetched_at": "2025-07-15T14:39:32.887947+00:00", "symbol": "DOGE-USD"}, {"trade_id": 139127140, "side": "buy", "size": "392.60000000", "price": "0.19236000", "time": "2025-07-15T14:37:59.981008Z", "fetched_at": "2025-07-15T14:39:32.887947+00:00", "symbol": "DOGE-USD"}, {"trade_id": 139127139, "side": "buy", "size": "7.40000000", "price": "0.19237000", "time": "2025-07-15T14:37:59.981008Z", "fetched_at": "2025-07-15T14:39:32.887947+00:00", "symbol": "DOGE-USD"}, {"trade_id": 139127138, "side": "buy", "size": "18.40000000", "price": "0.19239000", "time": "2025-07-15T14:37:59.379624Z", "fetched_at": "2025-07-15T14:39:32.887947+00:00", "symbol": "DOGE-USD"}, {"trade_id": 139127137, "side": "sell", "size": "5.80000000", "price": "0.19238000", "time": "2025-07-15T14:37:59.319384Z", "fetched_at": "2025-07-15T14:39:32.887947+00:00", "symbol": "DOGE-USD"}, {"trade_id": 139127136, "side": "buy", "size": "0.20000000", "price": "0.19234000", "time": "2025-07-15T14:37:56.575029Z", "fetched_at": "2025-07-15T14:39:32.887947+00:00", "symbol": "DOGE-USD"}, {"trade_id": 139127135, "side": "sell", "size": "1109.50000000", "price": "0.19237000", "time": "2025-07-15T14:37:54.378139Z", "fetched_at": "2025-07-15T14:39:32.887947+00:00", "symbol": "DOGE-USD"}, {"trade_id": 139127134, "side": "sell", "size": "1213.10000000", "price": "0.19237000", "time": "2025-07-15T14:37:54.364175Z", "fetched_at": "2025-07-15T14:39:32.887947+00:00", "symbol": "DOGE-USD"}, {"trade_id": 139127133, "side": "buy", "size": "31.80000000", "price": "0.19236000", "time": "2025-07-15T14:37:54.356439Z", "fetched_at": "2025-07-15T14:39:32.887947+00:00", "symbol": "DOGE-USD"}, {"trade_id": 139127132, "side": "sell", "size": "197.70000000", "price": "0.19234000", "time": "2025-07-15T14:37:51.788005Z", "fetched_at": "2025-07-15T14:39:32.887947+00:00", "symbol": "DOGE-USD"}, {"trade_id": 139127131, "side": "buy", "size": "39.30000000", "price": "0.19236000", "time": "2025-07-15T14:37:51.548709Z", "fetched_at": "2025-07-15T14:39:32.887947+00:00", "symbol": "DOGE-USD"}, {"trade_id": 139127130, "side": "buy", "size": "38.90000000", "price": "0.19233000", "time": "2025-07-15T14:37:49.179003Z", "fetched_at": "2025-07-15T14:39:32.887947+00:00", "symbol": "DOGE-USD"}, {"trade_id": 139127129, "side": "sell", "size": "1412.20000000", "price": "0.19233000", "time": "2025-07-15T14:37:49.136228Z", "fetched_at": "2025-07-15T14:39:32.887947+00:00", "symbol": "DOGE-USD"}, {"trade_id": 139127128, "side": "buy", "size": "5.60000000", "price": "0.19237000", "time": "2025-07-15T14:37:46.428416Z", "fetched_at": "2025-07-15T14:39:32.887947+00:00", "symbol": "DOGE-USD"}, {"trade_id": 139127127, "side": "buy", "size": "617.30000000", "price": "0.19236000", "time": "2025-07-15T14:37:45.484367Z", "fetched_at": "2025-07-15T14:39:32.887947+00:00", "symbol": "DOGE-USD"}, {"trade_id": 139127126, "side": "buy", "size": "6.00000000", "price": "0.19237000", "time": "2025-07-15T14:37:45.484367Z", "fetched_at": "2025-07-15T14:39:32.887947+00:00", "symbol": "DOGE-USD"}, {"trade_id": 139127125, "side": "sell", "size": "5.40000000", "price": "0.19240000", "time": "2025-07-15T14:37:44.477294Z", "fetched_at": "2025-07-15T14:39:32.887947+00:00", "symbol": "DOGE-USD"}, {"trade_id": 139127124, "side": "sell", "size": "1605.60000000", "price": "0.19239000", "time": "2025-07-15T14:37:44.477294Z", "fetched_at": "2025-07-15T14:39:32.887947+00:00", "symbol": "DOGE-USD"}, {"trade_id": 139127123, "side": "sell", "size": "5.80000000", "price": "0.19238000", "time": "2025-07-15T14:37:44.294845Z", "fetched_at": "2025-07-15T14:39:32.887947+00:00", "symbol": "DOGE-USD"}, {"trade_id": 139127122, "side": "sell", "size": "947.50000000", "price": "0.19238000", "time": "2025-07-15T14:37:44.294845Z", "fetched_at": "2025-07-15T14:39:32.887947+00:00", "symbol": "DOGE-USD"}, {"trade_id": 139127121, "side": "sell", "size": "5.80000000", "price": "0.19236000", "time": "2025-07-15T14:37:44.264672Z", "fetched_at": "2025-07-15T14:39:32.887947+00:00", "symbol": "DOGE-USD"}, {"trade_id": 139127120, "side": "buy", "size": "30.10000000", "price": "0.19235000", "time": "2025-07-15T14:37:44.029750Z", "fetched_at": "2025-07-15T14:39:32.887947+00:00", "symbol": "DOGE-USD"}, {"trade_id": 139127119, "side": "sell", "size": "338.70000000", "price": "0.19232000", "time": "2025-07-15T14:37:43.213954Z", "fetched_at": "2025-07-15T14:39:32.887947+00:00", "symbol": "DOGE-USD"}, {"trade_id": 139127118, "side": "sell", "size": "18.80000000", "price": "0.19234000", "time": "2025-07-15T14:37:43.166226Z", "fetched_at": "2025-07-15T14:39:32.887947+00:00", "symbol": "DOGE-USD"}, {"trade_id": 139127117, "side": "sell", "size": "8269.80000000", "price": "0.19234000", "time": "2025-07-15T14:37:43.166226Z", "fetched_at": "2025-07-15T14:39:32.887947+00:00", "symbol": "DOGE-USD"}, {"trade_id": 139127116, "side": "sell", "size": "338.70000000", "price": "0.19231000", "time": "2025-07-15T14:37:43.166226Z", "fetched_at": "2025-07-15T14:39:32.887947+00:00", "symbol": "DOGE-USD"}, {"trade_id": 139127115, "side": "sell", "size": "102.90000000", "price": "0.19233000", "time": "2025-07-15T14:37:41.808829Z", "fetched_at": "2025-07-15T14:39:32.887947+00:00", "symbol": "DOGE-USD"}, {"trade_id": 139127114, "side": "buy", "size": "1660.50000000", "price": "0.19232000", "time": "2025-07-15T14:37:41.632902Z", "fetched_at": "2025-07-15T14:39:32.887947+00:00", "symbol": "DOGE-USD"}, {"trade_id": 139127113, "side": "buy", "size": "3.40000000", "price": "0.19235000", "time": "2025-07-15T14:37:41.632902Z", "fetched_at": "2025-07-15T14:39:32.887947+00:00", "symbol": "DOGE-USD"}, {"trade_id": 139127112, "side": "buy", "size": "41.80000000", "price": "0.19235000", "time": "2025-07-15T14:37:40.598435Z", "fetched_at": "2025-07-15T14:39:32.887947+00:00", "symbol": "DOGE-USD"}, {"trade_id": 139127111, "side": "buy", "size": "21.00000000", "price": "0.19235000", "time": "2025-07-15T14:37:38.498434Z", "fetched_at": "2025-07-15T14:39:32.887947+00:00", "symbol": "DOGE-USD"}, {"trade_id": 139127110, "side": "sell", "size": "5.80000000", "price": "0.19234000", "time": "2025-07-15T14:37:37.659992Z", "fetched_at": "2025-07-15T14:39:32.887947+00:00", "symbol": "DOGE-USD"}, {"trade_id": 139127109, "side": "sell", "size": "429.10000000", "price": "0.19230000", "time": "2025-07-15T14:37:36.462871Z", "fetched_at": "2025-07-15T14:39:32.887947+00:00", "symbol": "DOGE-USD"}, {"trade_id": 139127108, "side": "buy", "size": "50.30000000", "price": "0.19229000", "time": "2025-07-15T14:37:36.426407Z", "fetched_at": "2025-07-15T14:39:32.887947+00:00", "symbol": "DOGE-USD"}, {"trade_id": 139127107, "side": "buy", "size": "1652.60000000", "price": "0.19230000", "time": "2025-07-15T14:37:35.273368Z", "fetched_at": "2025-07-15T14:39:32.887947+00:00", "symbol": "DOGE-USD"}, {"trade_id": 139127106, "side": "buy", "size": "5.80000000", "price": "0.19230000", "time": "2025-07-15T14:37:35.273368Z", "fetched_at": "2025-07-15T14:39:32.887947+00:00", "symbol": "DOGE-USD"}, {"trade_id": 139127105, "side": "buy", "size": "851.00000000", "price": "0.19234000", "time": "2025-07-15T14:37:35.092140Z", "fetched_at": "2025-07-15T14:39:32.887947+00:00", "symbol": "DOGE-USD"}, {"trade_id": 139127104, "side": "buy", "size": "851.00000000", "price": "0.19234000", "time": "2025-07-15T14:37:35.092140Z", "fetched_at": "2025-07-15T14:39:32.887947+00:00", "symbol": "DOGE-USD"}, {"trade_id": 139127103, "side": "buy", "size": "5.80000000", "price": "0.19231000", "time": "2025-07-15T14:37:34.300640Z", "fetched_at": "2025-07-15T14:39:32.887947+00:00", "symbol": "DOGE-USD"}, {"trade_id": 139127102, "side": "buy", "size": "382.30000000", "price": "0.19231000", "time": "2025-07-15T14:37:34.258507Z", "fetched_at": "2025-07-15T14:39:32.887947+00:00", "symbol": "DOGE-USD"}, {"trade_id": 139127101, "side": "buy", "size": "5.80000000", "price": "0.19232000", "time": "2025-07-15T14:37:34.258507Z", "fetched_at": "2025-07-15T14:39:32.887947+00:00", "symbol": "DOGE-USD"}, {"trade_id": 139127100, "side": "buy", "size": "0.20000000", "price": "0.19233000", "time": "2025-07-15T14:37:34.130710Z", "fetched_at": "2025-07-15T14:39:32.887947+00:00", "symbol": "DOGE-USD"}, {"trade_id": 139127099, "side": "buy", "size": "0.10000000", "price": "0.19233000", "time": "2025-07-15T14:37:34.130710Z", "fetched_at": "2025-07-15T14:39:32.887947+00:00", "symbol": "DOGE-USD"}, {"trade_id": 139127098, "side": "sell", "size": "2215.20000000", "price": "0.19237000", "time": "2025-07-15T14:37:32.876030Z", "fetched_at": "2025-07-15T14:39:32.887947+00:00", "symbol": "DOGE-USD"}, {"trade_id": 139127097, "side": "sell", "size": "19.00000000", "price": "0.19237000", "time": "2025-07-15T14:37:32.876030Z", "fetched_at": "2025-07-15T14:39:32.887947+00:00", "symbol": "DOGE-USD"}, {"trade_id": 139127096, "side": "sell", "size": "338.70000000", "price": "0.19235000", "time": "2025-07-15T14:37:32.876030Z", "fetched_at": "2025-07-15T14:39:32.887947+00:00", "symbol": "DOGE-USD"}, {"trade_id": 139127095, "side": "buy", "size": "20.60000000", "price": "0.19234000", "time": "2025-07-15T14:37:31.683928Z", "fetched_at": "2025-07-15T14:39:32.887947+00:00", "symbol": "DOGE-USD"}, {"trade_id": 139127094, "side": "buy", "size": "1566.00000000", "price": "0.19238000", "time": "2025-07-15T14:37:31.440271Z", "fetched_at": "2025-07-15T14:39:32.887947+00:00", "symbol": "DOGE-USD"}, {"trade_id": 139127093, "side": "buy", "size": "5.80000000", "price": "0.19238000", "time": "2025-07-15T14:37:31.440271Z", "fetched_at": "2025-07-15T14:39:32.887947+00:00", "symbol": "DOGE-USD"}, {"trade_id": 139127092, "side": "buy", "size": "1436.70000000", "price": "0.19239000", "time": "2025-07-15T14:37:31.439613Z", "fetched_at": "2025-07-15T14:39:32.887947+00:00", "symbol": "DOGE-USD"}, {"trade_id": 139127091, "side": "buy", "size": "1566.00000000", "price": "0.19240000", "time": "2025-07-15T14:37:31.337243Z", "fetched_at": "2025-07-15T14:39:32.887947+00:00", "symbol": "DOGE-USD"}, {"trade_id": 139127090, "side": "buy", "size": "2500.00000000", "price": "0.19241000", "time": "2025-07-15T14:37:31.337243Z", "fetched_at": "2025-07-15T14:39:32.887947+00:00", "symbol": "DOGE-USD"}, {"trade_id": 139127089, "side": "buy", "size": "12623.00000000", "price": "0.19241000", "time": "2025-07-15T14:37:31.337243Z", "fetched_at": "2025-07-15T14:39:32.887947+00:00", "symbol": "DOGE-USD"}, {"trade_id": 139127088, "side": "buy", "size": "1580.80000000", "price": "0.19243000", "time": "2025-07-15T14:37:31.335268Z", "fetched_at": "2025-07-15T14:39:32.887947+00:00", "symbol": "DOGE-USD"}, {"trade_id": 139127087, "side": "buy", "size": "851.00000000", "price": "0.19243000", "time": "2025-07-15T14:37:31.335268Z", "fetched_at": "2025-07-15T14:39:32.887947+00:00", "symbol": "DOGE-USD"}, {"trade_id": 139127086, "side": "buy", "size": "851.00000000", "price": "0.19243000", "time": "2025-07-15T14:37:31.335268Z", "fetched_at": "2025-07-15T14:39:32.887947+00:00", "symbol": "DOGE-USD"}, {"trade_id": 139127085, "side": "sell", "size": "0.10000000", "price": "0.19237000", "time": "2025-07-15T14:37:30.049396Z", "fetched_at": "2025-07-15T14:39:32.887947+00:00", "symbol": "DOGE-USD"}, {"trade_id": 139127084, "side": "buy", "size": "21.80000000", "price": "0.19236000", "time": "2025-07-15T14:37:29.044892Z", "fetched_at": "2025-07-15T14:39:32.887947+00:00", "symbol": "DOGE-USD"}, {"trade_id": 139127083, "side": "buy", "size": "2500.00000000", "price": "0.19241000", "time": "2025-07-15T14:37:28.310754Z", "fetched_at": "2025-07-15T14:39:32.887947+00:00", "symbol": "DOGE-USD"}, {"trade_id": 139127082, "side": "buy", "size": "2870.00000000", "price": "0.19242000", "time": "2025-07-15T14:37:28.192063Z", "fetched_at": "2025-07-15T14:39:32.887947+00:00", "symbol": "DOGE-USD"}, {"trade_id": 139127081, "side": "buy", "size": "851.00000000", "price": "0.19242000", "time": "2025-07-15T14:37:28.192063Z", "fetched_at": "2025-07-15T14:39:32.887947+00:00", "symbol": "DOGE-USD"}, {"trade_id": 139127080, "side": "buy", "size": "851.00000000", "price": "0.19242000", "time": "2025-07-15T14:37:28.192063Z", "fetched_at": "2025-07-15T14:39:32.887947+00:00", "symbol": "DOGE-USD"}, {"trade_id": 139127079, "side": "sell", "size": "2307.70000000", "price": "0.19240000", "time": "2025-07-15T14:37:26.882924Z", "fetched_at": "2025-07-15T14:39:32.887947+00:00", "symbol": "DOGE-USD"}, {"trade_id": 139127078, "side": "buy", "size": "56.40000000", "price": "0.19235000", "time": "2025-07-15T14:37:26.350416Z", "fetched_at": "2025-07-15T14:39:32.887947+00:00", "symbol": "DOGE-USD"}, {"trade_id": 139127077, "side": "buy", "size": "5.80000000", "price": "0.19232000", "time": "2025-07-15T14:37:24.218813Z", "fetched_at": "2025-07-15T14:39:32.887947+00:00", "symbol": "DOGE-USD"}, {"trade_id": 139127076, "side": "buy", "size": "0.20000000", "price": "0.19232000", "time": "2025-07-15T14:37:24.218813Z", "fetched_at": "2025-07-15T14:39:32.887947+00:00", "symbol": "DOGE-USD"}, {"trade_id": 139127075, "side": "buy", "size": "3217.30000000", "price": "0.19235000", "time": "2025-07-15T14:37:24.206780Z", "fetched_at": "2025-07-15T14:39:32.887947+00:00", "symbol": "DOGE-USD"}, {"trade_id": 139127074, "side": "buy", "size": "3155.80000000", "price": "0.19235000", "time": "2025-07-15T14:37:24.206780Z", "fetched_at": "2025-07-15T14:39:32.887947+00:00", "symbol": "DOGE-USD"}, {"trade_id": 139127073, "side": "buy", "size": "55.70000000", "price": "0.19235000", "time": "2025-07-15T14:37:24.206780Z", "fetched_at": "2025-07-15T14:39:32.887947+00:00", "symbol": "DOGE-USD"}, {"trade_id": 139127072, "side": "buy", "size": "5.80000000", "price": "0.19236000", "time": "2025-07-15T14:37:24.206780Z", "fetched_at": "2025-07-15T14:39:32.887947+00:00", "symbol": "DOGE-USD"}, {"trade_id": 139127071, "side": "buy", "size": "146.80000000", "price": "0.19239000", "time": "2025-07-15T14:37:23.863924Z", "fetched_at": "2025-07-15T14:39:32.887947+00:00", "symbol": "DOGE-USD"}, {"trade_id": 139127070, "side": "buy", "size": "5.80000000", "price": "0.19240000", "time": "2025-07-15T14:37:23.716881Z", "fetched_at": "2025-07-15T14:39:32.887947+00:00", "symbol": "DOGE-USD"}, {"trade_id": 139127069, "side": "buy", "size": "1487.20000000", "price": "0.19242000", "time": "2025-07-15T14:37:23.087315Z", "fetched_at": "2025-07-15T14:39:32.887947+00:00", "symbol": "DOGE-USD"}, {"trade_id": 139127068, "side": "buy", "size": "208.60000000", "price": "0.19243000", "time": "2025-07-15T14:37:22.506383Z", "fetched_at": "2025-07-15T14:39:32.887947+00:00", "symbol": "DOGE-USD"}, {"trade_id": 139127067, "side": "buy", "size": "5.80000000", "price": "0.19244000", "time": "2025-07-15T14:37:21.642172Z", "fetched_at": "2025-07-15T14:39:32.887947+00:00", "symbol": "DOGE-USD"}, {"trade_id": 139127066, "side": "sell", "size": "2648.80000000", "price": "0.19247000", "time": "2025-07-15T14:37:21.216087Z", "fetched_at": "2025-07-15T14:39:32.887947+00:00", "symbol": "DOGE-USD"}, {"trade_id": 139127065, "side": "buy", "size": "2852.00000000", "price": "0.19246000", "time": "2025-07-15T14:37:21.101801Z", "fetched_at": "2025-07-15T14:39:32.887947+00:00", "symbol": "DOGE-USD"}, {"trade_id": 139127064, "side": "buy", "size": "22943.80000000", "price": "0.19246000", "time": "2025-07-15T14:37:21.089189Z", "fetched_at": "2025-07-15T14:39:32.887947+00:00", "symbol": "DOGE-USD"}, {"trade_id": 139127063, "side": "buy", "size": "2349.00000000", "price": "0.19246000", "time": "2025-07-15T14:37:21.089167Z", "fetched_at": "2025-07-15T14:39:32.887947+00:00", "symbol": "DOGE-USD"}, {"trade_id": 139127062, "side": "buy", "size": "34355.20000000", "price": "0.19246000", "time": "2025-07-15T14:37:21.071078Z", "fetched_at": "2025-07-15T14:39:32.887947+00:00", "symbol": "DOGE-USD"}, {"trade_id": 139127061, "side": "buy", "size": "5.80000000", "price": "0.19248000", "time": "2025-07-15T14:37:21.071078Z", "fetched_at": "2025-07-15T14:39:32.887947+00:00", "symbol": "DOGE-USD"}, {"trade_id": 139127060, "side": "buy", "size": "5.80000000", "price": "0.19250000", "time": "2025-07-15T14:37:21.000408Z", "fetched_at": "2025-07-15T14:39:32.887947+00:00", "symbol": "DOGE-USD"}, {"trade_id": 139127059, "side": "buy", "size": "64.90000000", "price": "0.19250000", "time": "2025-07-15T14:37:21.000408Z", "fetched_at": "2025-07-15T14:39:32.887947+00:00", "symbol": "DOGE-USD"}, {"trade_id": 139127058, "side": "buy", "size": "1993.40000000", "price": "0.19251000", "time": "2025-07-15T14:37:20.985184Z", "fetched_at": "2025-07-15T14:39:32.887947+00:00", "symbol": "DOGE-USD"}, {"trade_id": 139127057, "side": "buy", "size": "1343.80000000", "price": "0.19251000", "time": "2025-07-15T14:37:20.985184Z", "fetched_at": "2025-07-15T14:39:32.887947+00:00", "symbol": "DOGE-USD"}, {"trade_id": 139127056, "side": "buy", "size": "5.80000000", "price": "0.19252000", "time": "2025-07-15T14:37:20.985184Z", "fetched_at": "2025-07-15T14:39:32.887947+00:00", "symbol": "DOGE-USD"}, {"trade_id": 139127055, "side": "buy", "size": "5.80000000", "price": "0.19254000", "time": "2025-07-15T14:37:20.977874Z", "fetched_at": "2025-07-15T14:39:32.887947+00:00", "symbol": "DOGE-USD"}, {"trade_id": 139127054, "side": "buy", "size": "822.90000000", "price": "0.19255000", "time": "2025-07-15T14:37:20.879325Z", "fetched_at": "2025-07-15T14:39:32.887947+00:00", "symbol": "DOGE-USD"}, {"trade_id": 139127053, "side": "buy", "size": "816.90000000", "price": "0.19255000", "time": "2025-07-15T14:37:20.879325Z", "fetched_at": "2025-07-15T14:39:32.887947+00:00", "symbol": "DOGE-USD"}, {"trade_id": 139127052, "side": "buy", "size": "5.80000000", "price": "0.19256000", "time": "2025-07-15T14:37:20.879325Z", "fetched_at": "2025-07-15T14:39:32.887947+00:00", "symbol": "DOGE-USD"}, {"trade_id": 139127051, "side": "buy", "size": "0.20000000", "price": "0.19256000", "time": "2025-07-15T14:37:20.879325Z", "fetched_at": "2025-07-15T14:39:32.887947+00:00", "symbol": "DOGE-USD"}, {"trade_id": 139127050, "side": "buy", "size": "5.80000000", "price": "0.19258000", "time": "2025-07-15T14:37:20.390067Z", "fetched_at": "2025-07-15T14:39:32.887947+00:00", "symbol": "DOGE-USD"}, {"trade_id": 139127049, "side": "buy", "size": "5.80000000", "price": "0.19260000", "time": "2025-07-15T14:37:20.248267Z", "fetched_at": "2025-07-15T14:39:32.887947+00:00", "symbol": "DOGE-USD"}, {"trade_id": 139127048, "side": "buy", "size": "5.80000000", "price": "0.19262000", "time": "2025-07-15T14:37:19.819312Z", "fetched_at": "2025-07-15T14:39:32.887947+00:00", "symbol": "DOGE-USD"}, {"trade_id": 139127047, "side": "buy", "size": "0.20000000", "price": "0.19263000", "time": "2025-07-15T14:37:19.819242Z", "fetched_at": "2025-07-15T14:39:32.887947+00:00", "symbol": "DOGE-USD"}, {"trade_id": 139127046, "side": "buy", "size": "5.80000000", "price": "0.19264000", "time": "2025-07-15T14:37:19.529682Z", "fetched_at": "2025-07-15T14:39:32.887947+00:00", "symbol": "DOGE-USD"}, {"trade_id": 139127045, "side": "buy", "size": "5.80000000", "price": "0.19266000", "time": "2025-07-15T14:37:18.881640Z", "fetched_at": "2025-07-15T14:39:32.887947+00:00", "symbol": "DOGE-USD"}, {"trade_id": 139127044, "side": "buy", "size": "7.40000000", "price": "0.19268000", "time": "2025-07-15T14:37:16.833423Z", "fetched_at": "2025-07-15T14:39:32.887947+00:00", "symbol": "DOGE-USD"}, {"trade_id": 139127043, "side": "buy", "size": "5.80000000", "price": "0.19268000", "time": "2025-07-15T14:37:16.833423Z", "fetched_at": "2025-07-15T14:39:32.887947+00:00", "symbol": "DOGE-USD"}, {"trade_id": 139127042, "side": "buy", "size": "40.40000000", "price": "0.19269000", "time": "2025-07-15T14:37:14.617732Z", "fetched_at": "2025-07-15T14:39:32.887947+00:00", "symbol": "DOGE-USD"}, {"trade_id": 139127041, "side": "buy", "size": "5.80000000", "price": "0.19272000", "time": "2025-07-15T14:37:12.367256Z", "fetched_at": "2025-07-15T14:39:32.887947+00:00", "symbol": "DOGE-USD"}, {"trade_id": 139127040, "side": "sell", "size": "1405.00000000", "price": "0.19271000", "time": "2025-07-15T14:37:10.812612Z", "fetched_at": "2025-07-15T14:39:32.887947+00:00", "symbol": "DOGE-USD"}, {"trade_id": 139127039, "side": "sell", "size": "1307.40000000", "price": "0.19270000", "time": "2025-07-15T14:37:10.804797Z", "fetched_at": "2025-07-15T14:39:32.887947+00:00", "symbol": "DOGE-USD"}, {"trade_id": 139127038, "side": "sell", "size": "252.00000000", "price": "0.19270000", "time": "2025-07-15T14:37:10.788482Z", "fetched_at": "2025-07-15T14:39:32.887947+00:00", "symbol": "DOGE-USD"}, {"trade_id": 139127037, "side": "buy", "size": "6.10000000", "price": "0.19268000", "time": "2025-07-15T14:37:10.109063Z", "fetched_at": "2025-07-15T14:39:32.887947+00:00", "symbol": "DOGE-USD"}, {"trade_id": 139127036, "side": "buy", "size": "5.80000000", "price": "0.19268000", "time": "2025-07-15T14:37:10.109063Z", "fetched_at": "2025-07-15T14:39:32.887947+00:00", "symbol": "DOGE-USD"}, {"trade_id": 139127035, "side": "buy", "size": "183.00000000", "price": "0.19272000", "time": "2025-07-15T14:37:09.929301Z", "fetched_at": "2025-07-15T14:39:32.887947+00:00", "symbol": "DOGE-USD"}, {"trade_id": 139127034, "side": "buy", "size": "846.40000000", "price": "0.19272000", "time": "2025-07-15T14:37:09.929301Z", "fetched_at": "2025-07-15T14:39:32.887947+00:00", "symbol": "DOGE-USD"}, {"trade_id": 139127033, "side": "buy", "size": "846.40000000", "price": "0.19272000", "time": "2025-07-15T14:37:09.929301Z", "fetched_at": "2025-07-15T14:39:32.887947+00:00", "symbol": "DOGE-USD"}, {"trade_id": 139127032, "side": "buy", "size": "183.00000000", "price": "0.19269000", "time": "2025-07-15T14:37:08.397128Z", "fetched_at": "2025-07-15T14:39:32.887947+00:00", "symbol": "DOGE-USD"}, {"trade_id": 139127031, "side": "buy", "size": "1617.90000000", "price": "0.19270000", "time": "2025-07-15T14:37:08.386688Z", "fetched_at": "2025-07-15T14:39:32.887947+00:00", "symbol": "DOGE-USD"}, {"trade_id": 139127030, "side": "buy", "size": "7.80000000", "price": "0.19270000", "time": "2025-07-15T14:37:08.386688Z", "fetched_at": "2025-07-15T14:39:32.887947+00:00", "symbol": "DOGE-USD"}, {"trade_id": 139127029, "side": "buy", "size": "177.00000000", "price": "0.19269000", "time": "2025-07-15T14:37:08.332328Z", "fetched_at": "2025-07-15T14:39:32.887947+00:00", "symbol": "DOGE-USD"}, {"trade_id": 139127028, "side": "buy", "size": "7.80000000", "price": "0.19270000", "time": "2025-07-15T14:37:08.332328Z", "fetched_at": "2025-07-15T14:39:32.887947+00:00", "symbol": "DOGE-USD"}, {"trade_id": 139127027, "side": "buy", "size": "5.80000000", "price": "0.19270000", "time": "2025-07-15T14:37:08.332328Z", "fetched_at": "2025-07-15T14:39:32.887947+00:00", "symbol": "DOGE-USD"}, {"trade_id": 139127026, "side": "buy", "size": "846.40000000", "price": "0.19272000", "time": "2025-07-15T14:37:08.332328Z", "fetched_at": "2025-07-15T14:39:32.887947+00:00", "symbol": "DOGE-USD"}, {"trade_id": 139127025, "side": "buy", "size": "846.40000000", "price": "0.19272000", "time": "2025-07-15T14:37:08.332328Z", "fetched_at": "2025-07-15T14:39:32.887947+00:00", "symbol": "DOGE-USD"}, {"trade_id": 139127024, "side": "buy", "size": "1392.90000000", "price": "0.19272000", "time": "2025-07-15T14:37:08.332328Z", "fetched_at": "2025-07-15T14:39:32.887947+00:00", "symbol": "DOGE-USD"}, {"trade_id": 139127023, "side": "buy", "size": "1392.90000000", "price": "0.19272000", "time": "2025-07-15T14:37:08.332328Z", "fetched_at": "2025-07-15T14:39:32.887947+00:00", "symbol": "DOGE-USD"}, {"trade_id": 139127022, "side": "sell", "size": "338.70000000", "price": "0.19271000", "time": "2025-07-15T14:37:08.112581Z", "fetched_at": "2025-07-15T14:39:32.887947+00:00", "symbol": "DOGE-USD"}, {"trade_id": 139127021, "side": "buy", "size": "846.40000000", "price": "0.19275000", "time": "2025-07-15T14:37:08.020065Z", "fetched_at": "2025-07-15T14:39:32.887947+00:00", "symbol": "DOGE-USD"}, {"trade_id": 139127020, "side": "buy", "size": "846.40000000", "price": "0.19275000", "time": "2025-07-15T14:37:08.020065Z", "fetched_at": "2025-07-15T14:39:32.887947+00:00", "symbol": "DOGE-USD"}, {"trade_id": 139127019, "side": "buy", "size": "8.10000000", "price": "0.19276000", "time": "2025-07-15T14:37:07.498601Z", "fetched_at": "2025-07-15T14:39:32.887947+00:00", "symbol": "DOGE-USD"}, {"trade_id": 139127018, "side": "buy", "size": "846.40000000", "price": "0.19279000", "time": "2025-07-15T14:37:07.403033Z", "fetched_at": "2025-07-15T14:39:32.887947+00:00", "symbol": "DOGE-USD"}, {"trade_id": 139127017, "side": "buy", "size": "846.40000000", "price": "0.19279000", "time": "2025-07-15T14:37:07.403033Z", "fetched_at": "2025-07-15T14:39:32.887947+00:00", "symbol": "DOGE-USD"}, {"trade_id": 139127016, "side": "buy", "size": "39.40000000", "price": "0.19272000", "time": "2025-07-15T14:37:05.278823Z", "fetched_at": "2025-07-15T14:39:32.887947+00:00", "symbol": "DOGE-USD"}, {"trade_id": 139127015, "side": "buy", "size": "5.80000000", "price": "0.19270000", "time": "2025-07-15T14:37:04.481040Z", "fetched_at": "2025-07-15T14:39:32.887947+00:00", "symbol": "DOGE-USD"}, {"trade_id": 139127014, "side": "buy", "size": "0.20000000", "price": "0.19270000", "time": "2025-07-15T14:37:04.481040Z", "fetched_at": "2025-07-15T14:39:32.887947+00:00", "symbol": "DOGE-USD"}, {"trade_id": 139127013, "side": "buy", "size": "0.10000000", "price": "0.19270000", "time": "2025-07-15T14:37:04.481040Z", "fetched_at": "2025-07-15T14:39:32.887947+00:00", "symbol": "DOGE-USD"}, {"trade_id": 139127012, "side": "buy", "size": "852.20000000", "price": "0.19272000", "time": "2025-07-15T14:37:04.099798Z", "fetched_at": "2025-07-15T14:39:32.887947+00:00", "symbol": "DOGE-USD"}, {"trade_id": 139127011, "side": "buy", "size": "5.80000000", "price": "0.19272000", "time": "2025-07-15T14:37:04.099798Z", "fetched_at": "2025-07-15T14:39:32.887947+00:00", "symbol": "DOGE-USD"}, {"trade_id": 139127010, "side": "sell", "size": "13189.30000000", "price": "0.19279000", "time": "2025-07-15T14:37:03.822487Z", "fetched_at": "2025-07-15T14:39:32.887947+00:00", "symbol": "DOGE-USD"}, {"trade_id": 139127009, "side": "sell", "size": "53.40000000", "price": "0.19278000", "time": "2025-07-15T14:37:03.822487Z", "fetched_at": "2025-07-15T14:39:32.887947+00:00", "symbol": "DOGE-USD"}, {"trade_id": 139127008, "side": "sell", "size": "183.00000000", "price": "0.19278000", "time": "2025-07-15T14:37:03.822487Z", "fetched_at": "2025-07-15T14:39:32.887947+00:00", "symbol": "DOGE-USD"}, {"trade_id": 139127007, "side": "sell", "size": "1631.50000000", "price": "0.19278000", "time": "2025-07-15T14:37:03.822487Z", "fetched_at": "2025-07-15T14:39:32.887947+00:00", "symbol": "DOGE-USD"}, {"trade_id": 139127006, "side": "sell", "size": "338.70000000", "price": "0.19278000", "time": "2025-07-15T14:37:03.822487Z", "fetched_at": "2025-07-15T14:39:32.887947+00:00", "symbol": "DOGE-USD"}, {"trade_id": 139127005, "side": "sell", "size": "338.70000000", "price": "0.19273000", "time": "2025-07-15T14:37:02.908346Z", "fetched_at": "2025-07-15T14:39:32.887947+00:00", "symbol": "DOGE-USD"}, {"trade_id": 139127004, "side": "buy", "size": "31.50000000", "price": "0.19274000", "time": "2025-07-15T14:37:02.677117Z", "fetched_at": "2025-07-15T14:39:32.887947+00:00", "symbol": "DOGE-USD"}, {"trade_id": 139127003, "side": "sell", "size": "53.40000000", "price": "0.19274000", "time": "2025-07-15T14:37:02.487912Z", "fetched_at": "2025-07-15T14:39:32.887947+00:00", "symbol": "DOGE-USD"}, {"trade_id": 139127002, "side": "sell", "size": "15151.90000000", "price": "0.19279000", "time": "2025-07-15T14:37:01.359445Z", "fetched_at": "2025-07-15T14:39:32.887947+00:00", "symbol": "DOGE-USD"}, {"trade_id": 139127001, "side": "sell", "size": "2702.60000000", "price": "0.19279000", "time": "2025-07-15T14:37:01.359445Z", "fetched_at": "2025-07-15T14:39:32.887947+00:00", "symbol": "DOGE-USD"}, {"trade_id": 139127000, "side": "sell", "size": "1796.60000000", "price": "0.19279000", "time": "2025-07-15T14:37:01.359445Z", "fetched_at": "2025-07-15T14:39:32.887947+00:00", "symbol": "DOGE-USD"}, {"trade_id": 139126999, "side": "sell", "size": "1566.00000000", "price": "0.19279000", "time": "2025-07-15T14:37:01.359445Z", "fetched_at": "2025-07-15T14:39:32.887947+00:00", "symbol": "DOGE-USD"}, {"trade_id": 139126998, "side": "sell", "size": "53.40000000", "price": "0.19276000", "time": "2025-07-15T14:37:01.359445Z", "fetched_at": "2025-07-15T14:39:32.887947+00:00", "symbol": "DOGE-USD"}, {"trade_id": 139126997, "side": "sell", "size": "338.70000000", "price": "0.19274000", "time": "2025-07-15T14:37:01.330907Z", "fetched_at": "2025-07-15T14:39:32.887947+00:00", "symbol": "DOGE-USD"}, {"trade_id": 139126996, "side": "sell", "size": "338.70000000", "price": "0.19273000", "time": "2025-07-15T14:37:01.288945Z", "fetched_at": "2025-07-15T14:39:32.887947+00:00", "symbol": "DOGE-USD"}, {"trade_id": 139126995, "side": "buy", "size": "2605.00000000", "price": "0.19274000", "time": "2025-07-15T14:37:00.663786Z", "fetched_at": "2025-07-15T14:39:32.887947+00:00", "symbol": "DOGE-USD"}, {"trade_id": 139126994, "side": "buy", "size": "5.80000000", "price": "0.19274000", "time": "2025-07-15T14:37:00.663786Z", "fetched_at": "2025-07-15T14:39:32.887947+00:00", "symbol": "DOGE-USD"}, {"trade_id": 139126993, "side": "buy", "size": "2587.60000000", "price": "0.19274000", "time": "2025-07-15T14:37:00.663786Z", "fetched_at": "2025-07-15T14:39:32.887947+00:00", "symbol": "DOGE-USD"}, {"trade_id": 139126992, "side": "buy", "size": "5.80000000", "price": "0.19276000", "time": "2025-07-15T14:37:00.662538Z", "fetched_at": "2025-07-15T14:39:32.887947+00:00", "symbol": "DOGE-USD"}, {"trade_id": 139126991, "side": "buy", "size": "5.80000000", "price": "0.19278000", "time": "2025-07-15T14:37:00.646655Z", "fetched_at": "2025-07-15T14:39:32.887947+00:00", "symbol": "DOGE-USD"}, {"trade_id": 139126990, "side": "buy", "size": "5.80000000", "price": "0.19280000", "time": "2025-07-15T14:37:00.376069Z", "fetched_at": "2025-07-15T14:39:32.887947+00:00", "symbol": "DOGE-USD"}, {"trade_id": 139126989, "side": "buy", "size": "5.80000000", "price": "0.19282000", "time": "2025-07-15T14:37:00.365531Z", "fetched_at": "2025-07-15T14:39:32.887947+00:00", "symbol": "DOGE-USD"}, {"trade_id": 139126988, "side": "buy", "size": "846.40000000", "price": "0.19283000", "time": "2025-07-15T14:37:00.144356Z", "fetched_at": "2025-07-15T14:39:32.887947+00:00", "symbol": "DOGE-USD"}, {"trade_id": 139126987, "side": "buy", "size": "846.40000000", "price": "0.19283000", "time": "2025-07-15T14:37:00.144356Z", "fetched_at": "2025-07-15T14:39:32.887947+00:00", "symbol": "DOGE-USD"}, {"trade_id": 139126986, "side": "buy", "size": "5.80000000", "price": "0.19284000", "time": "2025-07-15T14:36:59.931804Z", "fetched_at": "2025-07-15T14:39:32.887947+00:00", "symbol": "DOGE-USD"}, {"trade_id": 139126985, "side": "buy", "size": "5.80000000", "price": "0.19286000", "time": "2025-07-15T14:36:59.719051Z", "fetched_at": "2025-07-15T14:39:32.887947+00:00", "symbol": "DOGE-USD"}, {"trade_id": 139126984, "side": "buy", "size": "846.40000000", "price": "0.19288000", "time": "2025-07-15T14:36:59.473371Z", "fetched_at": "2025-07-15T14:39:32.887947+00:00", "symbol": "DOGE-USD"}, {"trade_id": 139126983, "side": "buy", "size": "846.40000000", "price": "0.19288000", "time": "2025-07-15T14:36:59.473371Z", "fetched_at": "2025-07-15T14:39:32.887947+00:00", "symbol": "DOGE-USD"}, {"trade_id": 139126982, "side": "sell", "size": "587.00000000", "price": "0.19289000", "time": "2025-07-15T14:36:59.466301Z", "fetched_at": "2025-07-15T14:39:32.887947+00:00", "symbol": "DOGE-USD"}, {"trade_id": 139126981, "side": "sell", "size": "1409.30000000", "price": "0.19289000", "time": "2025-07-15T14:36:59.466301Z", "fetched_at": "2025-07-15T14:39:32.887947+00:00", "symbol": "DOGE-USD"}, {"trade_id": 139126980, "side": "sell", "size": "183.00000000", "price": "0.19289000", "time": "2025-07-15T14:36:59.466301Z", "fetched_at": "2025-07-15T14:39:32.887947+00:00", "symbol": "DOGE-USD"}, {"trade_id": 139126979, "side": "sell", "size": "338.70000000", "price": "0.19289000", "time": "2025-07-15T14:36:59.466301Z", "fetched_at": "2025-07-15T14:39:32.887947+00:00", "symbol": "DOGE-USD"}, {"trade_id": 139126978, "side": "buy", "size": "194.60000000", "price": "0.19288000", "time": "2025-07-15T14:36:58.847948Z", "fetched_at": "2025-07-15T14:39:32.887947+00:00", "symbol": "DOGE-USD"}, {"trade_id": 139126977, "side": "buy", "size": "5.40000000", "price": "0.19288000", "time": "2025-07-15T14:36:58.847948Z", "fetched_at": "2025-07-15T14:39:32.887947+00:00", "symbol": "DOGE-USD"}, {"trade_id": 139126976, "side": "sell", "size": "1433.20000000", "price": "0.19290000", "time": "2025-07-15T14:36:58.070461Z", "fetched_at": "2025-07-15T14:39:32.887947+00:00", "symbol": "DOGE-USD"}, {"trade_id": 139126975, "side": "sell", "size": "1479.70000000", "price": "0.19289000", "time": "2025-07-15T14:36:58.052245Z", "fetched_at": "2025-07-15T14:39:32.887947+00:00", "symbol": "DOGE-USD"}, {"trade_id": 139126974, "side": "sell", "size": "338.70000000", "price": "0.19289000", "time": "2025-07-15T14:36:58.052245Z", "fetched_at": "2025-07-15T14:39:32.887947+00:00", "symbol": "DOGE-USD"}, {"trade_id": 139126973, "side": "buy", "size": "52.00000000", "price": "0.19288000", "time": "2025-07-15T14:36:57.745374Z", "fetched_at": "2025-07-15T14:39:32.887947+00:00", "symbol": "DOGE-USD"}, {"trade_id": 139126972, "side": "buy", "size": "5.80000000", "price": "0.19288000", "time": "2025-07-15T14:36:57.745374Z", "fetched_at": "2025-07-15T14:39:32.887947+00:00", "symbol": "DOGE-USD"}, {"trade_id": 139126971, "side": "sell", "size": "783.90000000", "price": "0.19290000", "time": "2025-07-15T14:36:57.418187Z", "fetched_at": "2025-07-15T14:39:32.887947+00:00", "symbol": "DOGE-USD"}, {"trade_id": 139126970, "side": "sell", "size": "676.50000000", "price": "0.19290000", "time": "2025-07-15T14:36:57.396266Z", "fetched_at": "2025-07-15T14:39:32.887947+00:00", "symbol": "DOGE-USD"}, {"trade_id": 139126969, "side": "sell", "size": "338.70000000", "price": "0.19289000", "time": "2025-07-15T14:36:57.050173Z", "fetched_at": "2025-07-15T14:39:32.887947+00:00", "symbol": "DOGE-USD"}, {"trade_id": 139126968, "side": "sell", "size": "338.70000000", "price": "0.19289000", "time": "2025-07-15T14:36:57.028964Z", "fetched_at": "2025-07-15T14:39:32.887947+00:00", "symbol": "DOGE-USD"}, {"trade_id": 139126967, "side": "sell", "size": "183.00000000", "price": "0.19289000", "time": "2025-07-15T14:36:57.009414Z", "fetched_at": "2025-07-15T14:39:32.887947+00:00", "symbol": "DOGE-USD"}, {"trade_id": 139126966, "side": "sell", "size": "338.70000000", "price": "0.19289000", "time": "2025-07-15T14:36:57.009414Z", "fetched_at": "2025-07-15T14:39:32.887947+00:00", "symbol": "DOGE-USD"}, {"trade_id": 139126965, "side": "buy", "size": "5.80000000", "price": "0.19290000", "time": "2025-07-15T14:36:55.555223Z", "fetched_at": "2025-07-15T14:39:32.887947+00:00", "symbol": "DOGE-USD"}, {"trade_id": 139126964, "side": "sell", "size": "338.70000000", "price": "0.19291000", "time": "2025-07-15T14:36:55.399544Z", "fetched_at": "2025-07-15T14:39:32.887947+00:00", "symbol": "DOGE-USD"}, {"trade_id": 139126963, "side": "sell", "size": "338.70000000", "price": "0.19291000", "time": "2025-07-15T14:36:55.380804Z", "fetched_at": "2025-07-15T14:39:32.887947+00:00", "symbol": "DOGE-USD"}, {"trade_id": 139126962, "side": "sell", "size": "1359.30000000", "price": "0.19294000", "time": "2025-07-15T14:36:55.312709Z", "fetched_at": "2025-07-15T14:39:32.887947+00:00", "symbol": "DOGE-USD"}, {"trade_id": 139126961, "side": "sell", "size": "338.70000000", "price": "0.19293000", "time": "2025-07-15T14:36:55.312709Z", "fetched_at": "2025-07-15T14:39:32.887947+00:00", "symbol": "DOGE-USD"}, {"trade_id": 139126960, "side": "sell", "size": "338.70000000", "price": "0.19293000", "time": "2025-07-15T14:36:55.260801Z", "fetched_at": "2025-07-15T14:39:32.887947+00:00", "symbol": "DOGE-USD"}, {"trade_id": 139126959, "side": "sell", "size": "338.70000000", "price": "0.19294000", "time": "2025-07-15T14:36:55.244748Z", "fetched_at": "2025-07-15T14:39:32.887947+00:00", "symbol": "DOGE-USD"}, {"trade_id": 139126958, "side": "sell", "size": "1700.90000000", "price": "0.19294000", "time": "2025-07-15T14:36:55.227305Z", "fetched_at": "2025-07-15T14:39:32.887947+00:00", "symbol": "DOGE-USD"}, {"trade_id": 139126957, "side": "sell", "size": "338.70000000", "price": "0.19293000", "time": "2025-07-15T14:36:55.227305Z", "fetched_at": "2025-07-15T14:39:32.887947+00:00", "symbol": "DOGE-USD"}, {"trade_id": 139126956, "side": "buy", "size": "6.50000000", "price": "0.19292000", "time": "2025-07-15T14:36:55.117499Z", "fetched_at": "2025-07-15T14:39:32.887947+00:00", "symbol": "DOGE-USD"}, {"trade_id": 139126955, "side": "buy", "size": "5.80000000", "price": "0.19292000", "time": "2025-07-15T14:36:55.117499Z", "fetched_at": "2025-07-15T14:39:32.887947+00:00", "symbol": "DOGE-USD"}, {"trade_id": 139126954, "side": "sell", "size": "338.70000000", "price": "0.19293000", "time": "2025-07-15T14:36:54.222564Z", "fetched_at": "2025-07-15T14:39:32.887947+00:00", "symbol": "DOGE-USD"}, {"trade_id": 139126953, "side": "sell", "size": "1612.80000000", "price": "0.19293000", "time": "2025-07-15T14:36:54.222564Z", "fetched_at": "2025-07-15T14:39:32.887947+00:00", "symbol": "DOGE-USD"}, {"trade_id": 139126952, "side": "sell", "size": "338.70000000", "price": "0.19293000", "time": "2025-07-15T14:36:54.094501Z", "fetched_at": "2025-07-15T14:39:32.887947+00:00", "symbol": "DOGE-USD"}, {"trade_id": 139126951, "side": "sell", "size": "1444.00000000", "price": "0.19294000", "time": "2025-07-15T14:36:53.976218Z", "fetched_at": "2025-07-15T14:39:32.887947+00:00", "symbol": "DOGE-USD"}, {"trade_id": 139126950, "side": "sell", "size": "338.70000000", "price": "0.19294000", "time": "2025-07-15T14:36:53.976218Z", "fetched_at": "2025-07-15T14:39:32.887947+00:00", "symbol": "DOGE-USD"}, {"trade_id": 139126949, "side": "sell", "size": "338.70000000", "price": "0.19295000", "time": "2025-07-15T14:36:53.760734Z", "fetched_at": "2025-07-15T14:39:32.887947+00:00", "symbol": "DOGE-USD"}, {"trade_id": 139126948, "side": "sell", "size": "1537.60000000", "price": "0.19295000", "time": "2025-07-15T14:36:53.747421Z", "fetched_at": "2025-07-15T14:39:32.887947+00:00", "symbol": "DOGE-USD"}, {"trade_id": 139126947, "side": "sell", "size": "338.70000000", "price": "0.19294000", "time": "2025-07-15T14:36:53.715959Z", "fetched_at": "2025-07-15T14:39:32.887947+00:00", "symbol": "DOGE-USD"}, {"trade_id": 139126946, "side": "sell", "size": "1537.30000000", "price": "0.19293000", "time": "2025-07-15T14:36:53.193428Z", "fetched_at": "2025-07-15T14:39:32.887947+00:00", "symbol": "DOGE-USD"}, {"trade_id": 139126945, "side": "sell", "size": "338.70000000", "price": "0.19293000", "time": "2025-07-15T14:36:53.193428Z", "fetched_at": "2025-07-15T14:39:32.887947+00:00", "symbol": "DOGE-USD"}, {"trade_id": 139126944, "side": "buy", "size": "5.80000000", "price": "0.19294000", "time": "2025-07-15T14:36:52.502612Z", "fetched_at": "2025-07-15T14:39:32.887947+00:00", "symbol": "DOGE-USD"}, {"trade_id": 139126943, "side": "buy", "size": "5.80000000", "price": "0.19296000", "time": "2025-07-15T14:36:51.937582Z", "fetched_at": "2025-07-15T14:39:32.887947+00:00", "symbol": "DOGE-USD"}, {"trade_id": 139126942, "side": "buy", "size": "5.80000000", "price": "0.19298000", "time": "2025-07-15T14:36:50.301735Z", "fetched_at": "2025-07-15T14:39:32.887947+00:00", "symbol": "DOGE-USD"}, {"trade_id": 139126941, "side": "buy", "size": "229.00000000", "price": "0.19299000", "time": "2025-07-15T14:36:50.154931Z", "fetched_at": "2025-07-15T14:39:32.887947+00:00", "symbol": "DOGE-USD"}, {"trade_id": 139126940, "side": "buy", "size": "6540.70000000", "price": "0.19299000", "time": "2025-07-15T14:36:50.151539Z", "fetched_at": "2025-07-15T14:39:32.887947+00:00", "symbol": "DOGE-USD"}, {"trade_id": 139126939, "side": "buy", "size": "5255.80000000", "price": "0.19299000", "time": "2025-07-15T14:36:50.150311Z", "fetched_at": "2025-07-15T14:39:32.887947+00:00", "symbol": "DOGE-USD"}, {"trade_id": 139126938, "side": "buy", "size": "2977.00000000", "price": "0.19299000", "time": "2025-07-15T14:36:50.150311Z", "fetched_at": "2025-07-15T14:39:32.887947+00:00", "symbol": "DOGE-USD"}, {"trade_id": 139126937, "side": "buy", "size": "16435.20000000", "price": "0.19299000", "time": "2025-07-15T14:36:50.149800Z", "fetched_at": "2025-07-15T14:39:32.887947+00:00", "symbol": "DOGE-USD"}, {"trade_id": 139126936, "side": "buy", "size": "16.00000000", "price": "0.19300000", "time": "2025-07-15T14:36:50.149800Z", "fetched_at": "2025-07-15T14:39:32.887947+00:00", "symbol": "DOGE-USD"}, {"trade_id": 139126935, "side": "buy", "size": "5.70000000", "price": "0.19300000", "time": "2025-07-15T14:36:50.149800Z", "fetched_at": "2025-07-15T14:39:32.887947+00:00", "symbol": "DOGE-USD"}, {"trade_id": 139126934, "side": "sell", "size": "338.70000000", "price": "0.19301000", "time": "2025-07-15T14:36:50.079714Z", "fetched_at": "2025-07-15T14:39:32.887947+00:00", "symbol": "DOGE-USD"}, {"trade_id": 139126933, "side": "sell", "size": "1615.80000000", "price": "0.19301000", "time": "2025-07-15T14:36:50.047466Z", "fetched_at": "2025-07-15T14:39:32.887947+00:00", "symbol": "DOGE-USD"}, {"trade_id": 139126932, "side": "sell", "size": "338.70000000", "price": "0.19301000", "time": "2025-07-15T14:36:49.954391Z", "fetched_at": "2025-07-15T14:39:32.887947+00:00", "symbol": "DOGE-USD"}, {"trade_id": 139126931, "side": "sell", "size": "508.00000000", "price": "0.19301000", "time": "2025-07-15T14:36:49.941455Z", "fetched_at": "2025-07-15T14:39:32.887947+00:00", "symbol": "DOGE-USD"}, {"trade_id": 139126930, "side": "sell", "size": "338.70000000", "price": "0.19301000", "time": "2025-07-15T14:36:49.617146Z", "fetched_at": "2025-07-15T14:39:32.887947+00:00", "symbol": "DOGE-USD"}, {"trade_id": 139126929, "side": "sell", "size": "338.70000000", "price": "0.19301000", "time": "2025-07-15T14:36:49.459362Z", "fetched_at": "2025-07-15T14:39:32.887947+00:00", "symbol": "DOGE-USD"}, {"trade_id": 139126928, "side": "sell", "size": "1440.00000000", "price": "0.19302000", "time": "2025-07-15T14:36:49.030306Z", "fetched_at": "2025-07-15T14:39:32.887947+00:00", "symbol": "DOGE-USD"}, {"trade_id": 139126927, "side": "sell", "size": "1652.60000000", "price": "0.19301000", "time": "2025-07-15T14:36:49.007512Z", "fetched_at": "2025-07-15T14:39:32.887947+00:00", "symbol": "DOGE-USD"}, {"trade_id": 139126926, "side": "sell", "size": "312.10000000", "price": "0.19301000", "time": "2025-07-15T14:36:49.007512Z", "fetched_at": "2025-07-15T14:39:32.887947+00:00", "symbol": "DOGE-USD"}, {"trade_id": 139126925, "side": "sell", "size": "1701.50000000", "price": "0.19301000", "time": "2025-07-15T14:36:49.007512Z", "fetched_at": "2025-07-15T14:39:32.887947+00:00", "symbol": "DOGE-USD"}, {"trade_id": 139126924, "side": "sell", "size": "338.70000000", "price": "0.19301000", "time": "2025-07-15T14:36:49.007512Z", "fetched_at": "2025-07-15T14:39:32.887947+00:00", "symbol": "DOGE-USD"}, {"trade_id": 139126923, "side": "sell", "size": "338.70000000", "price": "0.19301000", "time": "2025-07-15T14:36:48.859075Z", "fetched_at": "2025-07-15T14:39:32.887947+00:00", "symbol": "DOGE-USD"}, {"trade_id": 139126922, "side": "sell", "size": "338.70000000", "price": "0.19301000", "time": "2025-07-15T14:36:48.754529Z", "fetched_at": "2025-07-15T14:39:32.887947+00:00", "symbol": "DOGE-USD"}, {"trade_id": 139126921, "side": "sell", "size": "429.10000000", "price": "0.19301000", "time": "2025-07-15T14:36:48.754529Z", "fetched_at": "2025-07-15T14:39:32.887947+00:00", "symbol": "DOGE-USD"}, {"trade_id": 139126920, "side": "sell", "size": "338.70000000", "price": "0.19303000", "time": "2025-07-15T14:36:48.564369Z", "fetched_at": "2025-07-15T14:39:32.887947+00:00", "symbol": "DOGE-USD"}, {"trade_id": 139126919, "side": "sell", "size": "338.70000000", "price": "0.19303000", "time": "2025-07-15T14:36:48.543815Z", "fetched_at": "2025-07-15T14:39:32.887947+00:00", "symbol": "DOGE-USD"}, {"trade_id": 139126918, "side": "sell", "size": "338.70000000", "price": "0.19303000", "time": "2025-07-15T14:36:48.521204Z", "fetched_at": "2025-07-15T14:39:32.887947+00:00", "symbol": "DOGE-USD"}, {"trade_id": 139126917, "side": "sell", "size": "338.70000000", "price": "0.19303000", "time": "2025-07-15T14:36:48.492078Z", "fetched_at": "2025-07-15T14:39:32.887947+00:00", "symbol": "DOGE-USD"}, {"trade_id": 139126916, "side": "sell", "size": "338.70000000", "price": "0.19304000", "time": "2025-07-15T14:36:48.441551Z", "fetched_at": "2025-07-15T14:39:32.887947+00:00", "symbol": "DOGE-USD"}, {"trade_id": 139126915, "side": "sell", "size": "55.40000000", "price": "0.19304000", "time": "2025-07-15T14:36:48.418683Z", "fetched_at": "2025-07-15T14:39:32.887947+00:00", "symbol": "DOGE-USD"}, {"trade_id": 139126914, "side": "sell", "size": "55.40000000", "price": "0.19304000", "time": "2025-07-15T14:36:48.404671Z", "fetched_at": "2025-07-15T14:39:32.887947+00:00", "symbol": "DOGE-USD"}, {"trade_id": 139126913, "side": "sell", "size": "328.10000000", "price": "0.19306000", "time": "2025-07-15T14:36:48.373117Z", "fetched_at": "2025-07-15T14:39:32.887947+00:00", "symbol": "DOGE-USD"}, {"trade_id": 139126912, "side": "sell", "size": "12.90000000", "price": "0.19306000", "time": "2025-07-15T14:36:48.359194Z", "fetched_at": "2025-07-15T14:39:32.887947+00:00", "symbol": "DOGE-USD"}, {"trade_id": 139126911, "side": "sell", "size": "1638.70000000", "price": "0.19306000", "time": "2025-07-15T14:36:48.349394Z", "fetched_at": "2025-07-15T14:39:32.887947+00:00", "symbol": "DOGE-USD"}, {"trade_id": 139126910, "side": "sell", "size": "1438.40000000", "price": "0.19306000", "time": "2025-07-15T14:36:48.257275Z", "fetched_at": "2025-07-15T14:39:32.887947+00:00", "symbol": "DOGE-USD"}, {"trade_id": 139126909, "side": "sell", "size": "338.70000000", "price": "0.19306000", "time": "2025-07-15T14:36:48.065803Z", "fetched_at": "2025-07-15T14:39:32.887947+00:00", "symbol": "DOGE-USD"}, {"trade_id": 139126908, "side": "sell", "size": "2191.50000000", "price": "0.19305000", "time": "2025-07-15T14:36:47.778478Z", "fetched_at": "2025-07-15T14:39:32.887947+00:00", "symbol": "DOGE-USD"}, {"trade_id": 139126907, "side": "sell", "size": "1625.30000000", "price": "0.19301000", "time": "2025-07-15T14:36:47.226623Z", "fetched_at": "2025-07-15T14:39:32.887947+00:00", "symbol": "DOGE-USD"}, {"trade_id": 139126906, "side": "sell", "size": "429.10000000", "price": "0.19301000", "time": "2025-07-15T14:36:46.840043Z", "fetched_at": "2025-07-15T14:39:32.887947+00:00", "symbol": "DOGE-USD"}, {"trade_id": 139126905, "side": "sell", "size": "338.70000000", "price": "0.19301000", "time": "2025-07-15T14:36:46.828283Z", "fetched_at": "2025-07-15T14:39:32.887947+00:00", "symbol": "DOGE-USD"}, {"trade_id": 139126904, "side": "sell", "size": "338.70000000", "price": "0.19301000", "time": "2025-07-15T14:36:46.796543Z", "fetched_at": "2025-07-15T14:39:32.887947+00:00", "symbol": "DOGE-USD"}, {"trade_id": 139126903, "side": "sell", "size": "338.70000000", "price": "0.19301000", "time": "2025-07-15T14:36:46.749719Z", "fetched_at": "2025-07-15T14:39:32.887947+00:00", "symbol": "DOGE-USD"}, {"trade_id": 139126902, "side": "buy", "size": "1530.20000000", "price": "0.19302000", "time": "2025-07-15T14:36:46.591238Z", "fetched_at": "2025-07-15T14:39:32.887947+00:00", "symbol": "DOGE-USD"}, {"trade_id": 139126901, "side": "buy", "size": "5.70000000", "price": "0.19302000", "time": "2025-07-15T14:36:46.591238Z", "fetched_at": "2025-07-15T14:39:32.887947+00:00", "symbol": "DOGE-USD"}, {"trade_id": 139126900, "side": "buy", "size": "2500.00000000", "price": "0.19303000", "time": "2025-07-15T14:36:46.580596Z", "fetched_at": "2025-07-15T14:39:32.887947+00:00", "symbol": "DOGE-USD"}, {"trade_id": 139126899, "side": "buy", "size": "16.00000000", "price": "0.19304000", "time": "2025-07-15T14:36:46.580596Z", "fetched_at": "2025-07-15T14:39:32.887947+00:00", "symbol": "DOGE-USD"}, {"trade_id": 139126898, "side": "buy", "size": "5.70000000", "price": "0.19304000", "time": "2025-07-15T14:36:46.580596Z", "fetched_at": "2025-07-15T14:39:32.887947+00:00", "symbol": "DOGE-USD"}, {"trade_id": 139126897, "side": "buy", "size": "4692.00000000", "price": "0.19305000", "time": "2025-07-15T14:36:45.917849Z", "fetched_at": "2025-07-15T14:39:32.887947+00:00", "symbol": "DOGE-USD"}, {"trade_id": 139126896, "side": "buy", "size": "1796.60000000", "price": "0.19305000", "time": "2025-07-15T14:36:45.917849Z", "fetched_at": "2025-07-15T14:39:32.887947+00:00", "symbol": "DOGE-USD"}, {"trade_id": 139126895, "side": "buy", "size": "0.20000000", "price": "0.19305000", "time": "2025-07-15T14:36:45.917849Z", "fetched_at": "2025-07-15T14:39:32.887947+00:00", "symbol": "DOGE-USD"}, {"trade_id": 139126894, "side": "buy", "size": "16.00000000", "price": "0.19306000", "time": "2025-07-15T14:36:45.917849Z", "fetched_at": "2025-07-15T14:39:32.887947+00:00", "symbol": "DOGE-USD"}, {"trade_id": 139126893, "side": "buy", "size": "5.70000000", "price": "0.19308000", "time": "2025-07-15T14:36:45.917849Z", "fetched_at": "2025-07-15T14:39:32.887947+00:00", "symbol": "DOGE-USD"}, {"trade_id": 139126892, "side": "buy", "size": "484.00000000", "price": "0.19310000", "time": "2025-07-15T14:36:44.469329Z", "fetched_at": "2025-07-15T14:39:32.887947+00:00", "symbol": "DOGE-USD"}, {"trade_id": 139126891, "side": "buy", "size": "1566.00000000", "price": "0.19310000", "time": "2025-07-15T14:36:44.469329Z", "fetched_at": "2025-07-15T14:39:32.887947+00:00", "symbol": "DOGE-USD"}, {"trade_id": 139126890, "side": "buy", "size": "16.00000000", "price": "0.19312000", "time": "2025-07-15T14:36:44.469329Z", "fetched_at": "2025-07-15T14:39:32.887947+00:00", "symbol": "DOGE-USD"}, {"trade_id": 139126889, "side": "buy", "size": "2485.10000000", "price": "0.19312000", "time": "2025-07-15T14:36:44.467369Z", "fetched_at": "2025-07-15T14:39:32.887947+00:00", "symbol": "DOGE-USD"}, {"trade_id": 139126888, "side": "buy", "size": "5.70000000", "price": "0.19312000", "time": "2025-07-15T14:36:44.467369Z", "fetched_at": "2025-07-15T14:39:32.887947+00:00", "symbol": "DOGE-USD"}, {"trade_id": 139126887, "side": "buy", "size": "1566.00000000", "price": "0.19312000", "time": "2025-07-15T14:36:44.467369Z", "fetched_at": "2025-07-15T14:39:32.887947+00:00", "symbol": "DOGE-USD"}, {"trade_id": 139126886, "side": "buy", "size": "16.00000000", "price": "0.19319000", "time": "2025-07-15T14:36:44.467369Z", "fetched_at": "2025-07-15T14:39:32.887947+00:00", "symbol": "DOGE-USD"}, {"trade_id": 139126885, "side": "buy", "size": "1796.60000000", "price": "0.19313000", "time": "2025-07-15T14:36:44.460793Z", "fetched_at": "2025-07-15T14:39:32.887947+00:00", "symbol": "DOGE-USD"}, {"trade_id": 139126884, "side": "buy", "size": "5000.00000000", "price": "0.19313000", "time": "2025-07-15T14:36:44.460793Z", "fetched_at": "2025-07-15T14:39:32.887947+00:00", "symbol": "DOGE-USD"}, {"trade_id": 139126883, "side": "buy", "size": "1566.00000000", "price": "0.19314000", "time": "2025-07-15T14:36:44.458963Z", "fetched_at": "2025-07-15T14:39:32.887947+00:00", "symbol": "DOGE-USD"}, {"trade_id": 139126882, "side": "buy", "size": "2182.10000000", "price": "0.19314000", "time": "2025-07-15T14:36:44.458963Z", "fetched_at": "2025-07-15T14:39:32.887947+00:00", "symbol": "DOGE-USD"}, {"trade_id": 139126881, "side": "buy", "size": "1796.60000000", "price": "0.19314000", "time": "2025-07-15T14:36:44.458963Z", "fetched_at": "2025-07-15T14:39:32.887947+00:00", "symbol": "DOGE-USD"}, {"trade_id": 139126880, "side": "buy", "size": "1566.00000000", "price": "0.19316000", "time": "2025-07-15T14:36:44.458963Z", "fetched_at": "2025-07-15T14:39:32.887947+00:00", "symbol": "DOGE-USD"}, {"trade_id": 139126879, "side": "buy", "size": "1679.10000000", "price": "0.19318000", "time": "2025-07-15T14:36:44.458567Z", "fetched_at": "2025-07-15T14:39:32.887947+00:00", "symbol": "DOGE-USD"}, {"trade_id": 139126878, "side": "buy", "size": "16.00000000", "price": "0.19319000", "time": "2025-07-15T14:36:44.458567Z", "fetched_at": "2025-07-15T14:39:32.887947+00:00", "symbol": "DOGE-USD"}, {"trade_id": 139126877, "side": "sell", "size": "2228.00000000", "price": "0.19318000", "time": "2025-07-15T14:36:44.264907Z", "fetched_at": "2025-07-15T14:39:32.887947+00:00", "symbol": "DOGE-USD"}, {"trade_id": 139126876, "side": "buy", "size": "13.30000000", "price": "0.19317000", "time": "2025-07-15T14:36:43.117301Z", "fetched_at": "2025-07-15T14:39:32.887947+00:00", "symbol": "DOGE-USD"}, {"trade_id": 139126875, "side": "sell", "size": "1652.90000000", "price": "0.19317000", "time": "2025-07-15T14:36:42.996547Z", "fetched_at": "2025-07-15T14:39:32.887947+00:00", "symbol": "DOGE-USD"}, {"trade_id": 139126874, "side": "buy", "size": "521.30000000", "price": "0.19315000", "time": "2025-07-15T14:36:42.885960Z", "fetched_at": "2025-07-15T14:39:32.887947+00:00", "symbol": "DOGE-USD"}, {"trade_id": 139126873, "side": "buy", "size": "1566.00000000", "price": "0.19315000", "time": "2025-07-15T14:36:42.885960Z", "fetched_at": "2025-07-15T14:39:32.887947+00:00", "symbol": "DOGE-USD"}, {"trade_id": 139126872, "side": "buy", "size": "13.30000000", "price": "0.19316000", "time": "2025-07-15T14:36:42.885960Z", "fetched_at": "2025-07-15T14:39:32.887947+00:00", "symbol": "DOGE-USD"}, {"trade_id": 139126871, "side": "buy", "size": "183.00000000", "price": "0.19316000", "time": "2025-07-15T14:36:42.885960Z", "fetched_at": "2025-07-15T14:39:32.887947+00:00", "symbol": "DOGE-USD"}, {"trade_id": 139126870, "side": "sell", "size": "1382.10000000", "price": "0.19316000", "time": "2025-07-15T14:36:42.808449Z", "fetched_at": "2025-07-15T14:39:32.887947+00:00", "symbol": "DOGE-USD"}, {"trade_id": 139126869, "side": "buy", "size": "1456.40000000", "price": "0.19315000", "time": "2025-07-15T14:36:42.203942Z", "fetched_at": "2025-07-15T14:39:32.887947+00:00", "symbol": "DOGE-USD"}, {"trade_id": 139126868, "side": "buy", "size": "183.00000000", "price": "0.19315000", "time": "2025-07-15T14:36:42.203942Z", "fetched_at": "2025-07-15T14:39:32.887947+00:00", "symbol": "DOGE-USD"}, {"trade_id": 139126867, "side": "buy", "size": "0.70000000", "price": "0.19313000", "time": "2025-07-15T14:36:41.771590Z", "fetched_at": "2025-07-15T14:39:32.887947+00:00", "symbol": "DOGE-USD"}, {"trade_id": 139126866, "side": "buy", "size": "24.10000000", "price": "0.19312000", "time": "2025-07-15T14:36:40.336323Z", "fetched_at": "2025-07-15T14:39:32.887947+00:00", "symbol": "DOGE-USD"}, {"trade_id": 139126865, "side": "sell", "size": "338.70000000", "price": "0.19311000", "time": "2025-07-15T14:36:40.001354Z", "fetched_at": "2025-07-15T14:39:32.887947+00:00", "symbol": "DOGE-USD"}, {"trade_id": 139126864, "side": "buy", "size": "5.70000000", "price": "0.19316000", "time": "2025-07-15T14:36:39.926982Z", "fetched_at": "2025-07-15T14:39:32.887947+00:00", "symbol": "DOGE-USD"}, {"trade_id": 139126863, "side": "buy", "size": "21.60000000", "price": "0.19324000", "time": "2025-07-15T14:36:37.948422Z", "fetched_at": "2025-07-15T14:39:32.887947+00:00", "symbol": "DOGE-USD"}, {"trade_id": 139126862, "side": "sell", "size": "5.70000000", "price": "0.19324000", "time": "2025-07-15T14:36:37.354021Z", "fetched_at": "2025-07-15T14:39:32.887947+00:00", "symbol": "DOGE-USD"}, {"trade_id": 139126861, "side": "sell", "size": "338.70000000", "price": "0.19318000", "time": "2025-07-15T14:36:36.934459Z", "fetched_at": "2025-07-15T14:39:32.887947+00:00", "symbol": "DOGE-USD"}, {"trade_id": 139126860, "side": "sell", "size": "2000.00000000", "price": "0.19320000", "time": "2025-07-15T14:36:36.829402Z", "fetched_at": "2025-07-15T14:39:32.887947+00:00", "symbol": "DOGE-USD"}, {"trade_id": 139126859, "side": "sell", "size": "50.60000000", "price": "0.19319000", "time": "2025-07-15T14:36:36.829402Z", "fetched_at": "2025-07-15T14:39:32.887947+00:00", "symbol": "DOGE-USD"}, {"trade_id": 139126858, "side": "sell", "size": "338.70000000", "price": "0.19317000", "time": "2025-07-15T14:36:36.829402Z", "fetched_at": "2025-07-15T14:39:32.887947+00:00", "symbol": "DOGE-USD"}, {"trade_id": 139126857, "side": "sell", "size": "1030.20000000", "price": "0.19322000", "time": "2025-07-15T14:36:36.816681Z", "fetched_at": "2025-07-15T14:39:32.887947+00:00", "symbol": "DOGE-USD"}, {"trade_id": 139126856, "side": "sell", "size": "26190.40000000", "price": "0.19322000", "time": "2025-07-15T14:36:36.816681Z", "fetched_at": "2025-07-15T14:39:32.887947+00:00", "symbol": "DOGE-USD"}, {"trade_id": 139126855, "side": "sell", "size": "1796.60000000", "price": "0.19321000", "time": "2025-07-15T14:36:36.810345Z", "fetched_at": "2025-07-15T14:39:32.887947+00:00", "symbol": "DOGE-USD"}, {"trade_id": 139126854, "side": "sell", "size": "1566.00000000", "price": "0.19320000", "time": "2025-07-15T14:36:36.804035Z", "fetched_at": "2025-07-15T14:39:32.887947+00:00", "symbol": "DOGE-USD"}, {"trade_id": 139126853, "side": "sell", "size": "50.60000000", "price": "0.19320000", "time": "2025-07-15T14:36:36.804035Z", "fetched_at": "2025-07-15T14:39:32.887947+00:00", "symbol": "DOGE-USD"}, {"trade_id": 139126852, "side": "sell", "size": "5.70000000", "price": "0.19320000", "time": "2025-07-15T14:36:36.804035Z", "fetched_at": "2025-07-15T14:39:32.887947+00:00", "symbol": "DOGE-USD"}, {"trade_id": 139126851, "side": "sell", "size": "5.70000000", "price": "0.19316000", "time": "2025-07-15T14:36:36.748097Z", "fetched_at": "2025-07-15T14:39:32.887947+00:00", "symbol": "DOGE-USD"}, {"trade_id": 139126850, "side": "sell", "size": "5.70000000", "price": "0.19314000", "time": "2025-07-15T14:36:36.730991Z", "fetched_at": "2025-07-15T14:39:32.887947+00:00", "symbol": "DOGE-USD"}, {"trade_id": 139126849, "side": "buy", "size": "30.40000000", "price": "0.19311000", "time": "2025-07-15T14:36:35.220266Z", "fetched_at": "2025-07-15T14:39:32.887947+00:00", "symbol": "DOGE-USD"}, {"trade_id": 139126848, "side": "sell", "size": "1242.20000000", "price": "0.19306000", "time": "2025-07-15T14:36:34.813911Z", "fetched_at": "2025-07-15T14:39:32.887947+00:00", "symbol": "DOGE-USD"}, {"trade_id": 139126847, "side": "buy", "size": "8.50000000", "price": "0.19304000", "time": "2025-07-15T14:36:32.552151Z", "fetched_at": "2025-07-15T14:39:32.887947+00:00", "symbol": "DOGE-USD"}, {"trade_id": 139126846, "side": "sell", "size": "681.40000000", "price": "0.19305000", "time": "2025-07-15T14:36:31.075112Z", "fetched_at": "2025-07-15T14:39:32.887947+00:00", "symbol": "DOGE-USD"}, {"trade_id": 139126845, "side": "sell", "size": "1565.10000000", "price": "0.19304000", "time": "2025-07-15T14:36:31.075112Z", "fetched_at": "2025-07-15T14:39:32.887947+00:00", "symbol": "DOGE-USD"}, {"trade_id": 139126844, "side": "sell", "size": "338.70000000", "price": "0.19303000", "time": "2025-07-15T14:36:31.075112Z", "fetched_at": "2025-07-15T14:39:32.887947+00:00", "symbol": "DOGE-USD"}, {"trade_id": 139126843, "side": "buy", "size": "15.50000000", "price": "0.19304000", "time": "2025-07-15T14:36:29.759491Z", "fetched_at": "2025-07-15T14:39:32.887947+00:00", "symbol": "DOGE-USD"}, {"trade_id": 139126842, "side": "sell", "size": "407.60000000", "price": "0.19301000", "time": "2025-07-15T14:36:29.520027Z", "fetched_at": "2025-07-15T14:39:32.887947+00:00", "symbol": "DOGE-USD"}, {"trade_id": 139126841, "side": "sell", "size": "5.00000000", "price": "0.19294000", "time": "2025-07-15T14:36:28.066285Z", "fetched_at": "2025-07-15T14:39:32.887947+00:00", "symbol": "DOGE-USD"}, {"trade_id": 139126840, "side": "buy", "size": "5.80000000", "price": "0.19294000", "time": "2025-07-15T14:36:26.969196Z", "fetched_at": "2025-07-15T14:39:32.887947+00:00", "symbol": "DOGE-USD"}, {"trade_id": 139126839, "side": "buy", "size": "0.90000000", "price": "0.19295000", "time": "2025-07-15T14:36:26.447106Z", "fetched_at": "2025-07-15T14:39:32.887947+00:00", "symbol": "DOGE-USD"}, {"trade_id": 139126838, "side": "sell", "size": "1053.40000000", "price": "0.19298000", "time": "2025-07-15T14:36:23.646015Z", "fetched_at": "2025-07-15T14:39:32.887947+00:00", "symbol": "DOGE-USD"}, {"trade_id": 139126837, "side": "buy", "size": "19468.20000000", "price": "0.19296000", "time": "2025-07-15T14:36:21.908208Z", "fetched_at": "2025-07-15T14:39:32.887947+00:00", "symbol": "DOGE-USD"}, {"trade_id": 139126836, "side": "buy", "size": "5.80000000", "price": "0.19296000", "time": "2025-07-15T14:36:21.908208Z", "fetched_at": "2025-07-15T14:39:32.887947+00:00", "symbol": "DOGE-USD"}, {"trade_id": 139126835, "side": "buy", "size": "718.60000000", "price": "0.19296000", "time": "2025-07-15T14:36:21.908208Z", "fetched_at": "2025-07-15T14:39:32.887947+00:00", "symbol": "DOGE-USD"}, {"trade_id": 139126834, "side": "buy", "size": "8.10000000", "price": "0.19297000", "time": "2025-07-15T14:36:21.908208Z", "fetched_at": "2025-07-15T14:39:32.887947+00:00", "symbol": "DOGE-USD"}, {"trade_id": 139126833, "side": "buy", "size": "19492.80000000", "price": "0.19300000", "time": "2025-07-15T14:36:18.453788Z", "fetched_at": "2025-07-15T14:39:32.887947+00:00", "symbol": "DOGE-USD"}, {"trade_id": 139126832, "side": "buy", "size": "16.20000000", "price": "0.19301000", "time": "2025-07-15T14:36:18.453788Z", "fetched_at": "2025-07-15T14:39:32.887947+00:00", "symbol": "DOGE-USD"}, {"trade_id": 139126831, "side": "buy", "size": "18868.20000000", "price": "0.19303000", "time": "2025-07-15T14:36:14.996190Z", "fetched_at": "2025-07-15T14:39:32.887947+00:00", "symbol": "DOGE-USD"}, {"trade_id": 139126830, "side": "buy", "size": "270.50000000", "price": "0.19303000", "time": "2025-07-15T14:36:14.970250Z", "fetched_at": "2025-07-15T14:39:32.887947+00:00", "symbol": "DOGE-USD"}, {"trade_id": 139126829, "side": "buy", "size": "229.80000000", "price": "0.19303000", "time": "2025-07-15T14:36:14.966681Z", "fetched_at": "2025-07-15T14:39:32.887947+00:00", "symbol": "DOGE-USD"}, {"trade_id": 139126828, "side": "buy", "size": "10873.90000000", "price": "0.19304000", "time": "2025-07-15T14:36:14.963407Z", "fetched_at": "2025-07-15T14:39:32.887947+00:00", "symbol": "DOGE-USD"}, {"trade_id": 139126827, "side": "buy", "size": "1796.60000000", "price": "0.19304000", "time": "2025-07-15T14:36:14.963407Z", "fetched_at": "2025-07-15T14:39:32.887947+00:00", "symbol": "DOGE-USD"}, {"trade_id": 139126826, "side": "buy", "size": "15.20000000", "price": "0.19305000", "time": "2025-07-15T14:36:14.958221Z", "fetched_at": "2025-07-15T14:39:32.887947+00:00", "symbol": "DOGE-USD"}, {"trade_id": 139126825, "side": "sell", "size": "2581.30000000", "price": "0.19307000", "time": "2025-07-15T14:36:14.870939Z", "fetched_at": "2025-07-15T14:39:32.887947+00:00", "symbol": "DOGE-USD"}, {"trade_id": 139126824, "side": "sell", "size": "936.70000000", "price": "0.19302000", "time": "2025-07-15T14:36:14.837713Z", "fetched_at": "2025-07-15T14:39:32.887947+00:00", "symbol": "DOGE-USD"}, {"trade_id": 139126823, "side": "sell", "size": "52.80000000", "price": "0.19300000", "time": "2025-07-15T14:36:14.831377Z", "fetched_at": "2025-07-15T14:39:32.887947+00:00", "symbol": "DOGE-USD"}, {"trade_id": 139126822, "side": "sell", "size": "5.70000000", "price": "0.19300000", "time": "2025-07-15T14:36:14.830686Z", "fetched_at": "2025-07-15T14:39:32.887947+00:00", "symbol": "DOGE-USD"}, {"trade_id": 139126821, "side": "sell", "size": "1475.10000000", "price": "0.19299000", "time": "2025-07-15T14:36:14.830686Z", "fetched_at": "2025-07-15T14:39:32.887947+00:00", "symbol": "DOGE-USD"}, {"trade_id": 139126820, "side": "sell", "size": "6472.60000000", "price": "0.19312000", "time": "2025-07-15T14:36:14.829656Z", "fetched_at": "2025-07-15T14:39:32.887947+00:00", "symbol": "DOGE-USD"}, {"trade_id": 139126819, "side": "sell", "size": "5528.30000000", "price": "0.19312000", "time": "2025-07-15T14:36:14.829656Z", "fetched_at": "2025-07-15T14:39:32.887947+00:00", "symbol": "DOGE-USD"}, {"trade_id": 139126818, "side": "sell", "size": "5.70000000", "price": "0.19312000", "time": "2025-07-15T14:36:14.829656Z", "fetched_at": "2025-07-15T14:39:32.887947+00:00", "symbol": "DOGE-USD"}, {"trade_id": 139126817, "side": "sell", "size": "6473.00000000", "price": "0.19311000", "time": "2025-07-15T14:36:14.829656Z", "fetched_at": "2025-07-15T14:39:32.887947+00:00", "symbol": "DOGE-USD"}, {"trade_id": 139126816, "side": "sell", "size": "1566.00000000", "price": "0.19311000", "time": "2025-07-15T14:36:14.829656Z", "fetched_at": "2025-07-15T14:39:32.887947+00:00", "symbol": "DOGE-USD"}, {"trade_id": 139126815, "side": "sell", "size": "4242.40000000", "price": "0.19310000", "time": "2025-07-15T14:36:14.828956Z", "fetched_at": "2025-07-15T14:39:32.887947+00:00", "symbol": "DOGE-USD"}, {"trade_id": 139126814, "side": "sell", "size": "5.70000000", "price": "0.19310000", "time": "2025-07-15T14:36:14.828956Z", "fetched_at": "2025-07-15T14:39:32.887947+00:00", "symbol": "DOGE-USD"}, {"trade_id": 139126813, "side": "sell", "size": "2589.50000000", "price": "0.19309000", "time": "2025-07-15T14:36:14.828956Z", "fetched_at": "2025-07-15T14:39:32.887947+00:00", "symbol": "DOGE-USD"}, {"trade_id": 139126812, "side": "sell", "size": "2000.00000000", "price": "0.19309000", "time": "2025-07-15T14:36:14.828956Z", "fetched_at": "2025-07-15T14:39:32.887947+00:00", "symbol": "DOGE-USD"}, {"trade_id": 139126811, "side": "sell", "size": "26190.40000000", "price": "0.19309000", "time": "2025-07-15T14:36:14.828956Z", "fetched_at": "2025-07-15T14:39:32.887947+00:00", "symbol": "DOGE-USD"}, {"trade_id": 139126810, "side": "sell", "size": "1566.00000000", "price": "0.19309000", "time": "2025-07-15T14:36:14.828956Z", "fetched_at": "2025-07-15T14:39:32.887947+00:00", "symbol": "DOGE-USD"}, {"trade_id": 139126809, "side": "sell", "size": "2581.70000000", "price": "0.19308000", "time": "2025-07-15T14:36:14.828763Z", "fetched_at": "2025-07-15T14:39:32.887947+00:00", "symbol": "DOGE-USD"}, {"trade_id": 139126808, "side": "sell", "size": "5.70000000", "price": "0.19308000", "time": "2025-07-15T14:36:14.828763Z", "fetched_at": "2025-07-15T14:39:32.887947+00:00", "symbol": "DOGE-USD"}, {"trade_id": 139126807, "side": "sell", "size": "35771.90000000", "price": "0.19308000", "time": "2025-07-15T14:36:14.828763Z", "fetched_at": "2025-07-15T14:39:32.887947+00:00", "symbol": "DOGE-USD"}, {"trade_id": 139126806, "side": "sell", "size": "10000.00000000", "price": "0.19307000", "time": "2025-07-15T14:36:14.828763Z", "fetched_at": "2025-07-15T14:39:32.887947+00:00", "symbol": "DOGE-USD"}, {"trade_id": 139126805, "side": "sell", "size": "1566.00000000", "price": "0.19307000", "time": "2025-07-15T14:36:14.828763Z", "fetched_at": "2025-07-15T14:39:32.887947+00:00", "symbol": "DOGE-USD"}, {"trade_id": 139126804, "side": "sell", "size": "2500.00000000", "price": "0.19306000", "time": "2025-07-15T14:36:14.828199Z", "fetched_at": "2025-07-15T14:39:32.887947+00:00", "symbol": "DOGE-USD"}, {"trade_id": 139126803, "side": "sell", "size": "5.70000000", "price": "0.19306000", "time": "2025-07-15T14:36:14.828199Z", "fetched_at": "2025-07-15T14:39:32.887947+00:00", "symbol": "DOGE-USD"}, {"trade_id": 139126802, "side": "sell", "size": "26190.40000000", "price": "0.19305000", "time": "2025-07-15T14:36:14.827824Z", "fetched_at": "2025-07-15T14:39:32.887947+00:00", "symbol": "DOGE-USD"}