[{"trade_id": 139140356, "side": "sell", "size": "1184.90000000", "price": "0.19379000", "time": "2025-07-15T16:10:47.361212Z", "fetched_at": "2025-07-15T16:10:49.593137+00:00", "symbol": "DOGE-USD"}, {"trade_id": 139140355, "side": "sell", "size": "1404.40000000", "price": "0.19379000", "time": "2025-07-15T16:10:47.361212Z", "fetched_at": "2025-07-15T16:10:49.593137+00:00", "symbol": "DOGE-USD"}, {"trade_id": 139140354, "side": "buy", "size": "14.00000000", "price": "0.19379000", "time": "2025-07-15T16:10:46.866675Z", "fetched_at": "2025-07-15T16:10:49.593137+00:00", "symbol": "DOGE-USD"}, {"trade_id": 139140353, "side": "sell", "size": "25.50000000", "price": "0.19380000", "time": "2025-07-15T16:10:45.897597Z", "fetched_at": "2025-07-15T16:10:49.593137+00:00", "symbol": "DOGE-USD"}, {"trade_id": 139140352, "side": "buy", "size": "51.20000000", "price": "0.19378000", "time": "2025-07-15T16:10:43.927461Z", "fetched_at": "2025-07-15T16:10:49.593137+00:00", "symbol": "DOGE-USD"}, {"trade_id": 139140351, "side": "sell", "size": "337.10000000", "price": "0.19380000", "time": "2025-07-15T16:10:42.827778Z", "fetched_at": "2025-07-15T16:10:49.593137+00:00", "symbol": "DOGE-USD"}, {"trade_id": 139140350, "side": "sell", "size": "5.70000000", "price": "0.19380000", "time": "2025-07-15T16:10:42.827778Z", "fetched_at": "2025-07-15T16:10:49.593137+00:00", "symbol": "DOGE-USD"}, {"trade_id": 139140349, "side": "buy", "size": "37.40000000", "price": "0.19379000", "time": "2025-07-15T16:10:41.137272Z", "fetched_at": "2025-07-15T16:10:49.593137+00:00", "symbol": "DOGE-USD"}, {"trade_id": 139140348, "side": "sell", "size": "19427.00000000", "price": "0.19378000", "time": "2025-07-15T16:10:40.360469Z", "fetched_at": "2025-07-15T16:10:49.593137+00:00", "symbol": "DOGE-USD"}, {"trade_id": 139140347, "side": "sell", "size": "5.70000000", "price": "0.19378000", "time": "2025-07-15T16:10:40.360469Z", "fetched_at": "2025-07-15T16:10:49.593137+00:00", "symbol": "DOGE-USD"}, {"trade_id": 139140346, "side": "sell", "size": "5.70000000", "price": "0.19376000", "time": "2025-07-15T16:10:39.806143Z", "fetched_at": "2025-07-15T16:10:49.593137+00:00", "symbol": "DOGE-USD"}, {"trade_id": 139140345, "side": "buy", "size": "24.40000000", "price": "0.19374000", "time": "2025-07-15T16:10:38.710975Z", "fetched_at": "2025-07-15T16:10:49.593137+00:00", "symbol": "DOGE-USD"}, {"trade_id": 139140344, "side": "buy", "size": "9.40000000", "price": "0.19370000", "time": "2025-07-15T16:10:35.316618Z", "fetched_at": "2025-07-15T16:10:49.593137+00:00", "symbol": "DOGE-USD"}, {"trade_id": 139140343, "side": "buy", "size": "5.70000000", "price": "0.19370000", "time": "2025-07-15T16:10:35.316618Z", "fetched_at": "2025-07-15T16:10:49.593137+00:00", "symbol": "DOGE-USD"}, {"trade_id": 139140342, "side": "buy", "size": "6.00000000", "price": "0.19371000", "time": "2025-07-15T16:10:33.655521Z", "fetched_at": "2025-07-15T16:10:49.593137+00:00", "symbol": "DOGE-USD"}, {"trade_id": 139140341, "side": "buy", "size": "25.80000000", "price": "0.19372000", "time": "2025-07-15T16:10:32.551450Z", "fetched_at": "2025-07-15T16:10:49.593137+00:00", "symbol": "DOGE-USD"}, {"trade_id": 139140340, "side": "buy", "size": "27.70000000", "price": "0.19374000", "time": "2025-07-15T16:10:31.975095Z", "fetched_at": "2025-07-15T16:10:49.593137+00:00", "symbol": "DOGE-USD"}, {"trade_id": 139140339, "side": "buy", "size": "183.00000000", "price": "0.19375000", "time": "2025-07-15T16:10:31.975095Z", "fetched_at": "2025-07-15T16:10:49.593137+00:00", "symbol": "DOGE-USD"}, {"trade_id": 139140338, "side": "sell", "size": "5.70000000", "price": "0.19374000", "time": "2025-07-15T16:10:31.609209Z", "fetched_at": "2025-07-15T16:10:49.593137+00:00", "symbol": "DOGE-USD"}, {"trade_id": 139140337, "side": "sell", "size": "56.50000000", "price": "0.19373000", "time": "2025-07-15T16:10:31.609209Z", "fetched_at": "2025-07-15T16:10:49.593137+00:00", "symbol": "DOGE-USD"}, {"trade_id": 139140336, "side": "sell", "size": "929.70000000", "price": "0.19373000", "time": "2025-07-15T16:10:31.591841Z", "fetched_at": "2025-07-15T16:10:49.593137+00:00", "symbol": "DOGE-USD"}, {"trade_id": 139140335, "side": "sell", "size": "56.50000000", "price": "0.19372000", "time": "2025-07-15T16:10:31.591841Z", "fetched_at": "2025-07-15T16:10:49.593137+00:00", "symbol": "DOGE-USD"}, {"trade_id": 139140334, "side": "sell", "size": "984.10000000", "price": "0.19369000", "time": "2025-07-15T16:10:31.536754Z", "fetched_at": "2025-07-15T16:10:49.593137+00:00", "symbol": "DOGE-USD"}, {"trade_id": 139140333, "side": "buy", "size": "1.10000000", "price": "0.19369000", "time": "2025-07-15T16:10:30.035735Z", "fetched_at": "2025-07-15T16:10:49.593137+00:00", "symbol": "DOGE-USD"}, {"trade_id": 139140332, "side": "buy", "size": "18.40000000", "price": "0.19369000", "time": "2025-07-15T16:10:30.035735Z", "fetched_at": "2025-07-15T16:10:49.593137+00:00", "symbol": "DOGE-USD"}, {"trade_id": 139140331, "side": "sell", "size": "156.50000000", "price": "0.19372000", "time": "2025-07-15T16:10:28.485876Z", "fetched_at": "2025-07-15T16:10:49.593137+00:00", "symbol": "DOGE-USD"}, {"trade_id": 139140330, "side": "buy", "size": "34.50000000", "price": "0.19370000", "time": "2025-07-15T16:10:27.635238Z", "fetched_at": "2025-07-15T16:10:49.593137+00:00", "symbol": "DOGE-USD"}, {"trade_id": 139140329, "side": "buy", "size": "5.70000000", "price": "0.19370000", "time": "2025-07-15T16:10:27.635238Z", "fetched_at": "2025-07-15T16:10:49.593137+00:00", "symbol": "DOGE-USD"}, {"trade_id": 139140328, "side": "sell", "size": "33.50000000", "price": "0.19371000", "time": "2025-07-15T16:10:27.328870Z", "fetched_at": "2025-07-15T16:10:49.593137+00:00", "symbol": "DOGE-USD"}, {"trade_id": 139140327, "side": "buy", "size": "5.70000000", "price": "0.19372000", "time": "2025-07-15T16:10:25.360767Z", "fetched_at": "2025-07-15T16:10:49.593137+00:00", "symbol": "DOGE-USD"}, {"trade_id": 139140326, "side": "buy", "size": "5.70000000", "price": "0.19374000", "time": "2025-07-15T16:10:25.185037Z", "fetched_at": "2025-07-15T16:10:49.593137+00:00", "symbol": "DOGE-USD"}, {"trade_id": 139140325, "side": "buy", "size": "5.70000000", "price": "0.19376000", "time": "2025-07-15T16:10:24.314263Z", "fetched_at": "2025-07-15T16:10:49.593137+00:00", "symbol": "DOGE-USD"}, {"trade_id": 139140324, "side": "buy", "size": "36.60000000", "price": "0.19379000", "time": "2025-07-15T16:10:22.852357Z", "fetched_at": "2025-07-15T16:10:49.593137+00:00", "symbol": "DOGE-USD"}, {"trade_id": 139140323, "side": "buy", "size": "17.80000000", "price": "0.19380000", "time": "2025-07-15T16:10:22.852357Z", "fetched_at": "2025-07-15T16:10:49.593137+00:00", "symbol": "DOGE-USD"}, {"trade_id": 139140322, "side": "buy", "size": "5.70000000", "price": "0.19380000", "time": "2025-07-15T16:10:22.699558Z", "fetched_at": "2025-07-15T16:10:49.593137+00:00", "symbol": "DOGE-USD"}, {"trade_id": 139140321, "side": "buy", "size": "5.70000000", "price": "0.19382000", "time": "2025-07-15T16:10:22.558583Z", "fetched_at": "2025-07-15T16:10:49.593137+00:00", "symbol": "DOGE-USD"}, {"trade_id": 139140320, "side": "sell", "size": "19412.90000000", "price": "0.19387000", "time": "2025-07-15T16:10:21.248949Z", "fetched_at": "2025-07-15T16:10:49.593137+00:00", "symbol": "DOGE-USD"}, {"trade_id": 139140319, "side": "sell", "size": "57.90000000", "price": "0.19386000", "time": "2025-07-15T16:10:21.248949Z", "fetched_at": "2025-07-15T16:10:49.593137+00:00", "symbol": "DOGE-USD"}, {"trade_id": 139140318, "side": "buy", "size": "124.30000000", "price": "0.19382000", "time": "2025-07-15T16:10:20.542965Z", "fetched_at": "2025-07-15T16:10:49.593137+00:00", "symbol": "DOGE-USD"}, {"trade_id": 139140317, "side": "buy", "size": "17.80000000", "price": "0.19382000", "time": "2025-07-15T16:10:20.542965Z", "fetched_at": "2025-07-15T16:10:49.593137+00:00", "symbol": "DOGE-USD"}, {"trade_id": 139140316, "side": "buy", "size": "17.10000000", "price": "0.19383000", "time": "2025-07-15T16:10:19.995865Z", "fetched_at": "2025-07-15T16:10:49.593137+00:00", "symbol": "DOGE-USD"}, {"trade_id": 139140315, "side": "buy", "size": "21.20000000", "price": "0.19384000", "time": "2025-07-15T16:10:19.715634Z", "fetched_at": "2025-07-15T16:10:49.593137+00:00", "symbol": "DOGE-USD"}, {"trade_id": 139140314, "side": "buy", "size": "6293.10000000", "price": "0.19383000", "time": "2025-07-15T16:10:19.671171Z", "fetched_at": "2025-07-15T16:10:49.593137+00:00", "symbol": "DOGE-USD"}, {"trade_id": 139140313, "side": "buy", "size": "4539.20000000", "price": "0.19384000", "time": "2025-07-15T16:10:19.629711Z", "fetched_at": "2025-07-15T16:10:49.593137+00:00", "symbol": "DOGE-USD"}, {"trade_id": 139140312, "side": "buy", "size": "5.70000000", "price": "0.19384000", "time": "2025-07-15T16:10:19.629711Z", "fetched_at": "2025-07-15T16:10:49.593137+00:00", "symbol": "DOGE-USD"}, {"trade_id": 139140311, "side": "buy", "size": "1546.40000000", "price": "0.19385000", "time": "2025-07-15T16:10:19.629711Z", "fetched_at": "2025-07-15T16:10:49.593137+00:00", "symbol": "DOGE-USD"}, {"trade_id": 139140310, "side": "buy", "size": "5.70000000", "price": "0.19386000", "time": "2025-07-15T16:10:19.627110Z", "fetched_at": "2025-07-15T16:10:49.593137+00:00", "symbol": "DOGE-USD"}, {"trade_id": 139140309, "side": "buy", "size": "5000.00000000", "price": "0.19386000", "time": "2025-07-15T16:10:19.627110Z", "fetched_at": "2025-07-15T16:10:49.593137+00:00", "symbol": "DOGE-USD"}, {"trade_id": 139140308, "side": "buy", "size": "1683.00000000", "price": "0.19386000", "time": "2025-07-15T16:10:19.627110Z", "fetched_at": "2025-07-15T16:10:49.593137+00:00", "symbol": "DOGE-USD"}, {"trade_id": 139140307, "side": "buy", "size": "24.40000000", "price": "0.19390000", "time": "2025-07-15T16:10:19.627110Z", "fetched_at": "2025-07-15T16:10:49.593137+00:00", "symbol": "DOGE-USD"}, {"trade_id": 139140306, "side": "buy", "size": "183.00000000", "price": "0.19390000", "time": "2025-07-15T16:10:19.624205Z", "fetched_at": "2025-07-15T16:10:49.593137+00:00", "symbol": "DOGE-USD"}, {"trade_id": 139140305, "side": "sell", "size": "922.50000000", "price": "0.19393000", "time": "2025-07-15T16:10:19.622893Z", "fetched_at": "2025-07-15T16:10:49.593137+00:00", "symbol": "DOGE-USD"}, {"trade_id": 139140304, "side": "sell", "size": "183.00000000", "price": "0.19393000", "time": "2025-07-15T16:10:19.622893Z", "fetched_at": "2025-07-15T16:10:49.593137+00:00", "symbol": "DOGE-USD"}, {"trade_id": 139140303, "side": "sell", "size": "536.20000000", "price": "0.19393000", "time": "2025-07-15T16:10:19.622893Z", "fetched_at": "2025-07-15T16:10:49.593137+00:00", "symbol": "DOGE-USD"}, {"trade_id": 139140302, "side": "sell", "size": "496.90000000", "price": "0.19392000", "time": "2025-07-15T16:10:19.622893Z", "fetched_at": "2025-07-15T16:10:49.593137+00:00", "symbol": "DOGE-USD"}, {"trade_id": 139140301, "side": "sell", "size": "429.00000000", "price": "0.19391000", "time": "2025-07-15T16:10:19.622893Z", "fetched_at": "2025-07-15T16:10:49.593137+00:00", "symbol": "DOGE-USD"}, {"trade_id": 139140300, "side": "sell", "size": "536.20000000", "price": "0.19391000", "time": "2025-07-15T16:10:19.622893Z", "fetched_at": "2025-07-15T16:10:49.593137+00:00", "symbol": "DOGE-USD"}, {"trade_id": 139140299, "side": "buy", "size": "11372.40000000", "price": "0.19387000", "time": "2025-07-15T16:10:19.611618Z", "fetched_at": "2025-07-15T16:10:49.593137+00:00", "symbol": "DOGE-USD"}, {"trade_id": 139140298, "side": "buy", "size": "2237.60000000", "price": "0.19387000", "time": "2025-07-15T16:10:19.611618Z", "fetched_at": "2025-07-15T16:10:49.593137+00:00", "symbol": "DOGE-USD"}, {"trade_id": 139140297, "side": "buy", "size": "3555.80000000", "price": "0.19387000", "time": "2025-07-15T16:10:19.611618Z", "fetched_at": "2025-07-15T16:10:49.593137+00:00", "symbol": "DOGE-USD"}, {"trade_id": 139140296, "side": "buy", "size": "1683.00000000", "price": "0.19387000", "time": "2025-07-15T16:10:19.611618Z", "fetched_at": "2025-07-15T16:10:49.593137+00:00", "symbol": "DOGE-USD"}, {"trade_id": 139140295, "side": "buy", "size": "5.70000000", "price": "0.19388000", "time": "2025-07-15T16:10:19.607504Z", "fetched_at": "2025-07-15T16:10:49.593137+00:00", "symbol": "DOGE-USD"}, {"trade_id": 139140294, "side": "buy", "size": "2000.00000000", "price": "0.19388000", "time": "2025-07-15T16:10:19.607504Z", "fetched_at": "2025-07-15T16:10:49.593137+00:00", "symbol": "DOGE-USD"}, {"trade_id": 139140293, "side": "buy", "size": "2286.10000000", "price": "0.19388000", "time": "2025-07-15T16:10:19.607504Z", "fetched_at": "2025-07-15T16:10:49.593137+00:00", "symbol": "DOGE-USD"}, {"trade_id": 139140292, "side": "buy", "size": "1683.00000000", "price": "0.19388000", "time": "2025-07-15T16:10:19.607504Z", "fetched_at": "2025-07-15T16:10:49.593137+00:00", "symbol": "DOGE-USD"}, {"trade_id": 139140291, "side": "buy", "size": "1546.00000000", "price": "0.19389000", "time": "2025-07-15T16:10:19.607504Z", "fetched_at": "2025-07-15T16:10:49.593137+00:00", "symbol": "DOGE-USD"}, {"trade_id": 139140290, "side": "buy", "size": "1683.00000000", "price": "0.19389000", "time": "2025-07-15T16:10:19.607504Z", "fetched_at": "2025-07-15T16:10:49.593137+00:00", "symbol": "DOGE-USD"}, {"trade_id": 139140289, "side": "buy", "size": "5000.00000000", "price": "0.19390000", "time": "2025-07-15T16:10:19.607504Z", "fetched_at": "2025-07-15T16:10:49.593137+00:00", "symbol": "DOGE-USD"}, {"trade_id": 139140288, "side": "buy", "size": "1683.00000000", "price": "0.19390000", "time": "2025-07-15T16:10:19.607504Z", "fetched_at": "2025-07-15T16:10:49.593137+00:00", "symbol": "DOGE-USD"}, {"trade_id": 139140287, "side": "buy", "size": "2503.90000000", "price": "0.19391000", "time": "2025-07-15T16:10:19.605162Z", "fetched_at": "2025-07-15T16:10:49.593137+00:00", "symbol": "DOGE-USD"}, {"trade_id": 139140286, "side": "buy", "size": "2286.10000000", "price": "0.19391000", "time": "2025-07-15T16:10:19.605162Z", "fetched_at": "2025-07-15T16:10:49.593137+00:00", "symbol": "DOGE-USD"}, {"trade_id": 139140285, "side": "buy", "size": "1683.00000000", "price": "0.19391000", "time": "2025-07-15T16:10:19.605162Z", "fetched_at": "2025-07-15T16:10:49.593137+00:00", "symbol": "DOGE-USD"}, {"trade_id": 139140284, "side": "buy", "size": "5.70000000", "price": "0.19392000", "time": "2025-07-15T16:10:19.605162Z", "fetched_at": "2025-07-15T16:10:49.593137+00:00", "symbol": "DOGE-USD"}, {"trade_id": 139140283, "side": "buy", "size": "3265.50000000", "price": "0.19392000", "time": "2025-07-15T16:10:19.605162Z", "fetched_at": "2025-07-15T16:10:49.593137+00:00", "symbol": "DOGE-USD"}, {"trade_id": 139140282, "side": "buy", "size": "1683.00000000", "price": "0.19392000", "time": "2025-07-15T16:10:19.605162Z", "fetched_at": "2025-07-15T16:10:49.593137+00:00", "symbol": "DOGE-USD"}, {"trade_id": 139140281, "side": "buy", "size": "2465.40000000", "price": "0.19393000", "time": "2025-07-15T16:10:19.605162Z", "fetched_at": "2025-07-15T16:10:49.593137+00:00", "symbol": "DOGE-USD"}, {"trade_id": 139140280, "side": "buy", "size": "2061.80000000", "price": "0.19393000", "time": "2025-07-15T16:10:19.605162Z", "fetched_at": "2025-07-15T16:10:49.593137+00:00", "symbol": "DOGE-USD"}, {"trade_id": 139140279, "side": "buy", "size": "1578.90000000", "price": "0.19393000", "time": "2025-07-15T16:10:19.605162Z", "fetched_at": "2025-07-15T16:10:49.593137+00:00", "symbol": "DOGE-USD"}, {"trade_id": 139140278, "side": "buy", "size": "2286.10000000", "price": "0.19393000", "time": "2025-07-15T16:10:19.605162Z", "fetched_at": "2025-07-15T16:10:49.593137+00:00", "symbol": "DOGE-USD"}, {"trade_id": 139140277, "side": "buy", "size": "1683.00000000", "price": "0.19393000", "time": "2025-07-15T16:10:19.605162Z", "fetched_at": "2025-07-15T16:10:49.593137+00:00", "symbol": "DOGE-USD"}, {"trade_id": 139140276, "side": "buy", "size": "5.70000000", "price": "0.19394000", "time": "2025-07-15T16:10:19.600612Z", "fetched_at": "2025-07-15T16:10:49.593137+00:00", "symbol": "DOGE-USD"}, {"trade_id": 139140275, "side": "buy", "size": "1666.60000000", "price": "0.19394000", "time": "2025-07-15T16:10:19.600612Z", "fetched_at": "2025-07-15T16:10:49.593137+00:00", "symbol": "DOGE-USD"}, {"trade_id": 139140274, "side": "buy", "size": "1683.00000000", "price": "0.19394000", "time": "2025-07-15T16:10:19.600612Z", "fetched_at": "2025-07-15T16:10:49.593137+00:00", "symbol": "DOGE-USD"}, {"trade_id": 139140273, "side": "buy", "size": "3288.10000000", "price": "0.19395000", "time": "2025-07-15T16:10:19.598973Z", "fetched_at": "2025-07-15T16:10:49.593137+00:00", "symbol": "DOGE-USD"}, {"trade_id": 139140272, "side": "buy", "size": "1683.00000000", "price": "0.19395000", "time": "2025-07-15T16:10:19.598973Z", "fetched_at": "2025-07-15T16:10:49.593137+00:00", "symbol": "DOGE-USD"}, {"trade_id": 139140271, "side": "buy", "size": "21.20000000", "price": "0.19398000", "time": "2025-07-15T16:10:19.598973Z", "fetched_at": "2025-07-15T16:10:49.593137+00:00", "symbol": "DOGE-USD"}, {"trade_id": 139140270, "side": "buy", "size": "929.70000000", "price": "0.19399000", "time": "2025-07-15T16:10:19.598973Z", "fetched_at": "2025-07-15T16:10:49.593137+00:00", "symbol": "DOGE-USD"}, {"trade_id": 139140269, "side": "buy", "size": "2164.60000000", "price": "0.19395000", "time": "2025-07-15T16:10:18.769941Z", "fetched_at": "2025-07-15T16:10:49.593137+00:00", "symbol": "DOGE-USD"}, {"trade_id": 139140268, "side": "buy", "size": "1683.00000000", "price": "0.19395000", "time": "2025-07-15T16:10:18.769941Z", "fetched_at": "2025-07-15T16:10:49.593137+00:00", "symbol": "DOGE-USD"}, {"trade_id": 139140267, "side": "buy", "size": "1383.70000000", "price": "0.19396000", "time": "2025-07-15T16:10:18.769941Z", "fetched_at": "2025-07-15T16:10:49.593137+00:00", "symbol": "DOGE-USD"}, {"trade_id": 139140266, "side": "buy", "size": "21.90000000", "price": "0.19397000", "time": "2025-07-15T16:10:18.769941Z", "fetched_at": "2025-07-15T16:10:49.593137+00:00", "symbol": "DOGE-USD"}, {"trade_id": 139140265, "side": "buy", "size": "160.70000000", "price": "0.19398000", "time": "2025-07-15T16:10:18.534663Z", "fetched_at": "2025-07-15T16:10:49.593137+00:00", "symbol": "DOGE-USD"}, {"trade_id": 139140264, "side": "buy", "size": "35.60000000", "price": "0.19399000", "time": "2025-07-15T16:10:17.772516Z", "fetched_at": "2025-07-15T16:10:49.593137+00:00", "symbol": "DOGE-USD"}, {"trade_id": 139140263, "side": "sell", "size": "632.00000000", "price": "0.19398000", "time": "2025-07-15T16:10:15.340064Z", "fetched_at": "2025-07-15T16:10:49.593137+00:00", "symbol": "DOGE-USD"}, {"trade_id": 139140262, "side": "sell", "size": "5.70000000", "price": "0.19398000", "time": "2025-07-15T16:10:15.340064Z", "fetched_at": "2025-07-15T16:10:49.593137+00:00", "symbol": "DOGE-USD"}, {"trade_id": 139140261, "side": "buy", "size": "47.20000000", "price": "0.19396000", "time": "2025-07-15T16:10:14.794832Z", "fetched_at": "2025-07-15T16:10:49.593137+00:00", "symbol": "DOGE-USD"}, {"trade_id": 139140260, "side": "sell", "size": "5.70000000", "price": "0.19396000", "time": "2025-07-15T16:10:14.712656Z", "fetched_at": "2025-07-15T16:10:49.593137+00:00", "symbol": "DOGE-USD"}, {"trade_id": 139140259, "side": "sell", "size": "713.60000000", "price": "0.19394000", "time": "2025-07-15T16:10:14.025700Z", "fetched_at": "2025-07-15T16:10:49.593137+00:00", "symbol": "DOGE-USD"}, {"trade_id": 139140258, "side": "sell", "size": "5.70000000", "price": "0.19394000", "time": "2025-07-15T16:10:14.025700Z", "fetched_at": "2025-07-15T16:10:49.593137+00:00", "symbol": "DOGE-USD"}, {"trade_id": 139140257, "side": "sell", "size": "100.20000000", "price": "0.19392000", "time": "2025-07-15T16:10:13.386077Z", "fetched_at": "2025-07-15T16:10:49.593137+00:00", "symbol": "DOGE-USD"}, {"trade_id": 139140256, "side": "buy", "size": "824.70000000", "price": "0.19391000", "time": "2025-07-15T16:10:12.760481Z", "fetched_at": "2025-07-15T16:10:49.593137+00:00", "symbol": "DOGE-USD"}, {"trade_id": 139140255, "side": "sell", "size": "5.70000000", "price": "0.19392000", "time": "2025-07-15T16:10:12.693997Z", "fetched_at": "2025-07-15T16:10:49.593137+00:00", "symbol": "DOGE-USD"}, {"trade_id": 139140254, "side": "sell", "size": "56.00000000", "price": "0.19390000", "time": "2025-07-15T16:10:12.656037Z", "fetched_at": "2025-07-15T16:10:49.593137+00:00", "symbol": "DOGE-USD"}, {"trade_id": 139140253, "side": "sell", "size": "56.00000000", "price": "0.19390000", "time": "2025-07-15T16:10:12.645058Z", "fetched_at": "2025-07-15T16:10:49.593137+00:00", "symbol": "DOGE-USD"}, {"trade_id": 139140252, "side": "sell", "size": "5.70000000", "price": "0.19390000", "time": "2025-07-15T16:10:12.645058Z", "fetched_at": "2025-07-15T16:10:49.593137+00:00", "symbol": "DOGE-USD"}, {"trade_id": 139140251, "side": "buy", "size": "13.60000000", "price": "0.19388000", "time": "2025-07-15T16:10:12.184010Z", "fetched_at": "2025-07-15T16:10:49.593137+00:00", "symbol": "DOGE-USD"}, {"trade_id": 139140250, "side": "buy", "size": "27.60000000", "price": "0.19388000", "time": "2025-07-15T16:10:12.184010Z", "fetched_at": "2025-07-15T16:10:49.593137+00:00", "symbol": "DOGE-USD"}, {"trade_id": 139140249, "side": "sell", "size": "945.50000000", "price": "0.19388000", "time": "2025-07-15T16:10:12.120449Z", "fetched_at": "2025-07-15T16:10:49.593137+00:00", "symbol": "DOGE-USD"}, {"trade_id": 139140248, "side": "sell", "size": "5.70000000", "price": "0.19388000", "time": "2025-07-15T16:10:12.120449Z", "fetched_at": "2025-07-15T16:10:49.593137+00:00", "symbol": "DOGE-USD"}, {"trade_id": 139140247, "side": "sell", "size": "56.10000000", "price": "0.19386000", "time": "2025-07-15T16:10:11.248149Z", "fetched_at": "2025-07-15T16:10:49.593137+00:00", "symbol": "DOGE-USD"}, {"trade_id": 139140246, "side": "sell", "size": "7616.50000000", "price": "0.19384000", "time": "2025-07-15T16:10:11.213524Z", "fetched_at": "2025-07-15T16:10:49.593137+00:00", "symbol": "DOGE-USD"}, {"trade_id": 139140245, "side": "sell", "size": "1803.60000000", "price": "0.19384000", "time": "2025-07-15T16:10:10.983948Z", "fetched_at": "2025-07-15T16:10:49.593137+00:00", "symbol": "DOGE-USD"}, {"trade_id": 139140244, "side": "buy", "size": "1072.30000000", "price": "0.19382000", "time": "2025-07-15T16:10:10.468536Z", "fetched_at": "2025-07-15T16:10:49.593137+00:00", "symbol": "DOGE-USD"}, {"trade_id": 139140243, "side": "buy", "size": "930.00000000", "price": "0.19380000", "time": "2025-07-15T16:10:09.709518Z", "fetched_at": "2025-07-15T16:10:49.593137+00:00", "symbol": "DOGE-USD"}, {"trade_id": 139140242, "side": "sell", "size": "1532.90000000", "price": "0.19379000", "time": "2025-07-15T16:10:09.596862Z", "fetched_at": "2025-07-15T16:10:49.593137+00:00", "symbol": "DOGE-USD"}, {"trade_id": 139140241, "side": "sell", "size": "183.00000000", "price": "0.19379000", "time": "2025-07-15T16:10:09.596862Z", "fetched_at": "2025-07-15T16:10:49.593137+00:00", "symbol": "DOGE-USD"}, {"trade_id": 139140240, "side": "buy", "size": "26.50000000", "price": "0.19378000", "time": "2025-07-15T16:10:09.456089Z", "fetched_at": "2025-07-15T16:10:49.593137+00:00", "symbol": "DOGE-USD"}, {"trade_id": 139140239, "side": "buy", "size": "5.70000000", "price": "0.19378000", "time": "2025-07-15T16:10:09.456089Z", "fetched_at": "2025-07-15T16:10:49.593137+00:00", "symbol": "DOGE-USD"}, {"trade_id": 139140238, "side": "buy", "size": "5000.00000000", "price": "0.19380000", "time": "2025-07-15T16:10:08.651140Z", "fetched_at": "2025-07-15T16:10:49.593137+00:00", "symbol": "DOGE-USD"}, {"trade_id": 139140237, "side": "buy", "size": "5.70000000", "price": "0.19380000", "time": "2025-07-15T16:10:08.651140Z", "fetched_at": "2025-07-15T16:10:49.593137+00:00", "symbol": "DOGE-USD"}, {"trade_id": 139140236, "side": "buy", "size": "27.40000000", "price": "0.19381000", "time": "2025-07-15T16:10:08.651140Z", "fetched_at": "2025-07-15T16:10:49.593137+00:00", "symbol": "DOGE-USD"}, {"trade_id": 139140235, "side": "buy", "size": "5.70000000", "price": "0.19382000", "time": "2025-07-15T16:10:08.651140Z", "fetched_at": "2025-07-15T16:10:49.593137+00:00", "symbol": "DOGE-USD"}, {"trade_id": 139140234, "side": "buy", "size": "17.10000000", "price": "0.19383000", "time": "2025-07-15T16:10:07.384551Z", "fetched_at": "2025-07-15T16:10:49.593137+00:00", "symbol": "DOGE-USD"}, {"trade_id": 139140233, "side": "buy", "size": "3094.40000000", "price": "0.19384000", "time": "2025-07-15T16:10:06.665621Z", "fetched_at": "2025-07-15T16:10:49.593137+00:00", "symbol": "DOGE-USD"}, {"trade_id": 139140232, "side": "buy", "size": "5.70000000", "price": "0.19384000", "time": "2025-07-15T16:10:06.665621Z", "fetched_at": "2025-07-15T16:10:49.593137+00:00", "symbol": "DOGE-USD"}, {"trade_id": 139140231, "side": "buy", "size": "33.50000000", "price": "0.19385000", "time": "2025-07-15T16:10:06.631229Z", "fetched_at": "2025-07-15T16:10:49.593137+00:00", "symbol": "DOGE-USD"}, {"trade_id": 139140230, "side": "buy", "size": "930.00000000", "price": "0.19386000", "time": "2025-07-15T16:10:06.631229Z", "fetched_at": "2025-07-15T16:10:49.593137+00:00", "symbol": "DOGE-USD"}, {"trade_id": 139140229, "side": "buy", "size": "32.80000000", "price": "0.19386000", "time": "2025-07-15T16:10:04.948621Z", "fetched_at": "2025-07-15T16:10:49.593137+00:00", "symbol": "DOGE-USD"}, {"trade_id": 139140228, "side": "sell", "size": "1062.20000000", "price": "0.19387000", "time": "2025-07-15T16:10:04.257822Z", "fetched_at": "2025-07-15T16:10:49.593137+00:00", "symbol": "DOGE-USD"}, {"trade_id": 139140227, "side": "buy", "size": "14.40000000", "price": "0.19387000", "time": "2025-07-15T16:10:02.714455Z", "fetched_at": "2025-07-15T16:10:49.593137+00:00", "symbol": "DOGE-USD"}, {"trade_id": 139140226, "side": "sell", "size": "376.70000000", "price": "0.19386000", "time": "2025-07-15T16:10:02.666338Z", "fetched_at": "2025-07-15T16:10:49.593137+00:00", "symbol": "DOGE-USD"}, {"trade_id": 139140225, "side": "sell", "size": "819.60000000", "price": "0.19386000", "time": "2025-07-15T16:10:02.622203Z", "fetched_at": "2025-07-15T16:10:49.593137+00:00", "symbol": "DOGE-USD"}, {"trade_id": 139140224, "side": "sell", "size": "1685.30000000", "price": "0.19386000", "time": "2025-07-15T16:10:02.622203Z", "fetched_at": "2025-07-15T16:10:49.593137+00:00", "symbol": "DOGE-USD"}, {"trade_id": 139140223, "side": "sell", "size": "57.40000000", "price": "0.19387000", "time": "2025-07-15T16:10:01.623782Z", "fetched_at": "2025-07-15T16:10:49.593137+00:00", "symbol": "DOGE-USD"}, {"trade_id": 139140222, "side": "sell", "size": "1566.00000000", "price": "0.19387000", "time": "2025-07-15T16:10:01.608556Z", "fetched_at": "2025-07-15T16:10:49.593137+00:00", "symbol": "DOGE-USD"}, {"trade_id": 139140221, "side": "sell", "size": "183.00000000", "price": "0.19387000", "time": "2025-07-15T16:10:01.608556Z", "fetched_at": "2025-07-15T16:10:49.593137+00:00", "symbol": "DOGE-USD"}, {"trade_id": 139140220, "side": "sell", "size": "57.40000000", "price": "0.19387000", "time": "2025-07-15T16:10:01.608556Z", "fetched_at": "2025-07-15T16:10:49.593137+00:00", "symbol": "DOGE-USD"}, {"trade_id": 139140219, "side": "buy", "size": "5.70000000", "price": "0.19384000", "time": "2025-07-15T16:10:00.852441Z", "fetched_at": "2025-07-15T16:10:49.593137+00:00", "symbol": "DOGE-USD"}, {"trade_id": 139140218, "side": "buy", "size": "2500.00000000", "price": "0.19385000", "time": "2025-07-15T16:10:00.581872Z", "fetched_at": "2025-07-15T16:10:49.593137+00:00", "symbol": "DOGE-USD"}, {"trade_id": 139140217, "side": "buy", "size": "4868.90000000", "price": "0.19385000", "time": "2025-07-15T16:10:00.581872Z", "fetched_at": "2025-07-15T16:10:49.593137+00:00", "symbol": "DOGE-USD"}, {"trade_id": 139140216, "side": "buy", "size": "33.20000000", "price": "0.19387000", "time": "2025-07-15T16:10:00.572745Z", "fetched_at": "2025-07-15T16:10:49.593137+00:00", "symbol": "DOGE-USD"}, {"trade_id": 139140215, "side": "buy", "size": "930.00000000", "price": "0.19388000", "time": "2025-07-15T16:10:00.569458Z", "fetched_at": "2025-07-15T16:10:49.593137+00:00", "symbol": "DOGE-USD"}, {"trade_id": 139140214, "side": "buy", "size": "2062.90000000", "price": "0.19388000", "time": "2025-07-15T16:10:00.569458Z", "fetched_at": "2025-07-15T16:10:49.593137+00:00", "symbol": "DOGE-USD"}, {"trade_id": 139140213, "side": "buy", "size": "1844.70000000", "price": "0.19386000", "time": "2025-07-15T16:10:00.470430Z", "fetched_at": "2025-07-15T16:10:49.593137+00:00", "symbol": "DOGE-USD"}, {"trade_id": 139140212, "side": "buy", "size": "5.70000000", "price": "0.19386000", "time": "2025-07-15T16:10:00.470430Z", "fetched_at": "2025-07-15T16:10:49.593137+00:00", "symbol": "DOGE-USD"}, {"trade_id": 139140211, "side": "buy", "size": "5.70000000", "price": "0.19388000", "time": "2025-07-15T16:10:00.462511Z", "fetched_at": "2025-07-15T16:10:49.593137+00:00", "symbol": "DOGE-USD"}, {"trade_id": 139140210, "side": "buy", "size": "1500.00000000", "price": "0.19389000", "time": "2025-07-15T16:10:00.462511Z", "fetched_at": "2025-07-15T16:10:49.593137+00:00", "symbol": "DOGE-USD"}, {"trade_id": 139140209, "side": "buy", "size": "33.20000000", "price": "0.19390000", "time": "2025-07-15T16:10:00.462511Z", "fetched_at": "2025-07-15T16:10:49.593137+00:00", "symbol": "DOGE-USD"}, {"trade_id": 139140208, "side": "buy", "size": "5.70000000", "price": "0.19390000", "time": "2025-07-15T16:10:00.462511Z", "fetched_at": "2025-07-15T16:10:49.593137+00:00", "symbol": "DOGE-USD"}, {"trade_id": 139140207, "side": "buy", "size": "25.10000000", "price": "0.19392000", "time": "2025-07-15T16:10:00.147826Z", "fetched_at": "2025-07-15T16:10:49.593137+00:00", "symbol": "DOGE-USD"}, {"trade_id": 139140206, "side": "buy", "size": "930.00000000", "price": "0.19393000", "time": "2025-07-15T16:09:58.364914Z", "fetched_at": "2025-07-15T16:10:49.593137+00:00", "symbol": "DOGE-USD"}, {"trade_id": 139140205, "side": "buy", "size": "930.00000000", "price": "0.19394000", "time": "2025-07-15T16:09:58.364914Z", "fetched_at": "2025-07-15T16:10:49.593137+00:00", "symbol": "DOGE-USD"}, {"trade_id": 139140204, "side": "buy", "size": "26.80000000", "price": "0.19395000", "time": "2025-07-15T16:09:57.907349Z", "fetched_at": "2025-07-15T16:10:49.593137+00:00", "symbol": "DOGE-USD"}, {"trade_id": 139140203, "side": "buy", "size": "1373.30000000", "price": "0.19391000", "time": "2025-07-15T16:09:57.690117Z", "fetched_at": "2025-07-15T16:10:49.593137+00:00", "symbol": "DOGE-USD"}, {"trade_id": 139140202, "side": "buy", "size": "26.10000000", "price": "0.19392000", "time": "2025-07-15T16:09:57.690117Z", "fetched_at": "2025-07-15T16:10:49.593137+00:00", "symbol": "DOGE-USD"}, {"trade_id": 139140201, "side": "buy", "size": "5.70000000", "price": "0.19392000", "time": "2025-07-15T16:09:57.690117Z", "fetched_at": "2025-07-15T16:10:49.593137+00:00", "symbol": "DOGE-USD"}, {"trade_id": 139140200, "side": "buy", "size": "1374.10000000", "price": "0.19394000", "time": "2025-07-15T16:09:57.690117Z", "fetched_at": "2025-07-15T16:10:49.593137+00:00", "symbol": "DOGE-USD"}, {"trade_id": 139140199, "side": "buy", "size": "930.00000000", "price": "0.19394000", "time": "2025-07-15T16:09:57.690117Z", "fetched_at": "2025-07-15T16:10:49.593137+00:00", "symbol": "DOGE-USD"}, {"trade_id": 139140198, "side": "buy", "size": "930.00000000", "price": "0.19395000", "time": "2025-07-15T16:09:57.690117Z", "fetched_at": "2025-07-15T16:10:49.593137+00:00", "symbol": "DOGE-USD"}, {"trade_id": 139140197, "side": "sell", "size": "57.30000000", "price": "0.19395000", "time": "2025-07-15T16:09:57.369687Z", "fetched_at": "2025-07-15T16:10:49.593137+00:00", "symbol": "DOGE-USD"}, {"trade_id": 139140196, "side": "sell", "size": "25.80000000", "price": "0.19395000", "time": "2025-07-15T16:09:57.369687Z", "fetched_at": "2025-07-15T16:10:49.593137+00:00", "symbol": "DOGE-USD"}, {"trade_id": 139140195, "side": "buy", "size": "930.00000000", "price": "0.19394000", "time": "2025-07-15T16:09:56.160903Z", "fetched_at": "2025-07-15T16:10:49.593137+00:00", "symbol": "DOGE-USD"}, {"trade_id": 139140194, "side": "buy", "size": "5.70000000", "price": "0.19394000", "time": "2025-07-15T16:09:56.160903Z", "fetched_at": "2025-07-15T16:10:49.593137+00:00", "symbol": "DOGE-USD"}, {"trade_id": 139140193, "side": "buy", "size": "33.20000000", "price": "0.19395000", "time": "2025-07-15T16:09:56.160903Z", "fetched_at": "2025-07-15T16:10:49.593137+00:00", "symbol": "DOGE-USD"}, {"trade_id": 139140192, "side": "buy", "size": "930.00000000", "price": "0.19395000", "time": "2025-07-15T16:09:56.160903Z", "fetched_at": "2025-07-15T16:10:49.593137+00:00", "symbol": "DOGE-USD"}, {"trade_id": 139140191, "side": "sell", "size": "125.20000000", "price": "0.19397000", "time": "2025-07-15T16:09:55.707516Z", "fetched_at": "2025-07-15T16:10:49.593137+00:00", "symbol": "DOGE-USD"}, {"trade_id": 139140190, "side": "buy", "size": "19.50000000", "price": "0.19397000", "time": "2025-07-15T16:09:55.556169Z", "fetched_at": "2025-07-15T16:10:49.593137+00:00", "symbol": "DOGE-USD"}, {"trade_id": 139140189, "side": "buy", "size": "18.30000000", "price": "0.19397000", "time": "2025-07-15T16:09:54.812363Z", "fetched_at": "2025-07-15T16:10:49.593137+00:00", "symbol": "DOGE-USD"}, {"trade_id": 139140188, "side": "buy", "size": "49.80000000", "price": "0.19399000", "time": "2025-07-15T16:09:53.422820Z", "fetched_at": "2025-07-15T16:10:49.593137+00:00", "symbol": "DOGE-USD"}, {"trade_id": 139140187, "side": "sell", "size": "1063.40000000", "price": "0.19398000", "time": "2025-07-15T16:09:53.134101Z", "fetched_at": "2025-07-15T16:10:49.593137+00:00", "symbol": "DOGE-USD"}, {"trade_id": 139140186, "side": "buy", "size": "1.40000000", "price": "0.19398000", "time": "2025-07-15T16:09:50.136149Z", "fetched_at": "2025-07-15T16:10:49.593137+00:00", "symbol": "DOGE-USD"}, {"trade_id": 139140185, "side": "buy", "size": "39.80000000", "price": "0.19398000", "time": "2025-07-15T16:09:50.117955Z", "fetched_at": "2025-07-15T16:10:49.593137+00:00", "symbol": "DOGE-USD"}, {"trade_id": 139140184, "side": "buy", "size": "931.40000000", "price": "0.19398000", "time": "2025-07-15T16:09:50.117955Z", "fetched_at": "2025-07-15T16:10:49.593137+00:00", "symbol": "DOGE-USD"}, {"trade_id": 139140183, "side": "sell", "size": "5.70000000", "price": "0.19398000", "time": "2025-07-15T16:09:50.020269Z", "fetched_at": "2025-07-15T16:10:49.593137+00:00", "symbol": "DOGE-USD"}, {"trade_id": 139140182, "side": "sell", "size": "1312.70000000", "price": "0.19396000", "time": "2025-07-15T16:09:48.817550Z", "fetched_at": "2025-07-15T16:10:49.593137+00:00", "symbol": "DOGE-USD"}, {"trade_id": 139140181, "side": "sell", "size": "536.20000000", "price": "0.19394000", "time": "2025-07-15T16:09:48.715695Z", "fetched_at": "2025-07-15T16:10:49.593137+00:00", "symbol": "DOGE-USD"}, {"trade_id": 139140180, "side": "buy", "size": "18.60000000", "price": "0.19395000", "time": "2025-07-15T16:09:48.144728Z", "fetched_at": "2025-07-15T16:10:49.593137+00:00", "symbol": "DOGE-USD"}, {"trade_id": 139140179, "side": "buy", "size": "9.80000000", "price": "0.19394000", "time": "2025-07-15T16:09:47.371787Z", "fetched_at": "2025-07-15T16:10:49.593137+00:00", "symbol": "DOGE-USD"}, {"trade_id": 139140178, "side": "buy", "size": "5.70000000", "price": "0.19394000", "time": "2025-07-15T16:09:47.371787Z", "fetched_at": "2025-07-15T16:10:49.593137+00:00", "symbol": "DOGE-USD"}, {"trade_id": 139140177, "side": "buy", "size": "5.70000000", "price": "0.19396000", "time": "2025-07-15T16:09:45.526924Z", "fetched_at": "2025-07-15T16:10:49.593137+00:00", "symbol": "DOGE-USD"}, {"trade_id": 139140176, "side": "buy", "size": "4296.10000000", "price": "0.19397000", "time": "2025-07-15T16:09:45.201699Z", "fetched_at": "2025-07-15T16:10:49.593137+00:00", "symbol": "DOGE-USD"}, {"trade_id": 139140175, "side": "buy", "size": "46.30000000", "price": "0.19398000", "time": "2025-07-15T16:09:45.201699Z", "fetched_at": "2025-07-15T16:10:49.593137+00:00", "symbol": "DOGE-USD"}, {"trade_id": 139140174, "side": "buy", "size": "4434.90000000", "price": "0.19398000", "time": "2025-07-15T16:09:43.843680Z", "fetched_at": "2025-07-15T16:10:49.593137+00:00", "symbol": "DOGE-USD"}, {"trade_id": 139140173, "side": "buy", "size": "5.70000000", "price": "0.19398000", "time": "2025-07-15T16:09:43.843680Z", "fetched_at": "2025-07-15T16:10:49.593137+00:00", "symbol": "DOGE-USD"}, {"trade_id": 139140172, "side": "buy", "size": "2990.10000000", "price": "0.19399000", "time": "2025-07-15T16:09:43.520314Z", "fetched_at": "2025-07-15T16:10:49.593137+00:00", "symbol": "DOGE-USD"}, {"trade_id": 139140171, "side": "buy", "size": "45.60000000", "price": "0.19399000", "time": "2025-07-15T16:09:42.991839Z", "fetched_at": "2025-07-15T16:10:49.593137+00:00", "symbol": "DOGE-USD"}, {"trade_id": 139140170, "side": "buy", "size": "57.80000000", "price": "0.19401000", "time": "2025-07-15T16:09:42.243243Z", "fetched_at": "2025-07-15T16:10:49.593137+00:00", "symbol": "DOGE-USD"}, {"trade_id": 139140169, "side": "buy", "size": "931.40000000", "price": "0.19402000", "time": "2025-07-15T16:09:42.243243Z", "fetched_at": "2025-07-15T16:10:49.593137+00:00", "symbol": "DOGE-USD"}, {"trade_id": 139140168, "side": "sell", "size": "75.20000000", "price": "0.19406000", "time": "2025-07-15T16:09:40.937393Z", "fetched_at": "2025-07-15T16:10:49.593137+00:00", "symbol": "DOGE-USD"}, {"trade_id": 139140167, "side": "sell", "size": "377.40000000", "price": "0.19406000", "time": "2025-07-15T16:09:40.937393Z", "fetched_at": "2025-07-15T16:10:49.593137+00:00", "symbol": "DOGE-USD"}, {"trade_id": 139140166, "side": "sell", "size": "0.10000000", "price": "0.19406000", "time": "2025-07-15T16:09:40.937393Z", "fetched_at": "2025-07-15T16:10:49.593137+00:00", "symbol": "DOGE-USD"}, {"trade_id": 139140165, "side": "sell", "size": "48.70000000", "price": "0.19405000", "time": "2025-07-15T16:09:40.937393Z", "fetched_at": "2025-07-15T16:10:49.593137+00:00", "symbol": "DOGE-USD"}, {"trade_id": 139140164, "side": "sell", "size": "0.20000000", "price": "0.19405000", "time": "2025-07-15T16:09:40.937393Z", "fetched_at": "2025-07-15T16:10:49.593137+00:00", "symbol": "DOGE-USD"}, {"trade_id": 139140163, "side": "buy", "size": "37.40000000", "price": "0.19404000", "time": "2025-07-15T16:09:40.892008Z", "fetched_at": "2025-07-15T16:10:49.593137+00:00", "symbol": "DOGE-USD"}, {"trade_id": 139140162, "side": "sell", "size": "57.60000000", "price": "0.19404000", "time": "2025-07-15T16:09:40.058184Z", "fetched_at": "2025-07-15T16:10:49.593137+00:00", "symbol": "DOGE-USD"}, {"trade_id": 139140161, "side": "sell", "size": "5.70000000", "price": "0.19404000", "time": "2025-07-15T16:09:40.058184Z", "fetched_at": "2025-07-15T16:10:49.593137+00:00", "symbol": "DOGE-USD"}, {"trade_id": 139140160, "side": "sell", "size": "146.70000000", "price": "0.19404000", "time": "2025-07-15T16:09:40.058184Z", "fetched_at": "2025-07-15T16:10:49.593137+00:00", "symbol": "DOGE-USD"}, {"trade_id": 139140159, "side": "sell", "size": "108.60000000", "price": "0.19404000", "time": "2025-07-15T16:09:40.058184Z", "fetched_at": "2025-07-15T16:10:49.593137+00:00", "symbol": "DOGE-USD"}, {"trade_id": 139140158, "side": "sell", "size": "1566.00000000", "price": "0.19402000", "time": "2025-07-15T16:09:39.974792Z", "fetched_at": "2025-07-15T16:10:49.593137+00:00", "symbol": "DOGE-USD"}, {"trade_id": 139140157, "side": "sell", "size": "57.70000000", "price": "0.19402000", "time": "2025-07-15T16:09:39.974792Z", "fetched_at": "2025-07-15T16:10:49.593137+00:00", "symbol": "DOGE-USD"}, {"trade_id": 139140156, "side": "sell", "size": "5.70000000", "price": "0.19402000", "time": "2025-07-15T16:09:39.974792Z", "fetched_at": "2025-07-15T16:10:49.593137+00:00", "symbol": "DOGE-USD"}, {"trade_id": 139140155, "side": "sell", "size": "286.00000000", "price": "0.19400000", "time": "2025-07-15T16:09:39.971554Z", "fetched_at": "2025-07-15T16:10:49.593137+00:00", "symbol": "DOGE-USD"}, {"trade_id": 139140154, "side": "sell", "size": "536.20000000", "price": "0.19397000", "time": "2025-07-15T16:09:38.908532Z", "fetched_at": "2025-07-15T16:10:49.593137+00:00", "symbol": "DOGE-USD"}, {"trade_id": 139140153, "side": "buy", "size": "16.50000000", "price": "0.19396000", "time": "2025-07-15T16:09:38.832967Z", "fetched_at": "2025-07-15T16:10:49.593137+00:00", "symbol": "DOGE-USD"}, {"trade_id": 139140152, "side": "buy", "size": "0.70000000", "price": "0.19398000", "time": "2025-07-15T16:09:36.823415Z", "fetched_at": "2025-07-15T16:10:49.593137+00:00", "symbol": "DOGE-USD"}, {"trade_id": 139140151, "side": "buy", "size": "54.60000000", "price": "0.19399000", "time": "2025-07-15T16:09:36.702787Z", "fetched_at": "2025-07-15T16:10:49.593137+00:00", "symbol": "DOGE-USD"}, {"trade_id": 139140150, "side": "sell", "size": "286.00000000", "price": "0.19398000", "time": "2025-07-15T16:09:36.672028Z", "fetched_at": "2025-07-15T16:10:49.593137+00:00", "symbol": "DOGE-USD"}, {"trade_id": 139140149, "side": "sell", "size": "5.70000000", "price": "0.19400000", "time": "2025-07-15T16:09:35.905948Z", "fetched_at": "2025-07-15T16:10:49.593137+00:00", "symbol": "DOGE-USD"}, {"trade_id": 139140148, "side": "sell", "size": "36.60000000", "price": "0.19398000", "time": "2025-07-15T16:09:35.044055Z", "fetched_at": "2025-07-15T16:10:49.593137+00:00", "symbol": "DOGE-USD"}, {"trade_id": 139140147, "side": "sell", "size": "1222.90000000", "price": "0.19396000", "time": "2025-07-15T16:09:35.044055Z", "fetched_at": "2025-07-15T16:10:49.593137+00:00", "symbol": "DOGE-USD"}, {"trade_id": 139140146, "side": "sell", "size": "536.20000000", "price": "0.19396000", "time": "2025-07-15T16:09:35.044055Z", "fetched_at": "2025-07-15T16:10:49.593137+00:00", "symbol": "DOGE-USD"}, {"trade_id": 139140145, "side": "sell", "size": "5.70000000", "price": "0.19396000", "time": "2025-07-15T16:09:35.044055Z", "fetched_at": "2025-07-15T16:10:49.593137+00:00", "symbol": "DOGE-USD"}, {"trade_id": 139140144, "side": "buy", "size": "54.80000000", "price": "0.19394000", "time": "2025-07-15T16:09:34.083024Z", "fetched_at": "2025-07-15T16:10:49.593137+00:00", "symbol": "DOGE-USD"}, {"trade_id": 139140143, "side": "buy", "size": "2062.20000000", "price": "0.19395000", "time": "2025-07-15T16:09:32.268895Z", "fetched_at": "2025-07-15T16:10:49.593137+00:00", "symbol": "DOGE-USD"}, {"trade_id": 139140142, "side": "buy", "size": "931.40000000", "price": "0.19395000", "time": "2025-07-15T16:09:32.268895Z", "fetched_at": "2025-07-15T16:10:49.593137+00:00", "symbol": "DOGE-USD"}, {"trade_id": 139140141, "side": "sell", "size": "5.70000000", "price": "0.19392000", "time": "2025-07-15T16:09:31.385425Z", "fetched_at": "2025-07-15T16:10:49.593137+00:00", "symbol": "DOGE-USD"}, {"trade_id": 139140140, "side": "sell", "size": "5.70000000", "price": "0.19388000", "time": "2025-07-15T16:09:31.320552Z", "fetched_at": "2025-07-15T16:10:49.593137+00:00", "symbol": "DOGE-USD"}, {"trade_id": 139140139, "side": "buy", "size": "19.60000000", "price": "0.19387000", "time": "2025-07-15T16:09:31.183928Z", "fetched_at": "2025-07-15T16:10:49.593137+00:00", "symbol": "DOGE-USD"}, {"trade_id": 139140138, "side": "buy", "size": "19465.50000000", "price": "0.19383000", "time": "2025-07-15T16:09:30.317501Z", "fetched_at": "2025-07-15T16:10:49.593137+00:00", "symbol": "DOGE-USD"}, {"trade_id": 139140137, "side": "buy", "size": "12626.20000000", "price": "0.19383000", "time": "2025-07-15T16:09:30.317501Z", "fetched_at": "2025-07-15T16:10:49.593137+00:00", "symbol": "DOGE-USD"}, {"trade_id": 139140136, "side": "buy", "size": "57.90000000", "price": "0.19384000", "time": "2025-07-15T16:09:30.317501Z", "fetched_at": "2025-07-15T16:10:49.593137+00:00", "symbol": "DOGE-USD"}, {"trade_id": 139140135, "side": "buy", "size": "19447.60000000", "price": "0.19384000", "time": "2025-07-15T16:09:29.829518Z", "fetched_at": "2025-07-15T16:10:49.593137+00:00", "symbol": "DOGE-USD"}, {"trade_id": 139140134, "side": "buy", "size": "13.20000000", "price": "0.19384000", "time": "2025-07-15T16:09:29.829518Z", "fetched_at": "2025-07-15T16:10:49.593137+00:00", "symbol": "DOGE-USD"}, {"trade_id": 139140133, "side": "buy", "size": "39.70000000", "price": "0.19384000", "time": "2025-07-15T16:09:29.829518Z", "fetched_at": "2025-07-15T16:10:49.593137+00:00", "symbol": "DOGE-USD"}, {"trade_id": 139140132, "side": "buy", "size": "49.90000000", "price": "0.19385000", "time": "2025-07-15T16:09:29.829518Z", "fetched_at": "2025-07-15T16:10:49.593137+00:00", "symbol": "DOGE-USD"}, {"trade_id": 139140131, "side": "sell", "size": "347.50000000", "price": "0.19385000", "time": "2025-07-15T16:09:29.539701Z", "fetched_at": "2025-07-15T16:10:49.593137+00:00", "symbol": "DOGE-USD"}, {"trade_id": 139140130, "side": "sell", "size": "302.50000000", "price": "0.19385000", "time": "2025-07-15T16:09:29.533396Z", "fetched_at": "2025-07-15T16:10:49.593137+00:00", "symbol": "DOGE-USD"}, {"trade_id": 139140129, "side": "sell", "size": "228.10000000", "price": "0.19385000", "time": "2025-07-15T16:09:29.519134Z", "fetched_at": "2025-07-15T16:10:49.593137+00:00", "symbol": "DOGE-USD"}, {"trade_id": 139140128, "side": "sell", "size": "202.60000000", "price": "0.19387000", "time": "2025-07-15T16:09:29.367978Z", "fetched_at": "2025-07-15T16:10:49.593137+00:00", "symbol": "DOGE-USD"}, {"trade_id": 139140127, "side": "sell", "size": "183.00000000", "price": "0.19387000", "time": "2025-07-15T16:09:29.343310Z", "fetched_at": "2025-07-15T16:10:49.593137+00:00", "symbol": "DOGE-USD"}, {"trade_id": 139140126, "side": "sell", "size": "57.90000000", "price": "0.19381000", "time": "2025-07-15T16:09:29.271710Z", "fetched_at": "2025-07-15T16:10:49.593137+00:00", "symbol": "DOGE-USD"}, {"trade_id": 139140125, "side": "sell", "size": "589.20000000", "price": "0.19385000", "time": "2025-07-15T16:09:29.233827Z", "fetched_at": "2025-07-15T16:10:49.593137+00:00", "symbol": "DOGE-USD"}, {"trade_id": 139140124, "side": "sell", "size": "1683.00000000", "price": "0.19385000", "time": "2025-07-15T16:09:29.233827Z", "fetched_at": "2025-07-15T16:10:49.593137+00:00", "symbol": "DOGE-USD"}, {"trade_id": 139140123, "side": "sell", "size": "734.60000000", "price": "0.19384000", "time": "2025-07-15T16:09:29.233827Z", "fetched_at": "2025-07-15T16:10:49.593137+00:00", "symbol": "DOGE-USD"}, {"trade_id": 139140122, "side": "sell", "size": "1955.50000000", "price": "0.19384000", "time": "2025-07-15T16:09:29.228206Z", "fetched_at": "2025-07-15T16:10:49.593137+00:00", "symbol": "DOGE-USD"}, {"trade_id": 139140121, "side": "sell", "size": "3227.80000000", "price": "0.19384000", "time": "2025-07-15T16:09:29.228206Z", "fetched_at": "2025-07-15T16:10:49.593137+00:00", "symbol": "DOGE-USD"}, {"trade_id": 139140120, "side": "sell", "size": "1683.00000000", "price": "0.19384000", "time": "2025-07-15T16:09:29.228206Z", "fetched_at": "2025-07-15T16:10:49.593137+00:00", "symbol": "DOGE-USD"}, {"trade_id": 139140119, "side": "sell", "size": "5.70000000", "price": "0.19384000", "time": "2025-07-15T16:09:29.228206Z", "fetched_at": "2025-07-15T16:10:49.593137+00:00", "symbol": "DOGE-USD"}, {"trade_id": 139140118, "side": "sell", "size": "3098.30000000", "price": "0.19383000", "time": "2025-07-15T16:09:29.228206Z", "fetched_at": "2025-07-15T16:10:49.593137+00:00", "symbol": "DOGE-USD"}, {"trade_id": 139140117, "side": "sell", "size": "7692.00000000", "price": "0.19383000", "time": "2025-07-15T16:09:29.228206Z", "fetched_at": "2025-07-15T16:10:49.593137+00:00", "symbol": "DOGE-USD"}, {"trade_id": 139140116, "side": "sell", "size": "2915.20000000", "price": "0.19383000", "time": "2025-07-15T16:09:29.226980Z", "fetched_at": "2025-07-15T16:10:49.593137+00:00", "symbol": "DOGE-USD"}, {"trade_id": 139140115, "side": "sell", "size": "3432.90000000", "price": "0.19383000", "time": "2025-07-15T16:09:29.226980Z", "fetched_at": "2025-07-15T16:10:49.593137+00:00", "symbol": "DOGE-USD"}, {"trade_id": 139140114, "side": "sell", "size": "758.90000000", "price": "0.19383000", "time": "2025-07-15T16:09:29.226980Z", "fetched_at": "2025-07-15T16:10:49.593137+00:00", "symbol": "DOGE-USD"}, {"trade_id": 139140113, "side": "sell", "size": "924.10000000", "price": "0.19383000", "time": "2025-07-15T16:09:29.220998Z", "fetched_at": "2025-07-15T16:10:49.593137+00:00", "symbol": "DOGE-USD"}, {"trade_id": 139140112, "side": "sell", "size": "5080.80000000", "price": "0.19382000", "time": "2025-07-15T16:09:29.220998Z", "fetched_at": "2025-07-15T16:10:49.593137+00:00", "symbol": "DOGE-USD"}, {"trade_id": 139140111, "side": "sell", "size": "901.20000000", "price": "0.19382000", "time": "2025-07-15T16:09:29.214905Z", "fetched_at": "2025-07-15T16:10:49.593137+00:00", "symbol": "DOGE-USD"}, {"trade_id": 139140110, "side": "sell", "size": "3014.10000000", "price": "0.19382000", "time": "2025-07-15T16:09:29.214905Z", "fetched_at": "2025-07-15T16:10:49.593137+00:00", "symbol": "DOGE-USD"}, {"trade_id": 139140109, "side": "sell", "size": "1683.00000000", "price": "0.19382000", "time": "2025-07-15T16:09:29.214905Z", "fetched_at": "2025-07-15T16:10:49.593137+00:00", "symbol": "DOGE-USD"}, {"trade_id": 139140108, "side": "sell", "size": "3675.00000000", "price": "0.19381000", "time": "2025-07-15T16:09:29.214905Z", "fetched_at": "2025-07-15T16:10:49.593137+00:00", "symbol": "DOGE-USD"}, {"trade_id": 139140107, "side": "sell", "size": "2079.50000000", "price": "0.19381000", "time": "2025-07-15T16:09:29.214905Z", "fetched_at": "2025-07-15T16:10:49.593137+00:00", "symbol": "DOGE-USD"}, {"trade_id": 139140106, "side": "sell", "size": "1683.00000000", "price": "0.19381000", "time": "2025-07-15T16:09:29.214905Z", "fetched_at": "2025-07-15T16:10:49.593137+00:00", "symbol": "DOGE-USD"}, {"trade_id": 139140105, "side": "sell", "size": "5.70000000", "price": "0.19380000", "time": "2025-07-15T16:09:29.214905Z", "fetched_at": "2025-07-15T16:10:49.593137+00:00", "symbol": "DOGE-USD"}, {"trade_id": 139140104, "side": "sell", "size": "2288.80000000", "price": "0.19380000", "time": "2025-07-15T16:09:29.214905Z", "fetched_at": "2025-07-15T16:10:49.593137+00:00", "symbol": "DOGE-USD"}, {"trade_id": 139140103, "side": "sell", "size": "1683.00000000", "price": "0.19380000", "time": "2025-07-15T16:09:29.214905Z", "fetched_at": "2025-07-15T16:10:49.593137+00:00", "symbol": "DOGE-USD"}, {"trade_id": 139140102, "side": "sell", "size": "3080.20000000", "price": "0.19379000", "time": "2025-07-15T16:09:29.214905Z", "fetched_at": "2025-07-15T16:10:49.593137+00:00", "symbol": "DOGE-USD"}, {"trade_id": 139140101, "side": "sell", "size": "1840.70000000", "price": "0.19379000", "time": "2025-07-15T16:09:29.214905Z", "fetched_at": "2025-07-15T16:10:49.593137+00:00", "symbol": "DOGE-USD"}, {"trade_id": 139140100, "side": "sell", "size": "409.30000000", "price": "0.19379000", "time": "2025-07-15T16:09:29.213389Z", "fetched_at": "2025-07-15T16:10:49.593137+00:00", "symbol": "DOGE-USD"}, {"trade_id": 139140099, "side": "sell", "size": "3018.00000000", "price": "0.19379000", "time": "2025-07-15T16:09:29.213389Z", "fetched_at": "2025-07-15T16:10:49.593137+00:00", "symbol": "DOGE-USD"}, {"trade_id": 139140098, "side": "sell", "size": "1683.00000000", "price": "0.19379000", "time": "2025-07-15T16:09:29.213389Z", "fetched_at": "2025-07-15T16:10:49.593137+00:00", "symbol": "DOGE-USD"}, {"trade_id": 139140097, "side": "sell", "size": "2509.10000000", "price": "0.19378000", "time": "2025-07-15T16:09:29.212697Z", "fetched_at": "2025-07-15T16:10:49.593137+00:00", "symbol": "DOGE-USD"}, {"trade_id": 139140096, "side": "sell", "size": "2365.20000000", "price": "0.19378000", "time": "2025-07-15T16:09:29.204220Z", "fetched_at": "2025-07-15T16:10:49.593137+00:00", "symbol": "DOGE-USD"}, {"trade_id": 139140095, "side": "sell", "size": "5.70000000", "price": "0.19378000", "time": "2025-07-15T16:09:29.204220Z", "fetched_at": "2025-07-15T16:10:49.593137+00:00", "symbol": "DOGE-USD"}, {"trade_id": 139140094, "side": "sell", "size": "2848.10000000", "price": "0.19378000", "time": "2025-07-15T16:09:29.204220Z", "fetched_at": "2025-07-15T16:10:49.593137+00:00", "symbol": "DOGE-USD"}, {"trade_id": 139140093, "side": "sell", "size": "1493.50000000", "price": "0.19378000", "time": "2025-07-15T16:09:29.204220Z", "fetched_at": "2025-07-15T16:10:49.593137+00:00", "symbol": "DOGE-USD"}, {"trade_id": 139140092, "side": "sell", "size": "189.50000000", "price": "0.19378000", "time": "2025-07-15T16:09:29.203478Z", "fetched_at": "2025-07-15T16:10:49.593137+00:00", "symbol": "DOGE-USD"}, {"trade_id": 139140091, "side": "sell", "size": "1394.10000000", "price": "0.19377000", "time": "2025-07-15T16:09:29.201149Z", "fetched_at": "2025-07-15T16:10:49.593137+00:00", "symbol": "DOGE-USD"}, {"trade_id": 139140090, "side": "sell", "size": "1623.90000000", "price": "0.19377000", "time": "2025-07-15T16:09:29.197378Z", "fetched_at": "2025-07-15T16:10:49.593137+00:00", "symbol": "DOGE-USD"}, {"trade_id": 139140089, "side": "sell", "size": "1683.00000000", "price": "0.19377000", "time": "2025-07-15T16:09:29.197378Z", "fetched_at": "2025-07-15T16:10:49.593137+00:00", "symbol": "DOGE-USD"}, {"trade_id": 139140088, "side": "sell", "size": "333.30000000", "price": "0.19376000", "time": "2025-07-15T16:09:29.189983Z", "fetched_at": "2025-07-15T16:10:49.593137+00:00", "symbol": "DOGE-USD"}, {"trade_id": 139140087, "side": "sell", "size": "5.70000000", "price": "0.19376000", "time": "2025-07-15T16:09:29.189983Z", "fetched_at": "2025-07-15T16:10:49.593137+00:00", "symbol": "DOGE-USD"}, {"trade_id": 139140086, "side": "sell", "size": "942.50000000", "price": "0.19376000", "time": "2025-07-15T16:09:29.189983Z", "fetched_at": "2025-07-15T16:10:49.593137+00:00", "symbol": "DOGE-USD"}, {"trade_id": 139140085, "side": "sell", "size": "1822.70000000", "price": "0.19376000", "time": "2025-07-15T16:09:29.187478Z", "fetched_at": "2025-07-15T16:10:49.593137+00:00", "symbol": "DOGE-USD"}, {"trade_id": 139140084, "side": "sell", "size": "10629.30000000", "price": "0.19376000", "time": "2025-07-15T16:09:29.185018Z", "fetched_at": "2025-07-15T16:10:49.593137+00:00", "symbol": "DOGE-USD"}, {"trade_id": 139140083, "side": "sell", "size": "3.50000000", "price": "0.19376000", "time": "2025-07-15T16:09:29.185018Z", "fetched_at": "2025-07-15T16:10:49.593137+00:00", "symbol": "DOGE-USD"}, {"trade_id": 139140082, "side": "sell", "size": "3123.90000000", "price": "0.19376000", "time": "2025-07-15T16:09:29.180860Z", "fetched_at": "2025-07-15T16:10:49.593137+00:00", "symbol": "DOGE-USD"}, {"trade_id": 139140081, "side": "sell", "size": "1683.00000000", "price": "0.19376000", "time": "2025-07-15T16:09:29.180860Z", "fetched_at": "2025-07-15T16:10:49.593137+00:00", "symbol": "DOGE-USD"}, {"trade_id": 139140080, "side": "sell", "size": "785.50000000", "price": "0.19375000", "time": "2025-07-15T16:09:29.180860Z", "fetched_at": "2025-07-15T16:10:49.593137+00:00", "symbol": "DOGE-USD"}, {"trade_id": 139140079, "side": "sell", "size": "4518.50000000", "price": "0.19375000", "time": "2025-07-15T16:09:29.180434Z", "fetched_at": "2025-07-15T16:10:49.593137+00:00", "symbol": "DOGE-USD"}, {"trade_id": 139140078, "side": "sell", "size": "5434.40000000", "price": "0.19375000", "time": "2025-07-15T16:09:29.180434Z", "fetched_at": "2025-07-15T16:10:49.593137+00:00", "symbol": "DOGE-USD"}, {"trade_id": 139140077, "side": "sell", "size": "1683.00000000", "price": "0.19375000", "time": "2025-07-15T16:09:29.180434Z", "fetched_at": "2025-07-15T16:10:49.593137+00:00", "symbol": "DOGE-USD"}, {"trade_id": 139140076, "side": "sell", "size": "2327.60000000", "price": "0.19374000", "time": "2025-07-15T16:09:29.180084Z", "fetched_at": "2025-07-15T16:10:49.593137+00:00", "symbol": "DOGE-USD"}, {"trade_id": 139140075, "side": "sell", "size": "5.70000000", "price": "0.19374000", "time": "2025-07-15T16:09:29.180084Z", "fetched_at": "2025-07-15T16:10:49.593137+00:00", "symbol": "DOGE-USD"}, {"trade_id": 139140074, "side": "sell", "size": "10324.30000000", "price": "0.19374000", "time": "2025-07-15T16:09:29.180084Z", "fetched_at": "2025-07-15T16:10:49.593137+00:00", "symbol": "DOGE-USD"}, {"trade_id": 139140073, "side": "sell", "size": "2806.30000000", "price": "0.19374000", "time": "2025-07-15T16:09:29.180084Z", "fetched_at": "2025-07-15T16:10:49.593137+00:00", "symbol": "DOGE-USD"}, {"trade_id": 139140072, "side": "sell", "size": "1683.00000000", "price": "0.19374000", "time": "2025-07-15T16:09:29.180084Z", "fetched_at": "2025-07-15T16:10:49.593137+00:00", "symbol": "DOGE-USD"}, {"trade_id": 139140071, "side": "sell", "size": "57.90000000", "price": "0.19373000", "time": "2025-07-15T16:09:29.179922Z", "fetched_at": "2025-07-15T16:10:49.593137+00:00", "symbol": "DOGE-USD"}, {"trade_id": 139140070, "side": "sell", "size": "874.30000000", "price": "0.19373000", "time": "2025-07-15T16:09:29.178709Z", "fetched_at": "2025-07-15T16:10:49.593137+00:00", "symbol": "DOGE-USD"}, {"trade_id": 139140069, "side": "sell", "size": "57.90000000", "price": "0.19371000", "time": "2025-07-15T16:09:29.178709Z", "fetched_at": "2025-07-15T16:10:49.593137+00:00", "symbol": "DOGE-USD"}, {"trade_id": 139140068, "side": "sell", "size": "1651.60000000", "price": "0.19372000", "time": "2025-07-15T16:09:29.171078Z", "fetched_at": "2025-07-15T16:10:49.593137+00:00", "symbol": "DOGE-USD"}, {"trade_id": 139140067, "side": "sell", "size": "932.20000000", "price": "0.19372000", "time": "2025-07-15T16:09:29.171078Z", "fetched_at": "2025-07-15T16:10:49.593137+00:00", "symbol": "DOGE-USD"}, {"trade_id": 139140066, "side": "sell", "size": "57.90000000", "price": "0.19371000", "time": "2025-07-15T16:09:29.171078Z", "fetched_at": "2025-07-15T16:10:49.593137+00:00", "symbol": "DOGE-USD"}, {"trade_id": 139140065, "side": "buy", "size": "24.60000000", "price": "0.19368000", "time": "2025-07-15T16:09:28.626931Z", "fetched_at": "2025-07-15T16:10:49.593137+00:00", "symbol": "DOGE-USD"}, {"trade_id": 139140064, "side": "sell", "size": "51.00000000", "price": "0.19367000", "time": "2025-07-15T16:09:26.756061Z", "fetched_at": "2025-07-15T16:10:49.593137+00:00", "symbol": "DOGE-USD"}, {"trade_id": 139140063, "side": "buy", "size": "35.70000000", "price": "0.19368000", "time": "2025-07-15T16:09:26.326105Z", "fetched_at": "2025-07-15T16:10:49.593137+00:00", "symbol": "DOGE-USD"}, {"trade_id": 139140062, "side": "buy", "size": "5.70000000", "price": "0.19368000", "time": "2025-07-15T16:09:26.326105Z", "fetched_at": "2025-07-15T16:10:49.593137+00:00", "symbol": "DOGE-USD"}, {"trade_id": 139140061, "side": "buy", "size": "5.70000000", "price": "0.19372000", "time": "2025-07-15T16:09:25.475564Z", "fetched_at": "2025-07-15T16:10:49.593137+00:00", "symbol": "DOGE-USD"}, {"trade_id": 139140060, "side": "buy", "size": "5.70000000", "price": "0.19374000", "time": "2025-07-15T16:09:23.937125Z", "fetched_at": "2025-07-15T16:10:49.593137+00:00", "symbol": "DOGE-USD"}, {"trade_id": 139140059, "side": "buy", "size": "30.10000000", "price": "0.19378000", "time": "2025-07-15T16:09:21.647193Z", "fetched_at": "2025-07-15T16:10:49.593137+00:00", "symbol": "DOGE-USD"}, {"trade_id": 139140058, "side": "buy", "size": "277.80000000", "price": "0.19377000", "time": "2025-07-15T16:09:21.545115Z", "fetched_at": "2025-07-15T16:10:49.593137+00:00", "symbol": "DOGE-USD"}, {"trade_id": 139140057, "side": "buy", "size": "32.00000000", "price": "0.19378000", "time": "2025-07-15T16:09:21.545115Z", "fetched_at": "2025-07-15T16:10:49.593137+00:00", "symbol": "DOGE-USD"}, {"trade_id": 139140056, "side": "sell", "size": "5.70000000", "price": "0.19376000", "time": "2025-07-15T16:09:21.403336Z", "fetched_at": "2025-07-15T16:10:49.593137+00:00", "symbol": "DOGE-USD"}, {"trade_id": 139140055, "side": "sell", "size": "819.80000000", "price": "0.19374000", "time": "2025-07-15T16:09:21.260111Z", "fetched_at": "2025-07-15T16:10:49.593137+00:00", "symbol": "DOGE-USD"}, {"trade_id": 139140054, "side": "sell", "size": "12.90000000", "price": "0.19375000", "time": "2025-07-15T16:09:20.133996Z", "fetched_at": "2025-07-15T16:10:49.593137+00:00", "symbol": "DOGE-USD"}, {"trade_id": 139140053, "side": "sell", "size": "5.70000000", "price": "0.19374000", "time": "2025-07-15T16:09:20.133996Z", "fetched_at": "2025-07-15T16:10:49.593137+00:00", "symbol": "DOGE-USD"}, {"trade_id": 139140052, "side": "sell", "size": "5.70000000", "price": "0.19372000", "time": "2025-07-15T16:09:20.133996Z", "fetched_at": "2025-07-15T16:10:49.593137+00:00", "symbol": "DOGE-USD"}, {"trade_id": 139140051, "side": "buy", "size": "25.60000000", "price": "0.19368000", "time": "2025-07-15T16:09:19.273605Z", "fetched_at": "2025-07-15T16:10:49.593137+00:00", "symbol": "DOGE-USD"}, {"trade_id": 139140050, "side": "buy", "size": "33.20000000", "price": "0.19368000", "time": "2025-07-15T16:09:19.273605Z", "fetched_at": "2025-07-15T16:10:49.593137+00:00", "symbol": "DOGE-USD"}, {"trade_id": 139140049, "side": "buy", "size": "31.10000000", "price": "0.19366000", "time": "2025-07-15T16:09:16.556283Z", "fetched_at": "2025-07-15T16:10:49.593137+00:00", "symbol": "DOGE-USD"}, {"trade_id": 139140048, "side": "buy", "size": "5.70000000", "price": "0.19366000", "time": "2025-07-15T16:09:16.556283Z", "fetched_at": "2025-07-15T16:10:49.593137+00:00", "symbol": "DOGE-USD"}, {"trade_id": 139140047, "side": "sell", "size": "75.30000000", "price": "0.19371000", "time": "2025-07-15T16:09:14.230972Z", "fetched_at": "2025-07-15T16:10:49.593137+00:00", "symbol": "DOGE-USD"}, {"trade_id": 139140046, "side": "buy", "size": "35.40000000", "price": "0.19370000", "time": "2025-07-15T16:09:14.127119Z", "fetched_at": "2025-07-15T16:10:49.593137+00:00", "symbol": "DOGE-USD"}, {"trade_id": 139140045, "side": "sell", "size": "5.70000000", "price": "0.19368000", "time": "2025-07-15T16:09:13.612500Z", "fetched_at": "2025-07-15T16:10:49.593137+00:00", "symbol": "DOGE-USD"}, {"trade_id": 139140044, "side": "sell", "size": "718.40000000", "price": "0.19366000", "time": "2025-07-15T16:09:13.552258Z", "fetched_at": "2025-07-15T16:10:49.593137+00:00", "symbol": "DOGE-USD"}, {"trade_id": 139140043, "side": "sell", "size": "5.70000000", "price": "0.19366000", "time": "2025-07-15T16:09:13.552258Z", "fetched_at": "2025-07-15T16:10:49.593137+00:00", "symbol": "DOGE-USD"}, {"trade_id": 139140042, "side": "sell", "size": "781.60000000", "price": "0.19364000", "time": "2025-07-15T16:09:12.157002Z", "fetched_at": "2025-07-15T16:10:49.593137+00:00", "symbol": "DOGE-USD"}, {"trade_id": 139140041, "side": "sell", "size": "1.90000000", "price": "0.19364000", "time": "2025-07-15T16:09:12.157002Z", "fetched_at": "2025-07-15T16:10:49.593137+00:00", "symbol": "DOGE-USD"}, {"trade_id": 139140040, "side": "buy", "size": "26.50000000", "price": "0.19363000", "time": "2025-07-15T16:09:11.980288Z", "fetched_at": "2025-07-15T16:10:49.593137+00:00", "symbol": "DOGE-USD"}, {"trade_id": 139140039, "side": "sell", "size": "3.80000000", "price": "0.19364000", "time": "2025-07-15T16:09:10.628061Z", "fetched_at": "2025-07-15T16:10:49.593137+00:00", "symbol": "DOGE-USD"}, {"trade_id": 139140038, "side": "buy", "size": "54.90000000", "price": "0.19363000", "time": "2025-07-15T16:09:09.294016Z", "fetched_at": "2025-07-15T16:10:49.593137+00:00", "symbol": "DOGE-USD"}, {"trade_id": 139140037, "side": "sell", "size": "866.30000000", "price": "0.19362000", "time": "2025-07-15T16:09:08.948857Z", "fetched_at": "2025-07-15T16:10:49.593137+00:00", "symbol": "DOGE-USD"}, {"trade_id": 139140036, "side": "sell", "size": "1033.10000000", "price": "0.19360000", "time": "2025-07-15T16:09:07.355303Z", "fetched_at": "2025-07-15T16:10:49.593137+00:00", "symbol": "DOGE-USD"}, {"trade_id": 139140035, "side": "buy", "size": "40.80000000", "price": "0.19359000", "time": "2025-07-15T16:09:06.377725Z", "fetched_at": "2025-07-15T16:10:49.593137+00:00", "symbol": "DOGE-USD"}, {"trade_id": 139140034, "side": "sell", "size": "74.10000000", "price": "0.19361000", "time": "2025-07-15T16:09:06.143097Z", "fetched_at": "2025-07-15T16:10:49.593137+00:00", "symbol": "DOGE-USD"}, {"trade_id": 139140033, "side": "sell", "size": "45.70000000", "price": "0.19360000", "time": "2025-07-15T16:09:06.143097Z", "fetched_at": "2025-07-15T16:10:49.593137+00:00", "symbol": "DOGE-USD"}, {"trade_id": 139140032, "side": "sell", "size": "5.70000000", "price": "0.19360000", "time": "2025-07-15T16:09:06.143097Z", "fetched_at": "2025-07-15T16:10:49.593137+00:00", "symbol": "DOGE-USD"}, {"trade_id": 139140031, "side": "sell", "size": "995.90000000", "price": "0.19357000", "time": "2025-07-15T16:09:05.949015Z", "fetched_at": "2025-07-15T16:10:49.593137+00:00", "symbol": "DOGE-USD"}, {"trade_id": 139140030, "side": "buy", "size": "183.00000000", "price": "0.19357000", "time": "2025-07-15T16:09:05.919482Z", "fetched_at": "2025-07-15T16:10:49.593137+00:00", "symbol": "DOGE-USD"}, {"trade_id": 139140029, "side": "sell", "size": "5.70000000", "price": "0.19358000", "time": "2025-07-15T16:09:05.916731Z", "fetched_at": "2025-07-15T16:10:49.593137+00:00", "symbol": "DOGE-USD"}, {"trade_id": 139140028, "side": "sell", "size": "5.70000000", "price": "0.19354000", "time": "2025-07-15T16:09:05.757826Z", "fetched_at": "2025-07-15T16:10:49.593137+00:00", "symbol": "DOGE-USD"}, {"trade_id": 139140027, "side": "sell", "size": "1305.40000000", "price": "0.19353000", "time": "2025-07-15T16:09:05.675464Z", "fetched_at": "2025-07-15T16:10:49.593137+00:00", "symbol": "DOGE-USD"}, {"trade_id": 139140026, "side": "buy", "size": "6.20000000", "price": "0.19348000", "time": "2025-07-15T16:09:04.051328Z", "fetched_at": "2025-07-15T16:10:49.593137+00:00", "symbol": "DOGE-USD"}, {"trade_id": 139140025, "side": "buy", "size": "5.70000000", "price": "0.19348000", "time": "2025-07-15T16:09:04.051328Z", "fetched_at": "2025-07-15T16:10:49.593137+00:00", "symbol": "DOGE-USD"}, {"trade_id": 139140024, "side": "sell", "size": "3.70000000", "price": "0.19349000", "time": "2025-07-15T16:09:03.469675Z", "fetched_at": "2025-07-15T16:10:49.593137+00:00", "symbol": "DOGE-USD"}, {"trade_id": 139140023, "side": "buy", "size": "789.70000000", "price": "0.19352000", "time": "2025-07-15T16:09:02.404153Z", "fetched_at": "2025-07-15T16:10:49.593137+00:00", "symbol": "DOGE-USD"}, {"trade_id": 139140022, "side": "sell", "size": "2000.00000000", "price": "0.19354000", "time": "2025-07-15T16:09:01.910572Z", "fetched_at": "2025-07-15T16:10:49.593137+00:00", "symbol": "DOGE-USD"}, {"trade_id": 139140021, "side": "buy", "size": "34.20000000", "price": "0.19353000", "time": "2025-07-15T16:09:01.800978Z", "fetched_at": "2025-07-15T16:10:49.593137+00:00", "symbol": "DOGE-USD"}, {"trade_id": 139140020, "side": "sell", "size": "1340.10000000", "price": "0.19353000", "time": "2025-07-15T16:09:01.654641Z", "fetched_at": "2025-07-15T16:10:49.593137+00:00", "symbol": "DOGE-USD"}, {"trade_id": 139140019, "side": "sell", "size": "1958.20000000", "price": "0.19353000", "time": "2025-07-15T16:09:01.654641Z", "fetched_at": "2025-07-15T16:10:49.593137+00:00", "symbol": "DOGE-USD"}, {"trade_id": 139140018, "side": "sell", "size": "49.10000000", "price": "0.19352000", "time": "2025-07-15T16:09:01.654641Z", "fetched_at": "2025-07-15T16:10:49.593137+00:00", "symbol": "DOGE-USD"}, {"trade_id": 139140017, "side": "sell", "size": "1460.70000000", "price": "0.19350000", "time": "2025-07-15T16:09:01.611977Z", "fetched_at": "2025-07-15T16:10:49.593137+00:00", "symbol": "DOGE-USD"}, {"trade_id": 139140016, "side": "buy", "size": "4099.40000000", "price": "0.19349000", "time": "2025-07-15T16:09:01.090086Z", "fetched_at": "2025-07-15T16:10:49.593137+00:00", "symbol": "DOGE-USD"}, {"trade_id": 139140015, "side": "buy", "size": "23.60000000", "price": "0.19349000", "time": "2025-07-15T16:09:01.090086Z", "fetched_at": "2025-07-15T16:10:49.593137+00:00", "symbol": "DOGE-USD"}, {"trade_id": 139140014, "side": "buy", "size": "1500.00000000", "price": "0.19350000", "time": "2025-07-15T16:09:01.023789Z", "fetched_at": "2025-07-15T16:10:49.593137+00:00", "symbol": "DOGE-USD"}, {"trade_id": 139140013, "side": "buy", "size": "5.70000000", "price": "0.19350000", "time": "2025-07-15T16:09:01.023789Z", "fetched_at": "2025-07-15T16:10:49.593137+00:00", "symbol": "DOGE-USD"}, {"trade_id": 139140012, "side": "buy", "size": "23.60000000", "price": "0.19351000", "time": "2025-07-15T16:09:01.023789Z", "fetched_at": "2025-07-15T16:10:49.593137+00:00", "symbol": "DOGE-USD"}, {"trade_id": 139140011, "side": "buy", "size": "2476.50000000", "price": "0.19351000", "time": "2025-07-15T16:09:00.924346Z", "fetched_at": "2025-07-15T16:10:49.593137+00:00", "symbol": "DOGE-USD"}, {"trade_id": 139140010, "side": "buy", "size": "23.50000000", "price": "0.19352000", "time": "2025-07-15T16:09:00.924346Z", "fetched_at": "2025-07-15T16:10:49.593137+00:00", "symbol": "DOGE-USD"}, {"trade_id": 139140009, "side": "buy", "size": "932.20000000", "price": "0.19354000", "time": "2025-07-15T16:09:00.915695Z", "fetched_at": "2025-07-15T16:10:49.593137+00:00", "symbol": "DOGE-USD"}, {"trade_id": 139140008, "side": "buy", "size": "5.70000000", "price": "0.19352000", "time": "2025-07-15T16:09:00.909246Z", "fetched_at": "2025-07-15T16:10:49.593137+00:00", "symbol": "DOGE-USD"}, {"trade_id": 139140007, "side": "buy", "size": "1500.00000000", "price": "0.19353000", "time": "2025-07-15T16:09:00.906899Z", "fetched_at": "2025-07-15T16:10:49.593137+00:00", "symbol": "DOGE-USD"}, {"trade_id": 139140006, "side": "buy", "size": "932.20000000", "price": "0.19354000", "time": "2025-07-15T16:09:00.904056Z", "fetched_at": "2025-07-15T16:10:49.593137+00:00", "symbol": "DOGE-USD"}, {"trade_id": 139140005, "side": "buy", "size": "5.70000000", "price": "0.19354000", "time": "2025-07-15T16:09:00.904056Z", "fetched_at": "2025-07-15T16:10:49.593137+00:00", "symbol": "DOGE-USD"}, {"trade_id": 139140004, "side": "buy", "size": "2066.60000000", "price": "0.19355000", "time": "2025-07-15T16:09:00.902520Z", "fetched_at": "2025-07-15T16:10:49.593137+00:00", "symbol": "DOGE-USD"}, {"trade_id": 139140003, "side": "buy", "size": "23.50000000", "price": "0.19356000", "time": "2025-07-15T16:09:00.902520Z", "fetched_at": "2025-07-15T16:10:49.593137+00:00", "symbol": "DOGE-USD"}, {"trade_id": 139140002, "side": "buy", "size": "5.70000000", "price": "0.19356000", "time": "2025-07-15T16:09:00.902520Z", "fetched_at": "2025-07-15T16:10:49.593137+00:00", "symbol": "DOGE-USD"}, {"trade_id": 139140001, "side": "buy", "size": "5.70000000", "price": "0.19358000", "time": "2025-07-15T16:09:00.617393Z", "fetched_at": "2025-07-15T16:10:49.593137+00:00", "symbol": "DOGE-USD"}, {"trade_id": 139140000, "side": "buy", "size": "28.70000000", "price": "0.19360000", "time": "2025-07-15T16:08:59.163897Z", "fetched_at": "2025-07-15T16:10:49.593137+00:00", "symbol": "DOGE-USD"}, {"trade_id": 139139999, "side": "buy", "size": "19460.50000000", "price": "0.19360000", "time": "2025-07-15T16:08:56.960231Z", "fetched_at": "2025-07-15T16:10:49.593137+00:00", "symbol": "DOGE-USD"}, {"trade_id": 139139998, "side": "buy", "size": "5.70000000", "price": "0.19360000", "time": "2025-07-15T16:08:56.960231Z", "fetched_at": "2025-07-15T16:10:49.593137+00:00", "symbol": "DOGE-USD"}, {"trade_id": 139139997, "side": "buy", "size": "36.10000000", "price": "0.19361000", "time": "2025-07-15T16:08:56.952115Z", "fetched_at": "2025-07-15T16:10:49.593137+00:00", "symbol": "DOGE-USD"}, {"trade_id": 139139996, "side": "buy", "size": "1617.40000000", "price": "0.19363000", "time": "2025-07-15T16:08:56.947189Z", "fetched_at": "2025-07-15T16:10:49.593137+00:00", "symbol": "DOGE-USD"}, {"trade_id": 139139995, "side": "buy", "size": "45.70000000", "price": "0.19363000", "time": "2025-07-15T16:08:56.746867Z", "fetched_at": "2025-07-15T16:10:49.593137+00:00", "symbol": "DOGE-USD"}, {"trade_id": 139139994, "side": "buy", "size": "39.40000000", "price": "0.19363000", "time": "2025-07-15T16:08:53.980909Z", "fetched_at": "2025-07-15T16:10:49.593137+00:00", "symbol": "DOGE-USD"}, {"trade_id": 139139993, "side": "buy", "size": "6.70000000", "price": "0.19364000", "time": "2025-07-15T16:08:51.363548Z", "fetched_at": "2025-07-15T16:10:49.593137+00:00", "symbol": "DOGE-USD"}, {"trade_id": 139139992, "side": "buy", "size": "5.70000000", "price": "0.19364000", "time": "2025-07-15T16:08:51.363548Z", "fetched_at": "2025-07-15T16:10:49.593137+00:00", "symbol": "DOGE-USD"}, {"trade_id": 139139991, "side": "buy", "size": "19461.40000000", "price": "0.19366000", "time": "2025-07-15T16:08:49.942496Z", "fetched_at": "2025-07-15T16:10:49.593137+00:00", "symbol": "DOGE-USD"}, {"trade_id": 139139990, "side": "buy", "size": "31.50000000", "price": "0.19368000", "time": "2025-07-15T16:08:49.153679Z", "fetched_at": "2025-07-15T16:10:49.593137+00:00", "symbol": "DOGE-USD"}, {"trade_id": 139139989, "side": "buy", "size": "35.50000000", "price": "0.19368000", "time": "2025-07-15T16:08:46.601786Z", "fetched_at": "2025-07-15T16:10:49.593137+00:00", "symbol": "DOGE-USD"}, {"trade_id": 139139988, "side": "sell", "size": "1179.10000000", "price": "0.19370000", "time": "2025-07-15T16:08:44.740540Z", "fetched_at": "2025-07-15T16:10:49.593137+00:00", "symbol": "DOGE-USD"}, {"trade_id": 139139987, "side": "sell", "size": "121.90000000", "price": "0.19370000", "time": "2025-07-15T16:08:44.740540Z", "fetched_at": "2025-07-15T16:10:49.593137+00:00", "symbol": "DOGE-USD"}, {"trade_id": 139139986, "side": "buy", "size": "766.80000000", "price": "0.19369000", "time": "2025-07-15T16:08:44.011265Z", "fetched_at": "2025-07-15T16:10:49.593137+00:00", "symbol": "DOGE-USD"}, {"trade_id": 139139985, "side": "sell", "size": "1325.10000000", "price": "0.19369000", "time": "2025-07-15T16:08:43.886350Z", "fetched_at": "2025-07-15T16:10:49.593137+00:00", "symbol": "DOGE-USD"}, {"trade_id": 139139984, "side": "buy", "size": "12626.20000000", "price": "0.19365000", "time": "2025-07-15T16:08:42.007515Z", "fetched_at": "2025-07-15T16:10:49.593137+00:00", "symbol": "DOGE-USD"}, {"trade_id": 139139983, "side": "buy", "size": "26.30000000", "price": "0.19365000", "time": "2025-07-15T16:08:42.007515Z", "fetched_at": "2025-07-15T16:10:49.593137+00:00", "symbol": "DOGE-USD"}, {"trade_id": 139139982, "side": "buy", "size": "40.20000000", "price": "0.19366000", "time": "2025-07-15T16:08:42.007515Z", "fetched_at": "2025-07-15T16:10:49.593137+00:00", "symbol": "DOGE-USD"}, {"trade_id": 139139981, "side": "sell", "size": "51.00000000", "price": "0.19369000", "time": "2025-07-15T16:08:41.131469Z", "fetched_at": "2025-07-15T16:10:49.593137+00:00", "symbol": "DOGE-USD"}, {"trade_id": 139139980, "side": "sell", "size": "212.00000000", "price": "0.19370000", "time": "2025-07-15T16:08:40.654607Z", "fetched_at": "2025-07-15T16:10:49.593137+00:00", "symbol": "DOGE-USD"}, {"trade_id": 139139979, "side": "sell", "size": "57.90000000", "price": "0.19367000", "time": "2025-07-15T16:08:40.560287Z", "fetched_at": "2025-07-15T16:10:49.593137+00:00", "symbol": "DOGE-USD"}, {"trade_id": 139139978, "side": "sell", "size": "1360.30000000", "price": "0.19368000", "time": "2025-07-15T16:08:40.546083Z", "fetched_at": "2025-07-15T16:10:49.593137+00:00", "symbol": "DOGE-USD"}, {"trade_id": 139139977, "side": "sell", "size": "4635.80000000", "price": "0.19368000", "time": "2025-07-15T16:08:40.545785Z", "fetched_at": "2025-07-15T16:10:49.593137+00:00", "symbol": "DOGE-USD"}, {"trade_id": 139139976, "side": "sell", "size": "10711.50000000", "price": "0.19368000", "time": "2025-07-15T16:08:40.541484Z", "fetched_at": "2025-07-15T16:10:49.593137+00:00", "symbol": "DOGE-USD"}, {"trade_id": 139139975, "side": "sell", "size": "2754.00000000", "price": "0.19368000", "time": "2025-07-15T16:08:40.539599Z", "fetched_at": "2025-07-15T16:10:49.593137+00:00", "symbol": "DOGE-USD"}, {"trade_id": 139139974, "side": "sell", "size": "932.20000000", "price": "0.19364000", "time": "2025-07-15T16:08:40.539599Z", "fetched_at": "2025-07-15T16:10:49.593137+00:00", "symbol": "DOGE-USD"}, {"trade_id": 139139973, "side": "sell", "size": "57.90000000", "price": "0.19364000", "time": "2025-07-15T16:08:40.535792Z", "fetched_at": "2025-07-15T16:10:49.593137+00:00", "symbol": "DOGE-USD"}, {"trade_id": 139139972, "side": "sell", "size": "3791.20000000", "price": "0.19366000", "time": "2025-07-15T16:08:40.530801Z", "fetched_at": "2025-07-15T16:10:49.593137+00:00", "symbol": "DOGE-USD"}, {"trade_id": 139139971, "side": "sell", "size": "863.90000000", "price": "0.19366000", "time": "2025-07-15T16:08:40.529151Z", "fetched_at": "2025-07-15T16:10:49.593137+00:00", "symbol": "DOGE-USD"}, {"trade_id": 139139970, "side": "sell", "size": "6624.80000000", "price": "0.19366000", "time": "2025-07-15T16:08:40.529151Z", "fetched_at": "2025-07-15T16:10:49.593137+00:00", "symbol": "DOGE-USD"}, {"trade_id": 139139969, "side": "sell", "size": "6624.80000000", "price": "0.19365000", "time": "2025-07-15T16:08:40.528368Z", "fetched_at": "2025-07-15T16:10:49.593137+00:00", "symbol": "DOGE-USD"}, {"trade_id": 139139968, "side": "sell", "size": "57.90000000", "price": "0.19364000", "time": "2025-07-15T16:08:40.527503Z", "fetched_at": "2025-07-15T16:10:49.593137+00:00", "symbol": "DOGE-USD"}, {"trade_id": 139139967, "side": "sell", "size": "932.20000000", "price": "0.19364000", "time": "2025-07-15T16:08:40.527503Z", "fetched_at": "2025-07-15T16:10:49.593137+00:00", "symbol": "DOGE-USD"}, {"trade_id": 139139966, "side": "sell", "size": "1458.30000000", "price": "0.19363000", "time": "2025-07-15T16:08:40.527503Z", "fetched_at": "2025-07-15T16:10:49.593137+00:00", "symbol": "DOGE-USD"}, {"trade_id": 139139965, "side": "buy", "size": "5.70000000", "price": "0.19362000", "time": "2025-07-15T16:08:39.423035Z", "fetched_at": "2025-07-15T16:10:49.593137+00:00", "symbol": "DOGE-USD"}, {"trade_id": 139139964, "side": "buy", "size": "165.40000000", "price": "0.19364000", "time": "2025-07-15T16:08:37.516226Z", "fetched_at": "2025-07-15T16:10:49.593137+00:00", "symbol": "DOGE-USD"}, {"trade_id": 139139963, "side": "buy", "size": "30.10000000", "price": "0.19364000", "time": "2025-07-15T16:08:37.516226Z", "fetched_at": "2025-07-15T16:10:49.593137+00:00", "symbol": "DOGE-USD"}, {"trade_id": 139139962, "side": "sell", "size": "595.30000000", "price": "0.19367000", "time": "2025-07-15T16:08:36.279774Z", "fetched_at": "2025-07-15T16:10:49.593137+00:00", "symbol": "DOGE-USD"}, {"trade_id": 139139961, "side": "sell", "size": "41.30000000", "price": "0.19367000", "time": "2025-07-15T16:08:36.279774Z", "fetched_at": "2025-07-15T16:10:49.593137+00:00", "symbol": "DOGE-USD"}, {"trade_id": 139139960, "side": "sell", "size": "1497.10000000", "price": "0.19365000", "time": "2025-07-15T16:08:35.440482Z", "fetched_at": "2025-07-15T16:10:49.593137+00:00", "symbol": "DOGE-USD"}, {"trade_id": 139139959, "side": "sell", "size": "125.40000000", "price": "0.19365000", "time": "2025-07-15T16:08:34.986994Z", "fetched_at": "2025-07-15T16:10:49.593137+00:00", "symbol": "DOGE-USD"}, {"trade_id": 139139958, "side": "buy", "size": "14.70000000", "price": "0.19364000", "time": "2025-07-15T16:08:32.807772Z", "fetched_at": "2025-07-15T16:10:49.593137+00:00", "symbol": "DOGE-USD"}, {"trade_id": 139139957, "side": "buy", "size": "5.70000000", "price": "0.19364000", "time": "2025-07-15T16:08:32.807772Z", "fetched_at": "2025-07-15T16:10:49.593137+00:00", "symbol": "DOGE-USD"}, {"trade_id": 139139956, "side": "sell", "size": "82.30000000", "price": "0.19365000", "time": "2025-07-15T16:08:32.241575Z", "fetched_at": "2025-07-15T16:10:49.593137+00:00", "symbol": "DOGE-USD"}, {"trade_id": 139139955, "side": "sell", "size": "57.90000000", "price": "0.19367000", "time": "2025-07-15T16:08:31.665139Z", "fetched_at": "2025-07-15T16:10:49.593137+00:00", "symbol": "DOGE-USD"}, {"trade_id": 139139954, "side": "sell", "size": "57.90000000", "price": "0.19367000", "time": "2025-07-15T16:08:31.659502Z", "fetched_at": "2025-07-15T16:10:49.593137+00:00", "symbol": "DOGE-USD"}, {"trade_id": 139139953, "side": "sell", "size": "10328.00000000", "price": "0.19366000", "time": "2025-07-15T16:08:31.550617Z", "fetched_at": "2025-07-15T16:10:49.593137+00:00", "symbol": "DOGE-USD"}, {"trade_id": 139139952, "side": "sell", "size": "1765.80000000", "price": "0.19365000", "time": "2025-07-15T16:08:31.550617Z", "fetched_at": "2025-07-15T16:10:49.593137+00:00", "symbol": "DOGE-USD"}, {"trade_id": 139139951, "side": "sell", "size": "57.90000000", "price": "0.19365000", "time": "2025-07-15T16:08:31.550617Z", "fetched_at": "2025-07-15T16:10:49.593137+00:00", "symbol": "DOGE-USD"}, {"trade_id": 139139950, "side": "buy", "size": "14.70000000", "price": "0.19367000", "time": "2025-07-15T16:08:29.938846Z", "fetched_at": "2025-07-15T16:10:49.593137+00:00", "symbol": "DOGE-USD"}, {"trade_id": 139139949, "side": "buy", "size": "127.30000000", "price": "0.19366000", "time": "2025-07-15T16:08:29.756948Z", "fetched_at": "2025-07-15T16:10:49.593137+00:00", "symbol": "DOGE-USD"}, {"trade_id": 139139948, "side": "buy", "size": "29.10000000", "price": "0.19367000", "time": "2025-07-15T16:08:29.756948Z", "fetched_at": "2025-07-15T16:10:49.593137+00:00", "symbol": "DOGE-USD"}, {"trade_id": 139139947, "side": "buy", "size": "165.20000000", "price": "0.19366000", "time": "2025-07-15T16:08:29.315557Z", "fetched_at": "2025-07-15T16:10:49.593137+00:00", "symbol": "DOGE-USD"}, {"trade_id": 139139946, "side": "buy", "size": "5.70000000", "price": "0.19366000", "time": "2025-07-15T16:08:29.315557Z", "fetched_at": "2025-07-15T16:10:49.593137+00:00", "symbol": "DOGE-USD"}, {"trade_id": 139139945, "side": "buy", "size": "30.80000000", "price": "0.19367000", "time": "2025-07-15T16:08:29.315557Z", "fetched_at": "2025-07-15T16:10:49.593137+00:00", "symbol": "DOGE-USD"}, {"trade_id": 139139944, "side": "buy", "size": "5.70000000", "price": "0.19368000", "time": "2025-07-15T16:08:29.315557Z", "fetched_at": "2025-07-15T16:10:49.593137+00:00", "symbol": "DOGE-USD"}, {"trade_id": 139139943, "side": "buy", "size": "6.70000000", "price": "0.19370000", "time": "2025-07-15T16:08:27.619499Z", "fetched_at": "2025-07-15T16:10:49.593137+00:00", "symbol": "DOGE-USD"}, {"trade_id": 139139942, "side": "sell", "size": "130.90000000", "price": "0.19371000", "time": "2025-07-15T16:08:25.676926Z", "fetched_at": "2025-07-15T16:10:49.593137+00:00", "symbol": "DOGE-USD"}, {"trade_id": 139139941, "side": "sell", "size": "1374.90000000", "price": "0.19371000", "time": "2025-07-15T16:08:25.676926Z", "fetched_at": "2025-07-15T16:10:49.593137+00:00", "symbol": "DOGE-USD"}, {"trade_id": 139139940, "side": "buy", "size": "320.60000000", "price": "0.19373000", "time": "2025-07-15T16:08:23.638068Z", "fetched_at": "2025-07-15T16:10:49.593137+00:00", "symbol": "DOGE-USD"}, {"trade_id": 139139939, "side": "buy", "size": "183.00000000", "price": "0.19373000", "time": "2025-07-15T16:08:23.638068Z", "fetched_at": "2025-07-15T16:10:49.593137+00:00", "symbol": "DOGE-USD"}, {"trade_id": 139139938, "side": "buy", "size": "932.20000000", "price": "0.19373000", "time": "2025-07-15T16:08:23.638068Z", "fetched_at": "2025-07-15T16:10:49.593137+00:00", "symbol": "DOGE-USD"}, {"trade_id": 139139937, "side": "sell", "size": "501.40000000", "price": "0.19369000", "time": "2025-07-15T16:08:20.776234Z", "fetched_at": "2025-07-15T16:10:49.593137+00:00", "symbol": "DOGE-USD"}, {"trade_id": 139139936, "side": "buy", "size": "24.90000000", "price": "0.19369000", "time": "2025-07-15T16:08:19.242616Z", "fetched_at": "2025-07-15T16:10:49.593137+00:00", "symbol": "DOGE-USD"}, {"trade_id": 139139935, "side": "sell", "size": "19604.40000000", "price": "0.19369000", "time": "2025-07-15T16:08:16.756507Z", "fetched_at": "2025-07-15T16:10:49.593137+00:00", "symbol": "DOGE-USD"}, {"trade_id": 139139934, "side": "sell", "size": "24.50000000", "price": "0.19368000", "time": "2025-07-15T16:08:15.907090Z", "fetched_at": "2025-07-15T16:10:49.593137+00:00", "symbol": "DOGE-USD"}, {"trade_id": 139139933, "side": "buy", "size": "3725.50000000", "price": "0.19366000", "time": "2025-07-15T16:08:14.595957Z", "fetched_at": "2025-07-15T16:10:49.593137+00:00", "symbol": "DOGE-USD"}, {"trade_id": 139139932, "side": "buy", "size": "4559.90000000", "price": "0.19366000", "time": "2025-07-15T16:08:14.595957Z", "fetched_at": "2025-07-15T16:10:49.593137+00:00", "symbol": "DOGE-USD"}, {"trade_id": 139139931, "side": "buy", "size": "2081.60000000", "price": "0.19366000", "time": "2025-07-15T16:08:14.595957Z", "fetched_at": "2025-07-15T16:10:49.593137+00:00", "symbol": "DOGE-USD"}, {"trade_id": 139139930, "side": "buy", "size": "1682.00000000", "price": "0.19366000", "time": "2025-07-15T16:08:14.595957Z", "fetched_at": "2025-07-15T16:10:49.593137+00:00", "symbol": "DOGE-USD"}, {"trade_id": 139139929, "side": "buy", "size": "5.70000000", "price": "0.19366000", "time": "2025-07-15T16:08:14.595957Z", "fetched_at": "2025-07-15T16:10:49.593137+00:00", "symbol": "DOGE-USD"}, {"trade_id": 139139928, "side": "buy", "size": "3234.30000000", "price": "0.19367000", "time": "2025-07-15T16:08:14.595957Z", "fetched_at": "2025-07-15T16:10:49.593137+00:00", "symbol": "DOGE-USD"}, {"trade_id": 139139927, "side": "buy", "size": "1682.00000000", "price": "0.19367000", "time": "2025-07-15T16:08:14.595957Z", "fetched_at": "2025-07-15T16:10:49.593137+00:00", "symbol": "DOGE-USD"}, {"trade_id": 139139926, "side": "buy", "size": "1500.00000000", "price": "0.19367000", "time": "2025-07-15T16:08:14.595957Z", "fetched_at": "2025-07-15T16:10:49.593137+00:00", "symbol": "DOGE-USD"}, {"trade_id": 139139925, "side": "buy", "size": "932.20000000", "price": "0.19370000", "time": "2025-07-15T16:08:14.595957Z", "fetched_at": "2025-07-15T16:10:49.593137+00:00", "symbol": "DOGE-USD"}, {"trade_id": 139139924, "side": "buy", "size": "2500.00000000", "price": "0.19368000", "time": "2025-07-15T16:08:14.588950Z", "fetched_at": "2025-07-15T16:10:49.593137+00:00", "symbol": "DOGE-USD"}, {"trade_id": 139139923, "side": "buy", "size": "19588.40000000", "price": "0.19368000", "time": "2025-07-15T16:08:14.588950Z", "fetched_at": "2025-07-15T16:10:49.593137+00:00", "symbol": "DOGE-USD"}, {"trade_id": 139139922, "side": "buy", "size": "2290.20000000", "price": "0.19368000", "time": "2025-07-15T16:08:14.588950Z", "fetched_at": "2025-07-15T16:10:49.593137+00:00", "symbol": "DOGE-USD"}, {"trade_id": 139139921, "side": "buy", "size": "1682.00000000", "price": "0.19368000", "time": "2025-07-15T16:08:14.588950Z", "fetched_at": "2025-07-15T16:10:49.593137+00:00", "symbol": "DOGE-USD"}, {"trade_id": 139139920, "side": "buy", "size": "5.70000000", "price": "0.19368000", "time": "2025-07-15T16:08:14.588950Z", "fetched_at": "2025-07-15T16:10:49.593137+00:00", "symbol": "DOGE-USD"}, {"trade_id": 139139919, "side": "buy", "size": "932.20000000", "price": "0.19370000", "time": "2025-07-15T16:08:14.586155Z", "fetched_at": "2025-07-15T16:10:49.593137+00:00", "symbol": "DOGE-USD"}, {"trade_id": 139139918, "side": "buy", "size": "5.70000000", "price": "0.19370000", "time": "2025-07-15T16:08:14.586155Z", "fetched_at": "2025-07-15T16:10:49.593137+00:00", "symbol": "DOGE-USD"}, {"trade_id": 139139917, "side": "buy", "size": "28.60000000", "price": "0.19371000", "time": "2025-07-15T16:08:14.586155Z", "fetched_at": "2025-07-15T16:10:49.593137+00:00", "symbol": "DOGE-USD"}, {"trade_id": 139139916, "side": "buy", "size": "5.70000000", "price": "0.19372000", "time": "2025-07-15T16:08:13.899507Z", "fetched_at": "2025-07-15T16:10:49.593137+00:00", "symbol": "DOGE-USD"}, {"trade_id": 139139915, "side": "buy", "size": "932.20000000", "price": "0.19374000", "time": "2025-07-15T16:08:12.587801Z", "fetched_at": "2025-07-15T16:10:49.593137+00:00", "symbol": "DOGE-USD"}, {"trade_id": 139139914, "side": "buy", "size": "19591.30000000", "price": "0.19374000", "time": "2025-07-15T16:08:12.587801Z", "fetched_at": "2025-07-15T16:10:49.593137+00:00", "symbol": "DOGE-USD"}, {"trade_id": 139139913, "side": "buy", "size": "6.70000000", "price": "0.19374000", "time": "2025-07-15T16:08:12.587801Z", "fetched_at": "2025-07-15T16:10:49.593137+00:00", "symbol": "DOGE-USD"}, {"trade_id": 139139912, "side": "buy", "size": "5.70000000", "price": "0.19374000", "time": "2025-07-15T16:08:12.587801Z", "fetched_at": "2025-07-15T16:10:49.593137+00:00", "symbol": "DOGE-USD"}, {"trade_id": 139139911, "side": "buy", "size": "5.70000000", "price": "0.19376000", "time": "2025-07-15T16:08:10.443296Z", "fetched_at": "2025-07-15T16:10:49.593137+00:00", "symbol": "DOGE-USD"}, {"trade_id": 139139910, "side": "buy", "size": "33.30000000", "price": "0.19378000", "time": "2025-07-15T16:08:10.147432Z", "fetched_at": "2025-07-15T16:10:49.593137+00:00", "symbol": "DOGE-USD"}, {"trade_id": 139139909, "side": "buy", "size": "33.30000000", "price": "0.19381000", "time": "2025-07-15T16:08:09.928275Z", "fetched_at": "2025-07-15T16:10:49.593137+00:00", "symbol": "DOGE-USD"}, {"trade_id": 139139908, "side": "buy", "size": "32.70000000", "price": "0.19381000", "time": "2025-07-15T16:08:09.917010Z", "fetched_at": "2025-07-15T16:10:49.593137+00:00", "symbol": "DOGE-USD"}, {"trade_id": 139139907, "side": "buy", "size": "932.20000000", "price": "0.19381000", "time": "2025-07-15T16:08:09.917010Z", "fetched_at": "2025-07-15T16:10:49.593137+00:00", "symbol": "DOGE-USD"}, {"trade_id": 139139906, "side": "buy", "size": "932.20000000", "price": "0.19382000", "time": "2025-07-15T16:08:09.917010Z", "fetched_at": "2025-07-15T16:10:49.593137+00:00", "symbol": "DOGE-USD"}, {"trade_id": 139139905, "side": "sell", "size": "9.60000000", "price": "0.19384000", "time": "2025-07-15T16:08:07.961365Z", "fetched_at": "2025-07-15T16:10:49.593137+00:00", "symbol": "DOGE-USD"}, {"trade_id": 139139904, "side": "sell", "size": "5.70000000", "price": "0.19384000", "time": "2025-07-15T16:08:07.961365Z", "fetched_at": "2025-07-15T16:10:49.593137+00:00", "symbol": "DOGE-USD"}, {"trade_id": 139139903, "side": "sell", "size": "1348.40000000", "price": "0.19383000", "time": "2025-07-15T16:08:07.519961Z", "fetched_at": "2025-07-15T16:10:49.593137+00:00", "symbol": "DOGE-USD"}, {"trade_id": 139139902, "side": "sell", "size": "7.40000000", "price": "0.19383000", "time": "2025-07-15T16:08:07.519961Z", "fetched_at": "2025-07-15T16:10:49.593137+00:00", "symbol": "DOGE-USD"}, {"trade_id": 139139901, "side": "sell", "size": "1582.50000000", "price": "0.19381000", "time": "2025-07-15T16:08:06.794282Z", "fetched_at": "2025-07-15T16:10:49.593137+00:00", "symbol": "DOGE-USD"}, {"trade_id": 139139900, "side": "buy", "size": "932.20000000", "price": "0.19382000", "time": "2025-07-15T16:08:02.883776Z", "fetched_at": "2025-07-15T16:10:49.593137+00:00", "symbol": "DOGE-USD"}, {"trade_id": 139139899, "side": "buy", "size": "183.00000000", "price": "0.19383000", "time": "2025-07-15T16:08:02.883776Z", "fetched_at": "2025-07-15T16:10:49.593137+00:00", "symbol": "DOGE-USD"}, {"trade_id": 139139898, "side": "buy", "size": "183.00000000", "price": "0.19383000", "time": "2025-07-15T16:08:01.094919Z", "fetched_at": "2025-07-15T16:10:49.593137+00:00", "symbol": "DOGE-USD"}, {"trade_id": 139139897, "side": "sell", "size": "125.40000000", "price": "0.19382000", "time": "2025-07-15T16:08:00.730963Z", "fetched_at": "2025-07-15T16:10:49.593137+00:00", "symbol": "DOGE-USD"}, {"trade_id": 139139896, "side": "buy", "size": "789.70000000", "price": "0.19381000", "time": "2025-07-15T16:07:59.815968Z", "fetched_at": "2025-07-15T16:10:49.593137+00:00", "symbol": "DOGE-USD"}, {"trade_id": 139139895, "side": "sell", "size": "25.90000000", "price": "0.19379000", "time": "2025-07-15T16:07:57.671321Z", "fetched_at": "2025-07-15T16:10:49.593137+00:00", "symbol": "DOGE-USD"}, {"trade_id": 139139894, "side": "sell", "size": "1481.30000000", "price": "0.19379000", "time": "2025-07-15T16:07:57.671321Z", "fetched_at": "2025-07-15T16:10:49.593137+00:00", "symbol": "DOGE-USD"}, {"trade_id": 139139893, "side": "sell", "size": "1574.60000000", "price": "0.19376000", "time": "2025-07-15T16:07:53.887715Z", "fetched_at": "2025-07-15T16:10:49.593137+00:00", "symbol": "DOGE-USD"}, {"trade_id": 139139892, "side": "buy", "size": "932.20000000", "price": "0.19375000", "time": "2025-07-15T16:07:53.212658Z", "fetched_at": "2025-07-15T16:10:49.593137+00:00", "symbol": "DOGE-USD"}, {"trade_id": 139139891, "side": "buy", "size": "22.30000000", "price": "0.19373000", "time": "2025-07-15T16:07:49.324912Z", "fetched_at": "2025-07-15T16:10:49.593137+00:00", "symbol": "DOGE-USD"}, {"trade_id": 139139890, "side": "buy", "size": "932.20000000", "price": "0.19374000", "time": "2025-07-15T16:07:49.324912Z", "fetched_at": "2025-07-15T16:10:49.593137+00:00", "symbol": "DOGE-USD"}, {"trade_id": 139139889, "side": "buy", "size": "930.70000000", "price": "0.19375000", "time": "2025-07-15T16:07:47.556809Z", "fetched_at": "2025-07-15T16:10:49.593137+00:00", "symbol": "DOGE-USD"}, {"trade_id": 139139888, "side": "buy", "size": "930.70000000", "price": "0.19378000", "time": "2025-07-15T16:07:46.710692Z", "fetched_at": "2025-07-15T16:10:49.593137+00:00", "symbol": "DOGE-USD"}, {"trade_id": 139139887, "side": "buy", "size": "2576.30000000", "price": "0.19378000", "time": "2025-07-15T16:07:46.710692Z", "fetched_at": "2025-07-15T16:10:49.593137+00:00", "symbol": "DOGE-USD"}, {"trade_id": 139139886, "side": "sell", "size": "82.40000000", "price": "0.19381000", "time": "2025-07-15T16:07:43.022518Z", "fetched_at": "2025-07-15T16:10:49.593137+00:00", "symbol": "DOGE-USD"}, {"trade_id": 139139885, "side": "sell", "size": "57.90000000", "price": "0.19381000", "time": "2025-07-15T16:07:43.022518Z", "fetched_at": "2025-07-15T16:10:49.593137+00:00", "symbol": "DOGE-USD"}, {"trade_id": 139139884, "side": "buy", "size": "281.10000000", "price": "0.19376000", "time": "2025-07-15T16:07:39.844032Z", "fetched_at": "2025-07-15T16:10:49.593137+00:00", "symbol": "DOGE-USD"}, {"trade_id": 139139883, "side": "buy", "size": "15.60000000", "price": "0.19375000", "time": "2025-07-15T16:07:36.460872Z", "fetched_at": "2025-07-15T16:10:49.593137+00:00", "symbol": "DOGE-USD"}, {"trade_id": 139139882, "side": "buy", "size": "1566.00000000", "price": "0.19375000", "time": "2025-07-15T16:07:36.460872Z", "fetched_at": "2025-07-15T16:10:49.593137+00:00", "symbol": "DOGE-USD"}, {"trade_id": 139139881, "side": "buy", "size": "930.70000000", "price": "0.19376000", "time": "2025-07-15T16:07:36.460872Z", "fetched_at": "2025-07-15T16:10:49.593137+00:00", "symbol": "DOGE-USD"}, {"trade_id": 139139880, "side": "buy", "size": "26.40000000", "price": "0.19374000", "time": "2025-07-15T16:07:36.128163Z", "fetched_at": "2025-07-15T16:10:49.593137+00:00", "symbol": "DOGE-USD"}, {"trade_id": 139139879, "side": "buy", "size": "5.70000000", "price": "0.19374000", "time": "2025-07-15T16:07:36.128163Z", "fetched_at": "2025-07-15T16:10:49.593137+00:00", "symbol": "DOGE-USD"}, {"trade_id": 139139878, "side": "buy", "size": "930.70000000", "price": "0.19375000", "time": "2025-07-15T16:07:36.128163Z", "fetched_at": "2025-07-15T16:10:49.593137+00:00", "symbol": "DOGE-USD"}, {"trade_id": 139139877, "side": "buy", "size": "5.70000000", "price": "0.19376000", "time": "2025-07-15T16:07:36.128163Z", "fetched_at": "2025-07-15T16:10:49.593137+00:00", "symbol": "DOGE-USD"}, {"trade_id": 139139876, "side": "buy", "size": "5.70000000", "price": "0.19380000", "time": "2025-07-15T16:07:35.882007Z", "fetched_at": "2025-07-15T16:10:49.593137+00:00", "symbol": "DOGE-USD"}, {"trade_id": 139139875, "side": "buy", "size": "5.70000000", "price": "0.19384000", "time": "2025-07-15T16:07:33.683810Z", "fetched_at": "2025-07-15T16:10:49.593137+00:00", "symbol": "DOGE-USD"}, {"trade_id": 139139874, "side": "buy", "size": "7690.00000000", "price": "0.19385000", "time": "2025-07-15T16:07:33.635444Z", "fetched_at": "2025-07-15T16:10:49.593137+00:00", "symbol": "DOGE-USD"}, {"trade_id": 139139873, "side": "buy", "size": "2077.10000000", "price": "0.19385000", "time": "2025-07-15T16:07:33.635444Z", "fetched_at": "2025-07-15T16:10:49.593137+00:00", "symbol": "DOGE-USD"}, {"trade_id": 139139872, "side": "buy", "size": "1682.00000000", "price": "0.19385000", "time": "2025-07-15T16:07:33.635444Z", "fetched_at": "2025-07-15T16:10:49.593137+00:00", "symbol": "DOGE-USD"}, {"trade_id": 139139871, "side": "buy", "size": "38.30000000", "price": "0.19386000", "time": "2025-07-15T16:07:33.635444Z", "fetched_at": "2025-07-15T16:10:49.593137+00:00", "symbol": "DOGE-USD"}, {"trade_id": 139139870, "side": "buy", "size": "5.70000000", "price": "0.19386000", "time": "2025-07-15T16:07:33.635444Z", "fetched_at": "2025-07-15T16:10:49.593137+00:00", "symbol": "DOGE-USD"}, {"trade_id": 139139869, "side": "buy", "size": "38.30000000", "price": "0.19387000", "time": "2025-07-15T16:07:33.545866Z", "fetched_at": "2025-07-15T16:10:49.593137+00:00", "symbol": "DOGE-USD"}, {"trade_id": 139139868, "side": "buy", "size": "930.70000000", "price": "0.19387000", "time": "2025-07-15T16:07:33.545866Z", "fetched_at": "2025-07-15T16:10:49.593137+00:00", "symbol": "DOGE-USD"}, {"trade_id": 139139867, "side": "buy", "size": "930.70000000", "price": "0.19388000", "time": "2025-07-15T16:07:33.545866Z", "fetched_at": "2025-07-15T16:10:49.593137+00:00", "symbol": "DOGE-USD"}, {"trade_id": 139139866, "side": "buy", "size": "133.60000000", "price": "0.19391000", "time": "2025-07-15T16:07:31.836290Z", "fetched_at": "2025-07-15T16:10:49.593137+00:00", "symbol": "DOGE-USD"}, {"trade_id": 139139865, "side": "buy", "size": "3459.70000000", "price": "0.19382000", "time": "2025-07-15T16:07:30.685147Z", "fetched_at": "2025-07-15T16:10:49.593137+00:00", "symbol": "DOGE-USD"}, {"trade_id": 139139864, "side": "buy", "size": "2062.90000000", "price": "0.19383000", "time": "2025-07-15T16:07:30.685147Z", "fetched_at": "2025-07-15T16:10:49.593137+00:00", "symbol": "DOGE-USD"}, {"trade_id": 139139863, "side": "buy", "size": "3229.80000000", "price": "0.19383000", "time": "2025-07-15T16:07:30.685147Z", "fetched_at": "2025-07-15T16:10:49.593137+00:00", "symbol": "DOGE-USD"}, {"trade_id": 139139862, "side": "buy", "size": "1682.00000000", "price": "0.19383000", "time": "2025-07-15T16:07:30.685147Z", "fetched_at": "2025-07-15T16:10:49.593137+00:00", "symbol": "DOGE-USD"}, {"trade_id": 139139861, "side": "buy", "size": "6617.50000000", "price": "0.19383000", "time": "2025-07-15T16:07:30.685147Z", "fetched_at": "2025-07-15T16:10:49.593137+00:00", "symbol": "DOGE-USD"}, {"trade_id": 139139860, "side": "buy", "size": "1649.50000000", "price": "0.19383000", "time": "2025-07-15T16:07:30.685147Z", "fetched_at": "2025-07-15T16:10:49.593137+00:00", "symbol": "DOGE-USD"}, {"trade_id": 139139859, "side": "buy", "size": "6615.60000000", "price": "0.19384000", "time": "2025-07-15T16:07:30.685147Z", "fetched_at": "2025-07-15T16:10:49.593137+00:00", "symbol": "DOGE-USD"}, {"trade_id": 139139858, "side": "buy", "size": "5.70000000", "price": "0.19384000", "time": "2025-07-15T16:07:30.685147Z", "fetched_at": "2025-07-15T16:10:49.593137+00:00", "symbol": "DOGE-USD"}, {"trade_id": 139139857, "side": "buy", "size": "1566.00000000", "price": "0.19384000", "time": "2025-07-15T16:07:30.685147Z", "fetched_at": "2025-07-15T16:10:49.593137+00:00", "symbol": "DOGE-USD"}, {"trade_id": 139139856, "side": "buy", "size": "2500.00000000", "price": "0.19384000", "time": "2025-07-15T16:07:30.685147Z", "fetched_at": "2025-07-15T16:10:49.593137+00:00", "symbol": "DOGE-USD"}, {"trade_id": 139139855, "side": "buy", "size": "3278.20000000", "price": "0.19384000", "time": "2025-07-15T16:07:30.685147Z", "fetched_at": "2025-07-15T16:10:49.593137+00:00", "symbol": "DOGE-USD"}, {"trade_id": 139139854, "side": "buy", "size": "1682.00000000", "price": "0.19384000", "time": "2025-07-15T16:07:30.685147Z", "fetched_at": "2025-07-15T16:10:49.593137+00:00", "symbol": "DOGE-USD"}, {"trade_id": 139139853, "side": "buy", "size": "4520.10000000", "price": "0.19385000", "time": "2025-07-15T16:07:30.685147Z", "fetched_at": "2025-07-15T16:10:49.593137+00:00", "symbol": "DOGE-USD"}