[{"trade_id": 139136099, "side": "buy", "size": "7.90000000", "price": "0.19128000", "time": "2025-07-15T15:39:26.918362Z", "fetched_at": "2025-07-15T15:39:32.687983+00:00", "symbol": "DOGE-USD"}, {"trade_id": 139136098, "side": "buy", "size": "183.00000000", "price": "0.19129000", "time": "2025-07-15T15:39:26.918362Z", "fetched_at": "2025-07-15T15:39:32.687983+00:00", "symbol": "DOGE-USD"}, {"trade_id": 139136097, "side": "sell", "size": "5.80000000", "price": "0.19128000", "time": "2025-07-15T15:39:26.873318Z", "fetched_at": "2025-07-15T15:39:32.687983+00:00", "symbol": "DOGE-USD"}, {"trade_id": 139136096, "side": "sell", "size": "5.80000000", "price": "0.19126000", "time": "2025-07-15T15:39:26.695029Z", "fetched_at": "2025-07-15T15:39:32.687983+00:00", "symbol": "DOGE-USD"}, {"trade_id": 139136095, "side": "sell", "size": "5.80000000", "price": "0.19122000", "time": "2025-07-15T15:39:23.341492Z", "fetched_at": "2025-07-15T15:39:32.687983+00:00", "symbol": "DOGE-USD"}, {"trade_id": 139136094, "side": "buy", "size": "10.40000000", "price": "0.19119000", "time": "2025-07-15T15:39:21.615884Z", "fetched_at": "2025-07-15T15:39:32.687983+00:00", "symbol": "DOGE-USD"}, {"trade_id": 139136093, "side": "sell", "size": "1673.00000000", "price": "0.19117000", "time": "2025-07-15T15:39:20.719078Z", "fetched_at": "2025-07-15T15:39:32.687983+00:00", "symbol": "DOGE-USD"}, {"trade_id": 139136092, "side": "sell", "size": "6.30000000", "price": "0.19117000", "time": "2025-07-15T15:39:19.503108Z", "fetched_at": "2025-07-15T15:39:32.687983+00:00", "symbol": "DOGE-USD"}, {"trade_id": 139136091, "side": "sell", "size": "35.10000000", "price": "0.19117000", "time": "2025-07-15T15:39:19.503108Z", "fetched_at": "2025-07-15T15:39:32.687983+00:00", "symbol": "DOGE-USD"}, {"trade_id": 139136090, "side": "buy", "size": "5.80000000", "price": "0.19118000", "time": "2025-07-15T15:39:19.125886Z", "fetched_at": "2025-07-15T15:39:32.687983+00:00", "symbol": "DOGE-USD"}, {"trade_id": 139136089, "side": "buy", "size": "5220.20000000", "price": "0.19118000", "time": "2025-07-15T15:39:19.125886Z", "fetched_at": "2025-07-15T15:39:32.687983+00:00", "symbol": "DOGE-USD"}, {"trade_id": 139136088, "side": "buy", "size": "5.80000000", "price": "0.19120000", "time": "2025-07-15T15:39:19.121290Z", "fetched_at": "2025-07-15T15:39:32.687983+00:00", "symbol": "DOGE-USD"}, {"trade_id": 139136087, "side": "buy", "size": "2608.50000000", "price": "0.19120000", "time": "2025-07-15T15:39:19.121290Z", "fetched_at": "2025-07-15T15:39:32.687983+00:00", "symbol": "DOGE-USD"}, {"trade_id": 139136086, "side": "buy", "size": "19107.40000000", "price": "0.19120000", "time": "2025-07-15T15:39:19.121290Z", "fetched_at": "2025-07-15T15:39:32.687983+00:00", "symbol": "DOGE-USD"}, {"trade_id": 139136085, "side": "buy", "size": "6816.20000000", "price": "0.19120000", "time": "2025-07-15T15:39:19.120102Z", "fetched_at": "2025-07-15T15:39:32.687983+00:00", "symbol": "DOGE-USD"}, {"trade_id": 139136084, "side": "buy", "size": "35490.00000000", "price": "0.19120000", "time": "2025-07-15T15:39:19.118190Z", "fetched_at": "2025-07-15T15:39:32.687983+00:00", "symbol": "DOGE-USD"}, {"trade_id": 139136083, "side": "buy", "size": "1681.70000000", "price": "0.19120000", "time": "2025-07-15T15:39:19.117699Z", "fetched_at": "2025-07-15T15:39:32.687983+00:00", "symbol": "DOGE-USD"}, {"trade_id": 139136082, "side": "buy", "size": "148.40000000", "price": "0.19120000", "time": "2025-07-15T15:39:16.678549Z", "fetched_at": "2025-07-15T15:39:32.687983+00:00", "symbol": "DOGE-USD"}, {"trade_id": 139136081, "side": "buy", "size": "84.10000000", "price": "0.19120000", "time": "2025-07-15T15:39:14.885608Z", "fetched_at": "2025-07-15T15:39:32.687983+00:00", "symbol": "DOGE-USD"}, {"trade_id": 139136080, "side": "buy", "size": "31.80000000", "price": "0.19121000", "time": "2025-07-15T15:39:14.575682Z", "fetched_at": "2025-07-15T15:39:32.687983+00:00", "symbol": "DOGE-USD"}, {"trade_id": 139136079, "side": "buy", "size": "12.50000000", "price": "0.19121000", "time": "2025-07-15T15:39:14.575682Z", "fetched_at": "2025-07-15T15:39:32.687983+00:00", "symbol": "DOGE-USD"}, {"trade_id": 139136078, "side": "buy", "size": "20.10000000", "price": "0.19120000", "time": "2025-07-15T15:39:14.265662Z", "fetched_at": "2025-07-15T15:39:32.687983+00:00", "symbol": "DOGE-USD"}, {"trade_id": 139136077, "side": "sell", "size": "120.30000000", "price": "0.19122000", "time": "2025-07-15T15:39:13.539905Z", "fetched_at": "2025-07-15T15:39:32.687983+00:00", "symbol": "DOGE-USD"}, {"trade_id": 139136076, "side": "sell", "size": "93.80000000", "price": "0.19122000", "time": "2025-07-15T15:39:13.539905Z", "fetched_at": "2025-07-15T15:39:32.687983+00:00", "symbol": "DOGE-USD"}, {"trade_id": 139136075, "side": "sell", "size": "2.60000000", "price": "0.19121000", "time": "2025-07-15T15:39:13.539905Z", "fetched_at": "2025-07-15T15:39:32.687983+00:00", "symbol": "DOGE-USD"}, {"trade_id": 139136074, "side": "sell", "size": "1564.90000000", "price": "0.19121000", "time": "2025-07-15T15:39:13.539905Z", "fetched_at": "2025-07-15T15:39:32.687983+00:00", "symbol": "DOGE-USD"}, {"trade_id": 139136073, "side": "sell", "size": "1561.80000000", "price": "0.19121000", "time": "2025-07-15T15:39:13.539905Z", "fetched_at": "2025-07-15T15:39:32.687983+00:00", "symbol": "DOGE-USD"}, {"trade_id": 139136072, "side": "sell", "size": "788.20000000", "price": "0.19121000", "time": "2025-07-15T15:39:13.539905Z", "fetched_at": "2025-07-15T15:39:32.687983+00:00", "symbol": "DOGE-USD"}, {"trade_id": 139136071, "side": "buy", "size": "20191.40000000", "price": "0.19120000", "time": "2025-07-15T15:39:12.829671Z", "fetched_at": "2025-07-15T15:39:32.687983+00:00", "symbol": "DOGE-USD"}, {"trade_id": 139136070, "side": "buy", "size": "440.30000000", "price": "0.19120000", "time": "2025-07-15T15:39:12.829671Z", "fetched_at": "2025-07-15T15:39:32.687983+00:00", "symbol": "DOGE-USD"}, {"trade_id": 139136069, "side": "buy", "size": "5.80000000", "price": "0.19122000", "time": "2025-07-15T15:39:12.829671Z", "fetched_at": "2025-07-15T15:39:32.687983+00:00", "symbol": "DOGE-USD"}, {"trade_id": 139136068, "side": "buy", "size": "3.40000000", "price": "0.19124000", "time": "2025-07-15T15:39:12.454665Z", "fetched_at": "2025-07-15T15:39:32.687983+00:00", "symbol": "DOGE-USD"}, {"trade_id": 139136067, "side": "buy", "size": "2.40000000", "price": "0.19124000", "time": "2025-07-15T15:39:10.039698Z", "fetched_at": "2025-07-15T15:39:32.687983+00:00", "symbol": "DOGE-USD"}, {"trade_id": 139136066, "side": "buy", "size": "5.80000000", "price": "0.19124000", "time": "2025-07-15T15:39:06.090481Z", "fetched_at": "2025-07-15T15:39:32.687983+00:00", "symbol": "DOGE-USD"}, {"trade_id": 139136065, "side": "buy", "size": "26.10000000", "price": "0.19125000", "time": "2025-07-15T15:39:05.767561Z", "fetched_at": "2025-07-15T15:39:32.687983+00:00", "symbol": "DOGE-USD"}, {"trade_id": 139136064, "side": "buy", "size": "5.80000000", "price": "0.19126000", "time": "2025-07-15T15:39:05.764001Z", "fetched_at": "2025-07-15T15:39:32.687983+00:00", "symbol": "DOGE-USD"}, {"trade_id": 139136063, "side": "buy", "size": "19957.60000000", "price": "0.19126000", "time": "2025-07-15T15:39:05.764001Z", "fetched_at": "2025-07-15T15:39:32.687983+00:00", "symbol": "DOGE-USD"}, {"trade_id": 139136062, "side": "buy", "size": "5.80000000", "price": "0.19126000", "time": "2025-07-15T15:39:02.071901Z", "fetched_at": "2025-07-15T15:39:32.687983+00:00", "symbol": "DOGE-USD"}, {"trade_id": 139136061, "side": "buy", "size": "6167.60000000", "price": "0.19127000", "time": "2025-07-15T15:39:02.042848Z", "fetched_at": "2025-07-15T15:39:32.687983+00:00", "symbol": "DOGE-USD"}, {"trade_id": 139136060, "side": "buy", "size": "20.30000000", "price": "0.19128000", "time": "2025-07-15T15:39:02.042848Z", "fetched_at": "2025-07-15T15:39:32.687983+00:00", "symbol": "DOGE-USD"}, {"trade_id": 139136059, "side": "buy", "size": "5.80000000", "price": "0.19128000", "time": "2025-07-15T15:39:02.042848Z", "fetched_at": "2025-07-15T15:39:32.687983+00:00", "symbol": "DOGE-USD"}, {"trade_id": 139136058, "side": "buy", "size": "10271.00000000", "price": "0.19127000", "time": "2025-07-15T15:39:01.945905Z", "fetched_at": "2025-07-15T15:39:32.687983+00:00", "symbol": "DOGE-USD"}, {"trade_id": 139136057, "side": "buy", "size": "1709.40000000", "price": "0.19127000", "time": "2025-07-15T15:39:01.945905Z", "fetched_at": "2025-07-15T15:39:32.687983+00:00", "symbol": "DOGE-USD"}, {"trade_id": 139136056, "side": "buy", "size": "6830.00000000", "price": "0.19128000", "time": "2025-07-15T15:39:01.941377Z", "fetched_at": "2025-07-15T15:39:32.687983+00:00", "symbol": "DOGE-USD"}, {"trade_id": 139136055, "side": "buy", "size": "5.80000000", "price": "0.19128000", "time": "2025-07-15T15:39:01.941377Z", "fetched_at": "2025-07-15T15:39:32.687983+00:00", "symbol": "DOGE-USD"}, {"trade_id": 139136054, "side": "buy", "size": "19.50000000", "price": "0.19129000", "time": "2025-07-15T15:39:01.941377Z", "fetched_at": "2025-07-15T15:39:32.687983+00:00", "symbol": "DOGE-USD"}, {"trade_id": 139136053, "side": "buy", "size": "5.80000000", "price": "0.19130000", "time": "2025-07-15T15:39:01.941377Z", "fetched_at": "2025-07-15T15:39:32.687983+00:00", "symbol": "DOGE-USD"}, {"trade_id": 139136052, "side": "buy", "size": "5.80000000", "price": "0.19132000", "time": "2025-07-15T15:39:01.941377Z", "fetched_at": "2025-07-15T15:39:32.687983+00:00", "symbol": "DOGE-USD"}, {"trade_id": 139136051, "side": "sell", "size": "126.90000000", "price": "0.19135000", "time": "2025-07-15T15:38:59.937670Z", "fetched_at": "2025-07-15T15:39:32.687983+00:00", "symbol": "DOGE-USD"}, {"trade_id": 139136050, "side": "sell", "size": "3.90000000", "price": "0.19132000", "time": "2025-07-15T15:38:52.434810Z", "fetched_at": "2025-07-15T15:39:32.687983+00:00", "symbol": "DOGE-USD"}, {"trade_id": 139136049, "side": "buy", "size": "471.80000000", "price": "0.19131000", "time": "2025-07-15T15:38:52.172181Z", "fetched_at": "2025-07-15T15:39:32.687983+00:00", "symbol": "DOGE-USD"}, {"trade_id": 139136048, "side": "buy", "size": "20.70000000", "price": "0.19132000", "time": "2025-07-15T15:38:52.172181Z", "fetched_at": "2025-07-15T15:39:32.687983+00:00", "symbol": "DOGE-USD"}, {"trade_id": 139136047, "side": "sell", "size": "126.90000000", "price": "0.19135000", "time": "2025-07-15T15:38:51.686920Z", "fetched_at": "2025-07-15T15:39:32.687983+00:00", "symbol": "DOGE-USD"}, {"trade_id": 139136046, "side": "sell", "size": "19978.70000000", "price": "0.19135000", "time": "2025-07-15T15:38:50.366914Z", "fetched_at": "2025-07-15T15:39:32.687983+00:00", "symbol": "DOGE-USD"}, {"trade_id": 139136045, "side": "sell", "size": "76.10000000", "price": "0.19132000", "time": "2025-07-15T15:38:49.021859Z", "fetched_at": "2025-07-15T15:39:32.687983+00:00", "symbol": "DOGE-USD"}, {"trade_id": 139136044, "side": "sell", "size": "517.00000000", "price": "0.19129000", "time": "2025-07-15T15:38:44.263943Z", "fetched_at": "2025-07-15T15:39:32.687983+00:00", "symbol": "DOGE-USD"}, {"trade_id": 139136043, "side": "buy", "size": "5.80000000", "price": "0.19130000", "time": "2025-07-15T15:38:42.470324Z", "fetched_at": "2025-07-15T15:39:32.687983+00:00", "symbol": "DOGE-USD"}, {"trade_id": 139136042, "side": "buy", "size": "5238.30000000", "price": "0.19132000", "time": "2025-07-15T15:38:42.282796Z", "fetched_at": "2025-07-15T15:39:32.687983+00:00", "symbol": "DOGE-USD"}, {"trade_id": 139136041, "side": "buy", "size": "5.80000000", "price": "0.19132000", "time": "2025-07-15T15:38:42.282796Z", "fetched_at": "2025-07-15T15:39:32.687983+00:00", "symbol": "DOGE-USD"}, {"trade_id": 139136040, "side": "buy", "size": "15.40000000", "price": "0.19133000", "time": "2025-07-15T15:38:42.282796Z", "fetched_at": "2025-07-15T15:39:32.687983+00:00", "symbol": "DOGE-USD"}, {"trade_id": 139136039, "side": "buy", "size": "5.80000000", "price": "0.19134000", "time": "2025-07-15T15:38:42.282796Z", "fetched_at": "2025-07-15T15:39:32.687983+00:00", "symbol": "DOGE-USD"}, {"trade_id": 139136038, "side": "buy", "size": "5.80000000", "price": "0.19136000", "time": "2025-07-15T15:38:42.187576Z", "fetched_at": "2025-07-15T15:39:32.687983+00:00", "symbol": "DOGE-USD"}, {"trade_id": 139136037, "side": "buy", "size": "5.80000000", "price": "0.19138000", "time": "2025-07-15T15:38:41.984467Z", "fetched_at": "2025-07-15T15:39:32.687983+00:00", "symbol": "DOGE-USD"}, {"trade_id": 139136036, "side": "buy", "size": "5.80000000", "price": "0.19140000", "time": "2025-07-15T15:38:41.924730Z", "fetched_at": "2025-07-15T15:39:32.687983+00:00", "symbol": "DOGE-USD"}, {"trade_id": 139136035, "side": "buy", "size": "94.70000000", "price": "0.19141000", "time": "2025-07-15T15:38:40.806121Z", "fetched_at": "2025-07-15T15:39:32.687983+00:00", "symbol": "DOGE-USD"}, {"trade_id": 139136034, "side": "buy", "size": "5.80000000", "price": "0.19142000", "time": "2025-07-15T15:38:40.727372Z", "fetched_at": "2025-07-15T15:39:32.687983+00:00", "symbol": "DOGE-USD"}, {"trade_id": 139136033, "side": "buy", "size": "5.80000000", "price": "0.19144000", "time": "2025-07-15T15:38:40.297164Z", "fetched_at": "2025-07-15T15:39:32.687983+00:00", "symbol": "DOGE-USD"}, {"trade_id": 139136032, "side": "buy", "size": "5.80000000", "price": "0.19146000", "time": "2025-07-15T15:38:35.390703Z", "fetched_at": "2025-07-15T15:39:32.687983+00:00", "symbol": "DOGE-USD"}, {"trade_id": 139136031, "side": "sell", "size": "6.00000000", "price": "0.19148000", "time": "2025-07-15T15:38:33.386716Z", "fetched_at": "2025-07-15T15:39:32.687983+00:00", "symbol": "DOGE-USD"}, {"trade_id": 139136030, "side": "sell", "size": "158.90000000", "price": "0.19151000", "time": "2025-07-15T15:38:30.103927Z", "fetched_at": "2025-07-15T15:39:32.687983+00:00", "symbol": "DOGE-USD"}, {"trade_id": 139136029, "side": "sell", "size": "33.60000000", "price": "0.19150000", "time": "2025-07-15T15:38:29.994766Z", "fetched_at": "2025-07-15T15:39:32.687983+00:00", "symbol": "DOGE-USD"}, {"trade_id": 139136028, "side": "sell", "size": "5.80000000", "price": "0.19150000", "time": "2025-07-15T15:38:29.994766Z", "fetched_at": "2025-07-15T15:39:32.687983+00:00", "symbol": "DOGE-USD"}, {"trade_id": 139136027, "side": "sell", "size": "125.00000000", "price": "0.19150000", "time": "2025-07-15T15:38:29.994766Z", "fetched_at": "2025-07-15T15:39:32.687983+00:00", "symbol": "DOGE-USD"}, {"trade_id": 139136026, "side": "buy", "size": "247.20000000", "price": "0.19146000", "time": "2025-07-15T15:38:29.400518Z", "fetched_at": "2025-07-15T15:39:32.687983+00:00", "symbol": "DOGE-USD"}, {"trade_id": 139136025, "side": "buy", "size": "23.70000000", "price": "0.19147000", "time": "2025-07-15T15:38:29.400518Z", "fetched_at": "2025-07-15T15:39:32.687983+00:00", "symbol": "DOGE-USD"}, {"trade_id": 139136024, "side": "sell", "size": "466.00000000", "price": "0.19148000", "time": "2025-07-15T15:38:29.325086Z", "fetched_at": "2025-07-15T15:39:32.687983+00:00", "symbol": "DOGE-USD"}, {"trade_id": 139136023, "side": "sell", "size": "195.70000000", "price": "0.19149000", "time": "2025-07-15T15:38:27.053903Z", "fetched_at": "2025-07-15T15:39:32.687983+00:00", "symbol": "DOGE-USD"}, {"trade_id": 139136022, "side": "sell", "size": "85.90000000", "price": "0.19148000", "time": "2025-07-15T15:38:26.805353Z", "fetched_at": "2025-07-15T15:39:32.687983+00:00", "symbol": "DOGE-USD"}, {"trade_id": 139136021, "side": "sell", "size": "5.80000000", "price": "0.19148000", "time": "2025-07-15T15:38:26.805353Z", "fetched_at": "2025-07-15T15:39:32.687983+00:00", "symbol": "DOGE-USD"}, {"trade_id": 139136020, "side": "sell", "size": "59.90000000", "price": "0.19147000", "time": "2025-07-15T15:38:26.774818Z", "fetched_at": "2025-07-15T15:39:32.687983+00:00", "symbol": "DOGE-USD"}, {"trade_id": 139136019, "side": "sell", "size": "111.80000000", "price": "0.19146000", "time": "2025-07-15T15:38:26.395309Z", "fetched_at": "2025-07-15T15:39:32.687983+00:00", "symbol": "DOGE-USD"}, {"trade_id": 139136018, "side": "sell", "size": "5.80000000", "price": "0.19146000", "time": "2025-07-15T15:38:26.395309Z", "fetched_at": "2025-07-15T15:39:32.687983+00:00", "symbol": "DOGE-USD"}, {"trade_id": 139136017, "side": "sell", "size": "117.30000000", "price": "0.19145000", "time": "2025-07-15T15:38:26.158777Z", "fetched_at": "2025-07-15T15:39:32.687983+00:00", "symbol": "DOGE-USD"}, {"trade_id": 139136016, "side": "sell", "size": "3.50000000", "price": "0.19144000", "time": "2025-07-15T15:38:26.158777Z", "fetched_at": "2025-07-15T15:39:32.687983+00:00", "symbol": "DOGE-USD"}, {"trade_id": 139136015, "side": "sell", "size": "2.30000000", "price": "0.19144000", "time": "2025-07-15T15:38:22.167550Z", "fetched_at": "2025-07-15T15:39:32.687983+00:00", "symbol": "DOGE-USD"}, {"trade_id": 139136014, "side": "buy", "size": "50.10000000", "price": "0.19142000", "time": "2025-07-15T15:38:20.599019Z", "fetched_at": "2025-07-15T15:39:32.687983+00:00", "symbol": "DOGE-USD"}, {"trade_id": 139136013, "side": "sell", "size": "5.80000000", "price": "0.19142000", "time": "2025-07-15T15:38:20.504747Z", "fetched_at": "2025-07-15T15:39:32.687983+00:00", "symbol": "DOGE-USD"}, {"trade_id": 139136012, "side": "sell", "size": "1620.60000000", "price": "0.19139000", "time": "2025-07-15T15:38:18.780318Z", "fetched_at": "2025-07-15T15:39:32.687983+00:00", "symbol": "DOGE-USD"}, {"trade_id": 139136011, "side": "sell", "size": "1457.00000000", "price": "0.19139000", "time": "2025-07-15T15:38:18.780318Z", "fetched_at": "2025-07-15T15:39:32.687983+00:00", "symbol": "DOGE-USD"}, {"trade_id": 139136010, "side": "buy", "size": "4.60000000", "price": "0.19136000", "time": "2025-07-15T15:38:17.233146Z", "fetched_at": "2025-07-15T15:39:32.687983+00:00", "symbol": "DOGE-USD"}, {"trade_id": 139136009, "side": "sell", "size": "0.50000000", "price": "0.19140000", "time": "2025-07-15T15:38:12.961164Z", "fetched_at": "2025-07-15T15:39:32.687983+00:00", "symbol": "DOGE-USD"}, {"trade_id": 139136008, "side": "sell", "size": "5.80000000", "price": "0.19140000", "time": "2025-07-15T15:38:12.961164Z", "fetched_at": "2025-07-15T15:39:32.687983+00:00", "symbol": "DOGE-USD"}, {"trade_id": 139136007, "side": "sell", "size": "5.80000000", "price": "0.19138000", "time": "2025-07-15T15:38:12.319892Z", "fetched_at": "2025-07-15T15:39:32.687983+00:00", "symbol": "DOGE-USD"}, {"trade_id": 139136006, "side": "sell", "size": "5.80000000", "price": "0.19136000", "time": "2025-07-15T15:38:11.946802Z", "fetched_at": "2025-07-15T15:39:32.687983+00:00", "symbol": "DOGE-USD"}, {"trade_id": 139136005, "side": "sell", "size": "5.80000000", "price": "0.19134000", "time": "2025-07-15T15:38:11.660121Z", "fetched_at": "2025-07-15T15:39:32.687983+00:00", "symbol": "DOGE-USD"}, {"trade_id": 139136004, "side": "sell", "size": "862.00000000", "price": "0.19126000", "time": "2025-07-15T15:38:08.141499Z", "fetched_at": "2025-07-15T15:39:32.687983+00:00", "symbol": "DOGE-USD"}, {"trade_id": 139136003, "side": "buy", "size": "5.80000000", "price": "0.19128000", "time": "2025-07-15T15:38:06.971181Z", "fetched_at": "2025-07-15T15:39:32.687983+00:00", "symbol": "DOGE-USD"}, {"trade_id": 139136002, "side": "buy", "size": "111.00000000", "price": "0.19131000", "time": "2025-07-15T15:38:06.763760Z", "fetched_at": "2025-07-15T15:39:32.687983+00:00", "symbol": "DOGE-USD"}, {"trade_id": 139136001, "side": "buy", "size": "193.20000000", "price": "0.19131000", "time": "2025-07-15T15:38:06.763318Z", "fetched_at": "2025-07-15T15:39:32.687983+00:00", "symbol": "DOGE-USD"}, {"trade_id": 139136000, "side": "buy", "size": "5.80000000", "price": "0.19132000", "time": "2025-07-15T15:38:06.741078Z", "fetched_at": "2025-07-15T15:39:32.687983+00:00", "symbol": "DOGE-USD"}, {"trade_id": 139135999, "side": "buy", "size": "5.80000000", "price": "0.19134000", "time": "2025-07-15T15:38:06.658928Z", "fetched_at": "2025-07-15T15:39:32.687983+00:00", "symbol": "DOGE-USD"}, {"trade_id": 139135998, "side": "buy", "size": "7805.00000000", "price": "0.19136000", "time": "2025-07-15T15:38:06.194296Z", "fetched_at": "2025-07-15T15:39:32.687983+00:00", "symbol": "DOGE-USD"}, {"trade_id": 139135997, "side": "buy", "size": "2052.20000000", "price": "0.19136000", "time": "2025-07-15T15:38:06.194296Z", "fetched_at": "2025-07-15T15:39:32.687983+00:00", "symbol": "DOGE-USD"}, {"trade_id": 139135996, "side": "buy", "size": "1709.40000000", "price": "0.19136000", "time": "2025-07-15T15:38:06.194296Z", "fetched_at": "2025-07-15T15:39:32.687983+00:00", "symbol": "DOGE-USD"}, {"trade_id": 139135995, "side": "buy", "size": "20.60000000", "price": "0.19137000", "time": "2025-07-15T15:38:06.194296Z", "fetched_at": "2025-07-15T15:39:32.687983+00:00", "symbol": "DOGE-USD"}, {"trade_id": 139135994, "side": "buy", "size": "3514.80000000", "price": "0.19139000", "time": "2025-07-15T15:38:05.738607Z", "fetched_at": "2025-07-15T15:39:32.687983+00:00", "symbol": "DOGE-USD"}, {"trade_id": 139135993, "side": "buy", "size": "1709.40000000", "price": "0.19139000", "time": "2025-07-15T15:38:05.738607Z", "fetched_at": "2025-07-15T15:39:32.687983+00:00", "symbol": "DOGE-USD"}, {"trade_id": 139135992, "side": "buy", "size": "15.60000000", "price": "0.19140000", "time": "2025-07-15T15:38:05.738607Z", "fetched_at": "2025-07-15T15:39:32.687983+00:00", "symbol": "DOGE-USD"}, {"trade_id": 139135991, "side": "buy", "size": "3137.30000000", "price": "0.19141000", "time": "2025-07-15T15:38:05.731726Z", "fetched_at": "2025-07-15T15:39:32.687983+00:00", "symbol": "DOGE-USD"}, {"trade_id": 139135990, "side": "sell", "size": "5.80000000", "price": "0.19140000", "time": "2025-07-15T15:38:05.110736Z", "fetched_at": "2025-07-15T15:39:32.687983+00:00", "symbol": "DOGE-USD"}, {"trade_id": 139135989, "side": "sell", "size": "190.30000000", "price": "0.19140000", "time": "2025-07-15T15:38:05.110736Z", "fetched_at": "2025-07-15T15:39:32.687983+00:00", "symbol": "DOGE-USD"}, {"trade_id": 139135988, "side": "sell", "size": "211.20000000", "price": "0.19139000", "time": "2025-07-15T15:38:04.557887Z", "fetched_at": "2025-07-15T15:39:32.687983+00:00", "symbol": "DOGE-USD"}, {"trade_id": 139135987, "side": "sell", "size": "60.00000000", "price": "0.19138000", "time": "2025-07-15T15:38:04.421911Z", "fetched_at": "2025-07-15T15:39:32.687983+00:00", "symbol": "DOGE-USD"}, {"trade_id": 139135986, "side": "sell", "size": "153.60000000", "price": "0.19137000", "time": "2025-07-15T15:38:01.459765Z", "fetched_at": "2025-07-15T15:39:32.687983+00:00", "symbol": "DOGE-USD"}, {"trade_id": 139135985, "side": "sell", "size": "5.80000000", "price": "0.19136000", "time": "2025-07-15T15:38:01.446844Z", "fetched_at": "2025-07-15T15:39:32.687983+00:00", "symbol": "DOGE-USD"}, {"trade_id": 139135984, "side": "sell", "size": "106.70000000", "price": "0.19136000", "time": "2025-07-15T15:38:01.446844Z", "fetched_at": "2025-07-15T15:39:32.687983+00:00", "symbol": "DOGE-USD"}, {"trade_id": 139135983, "side": "sell", "size": "101.50000000", "price": "0.19135000", "time": "2025-07-15T15:38:01.436085Z", "fetched_at": "2025-07-15T15:39:32.687983+00:00", "symbol": "DOGE-USD"}, {"trade_id": 139135982, "side": "sell", "size": "5.80000000", "price": "0.19134000", "time": "2025-07-15T15:38:01.312117Z", "fetched_at": "2025-07-15T15:39:32.687983+00:00", "symbol": "DOGE-USD"}, {"trade_id": 139135981, "side": "sell", "size": "101.60000000", "price": "0.19134000", "time": "2025-07-15T15:38:01.312117Z", "fetched_at": "2025-07-15T15:39:32.687983+00:00", "symbol": "DOGE-USD"}, {"trade_id": 139135980, "side": "sell", "size": "70.50000000", "price": "0.19133000", "time": "2025-07-15T15:38:01.293389Z", "fetched_at": "2025-07-15T15:39:32.687983+00:00", "symbol": "DOGE-USD"}, {"trade_id": 139135979, "side": "sell", "size": "5.80000000", "price": "0.19132000", "time": "2025-07-15T15:38:00.629241Z", "fetched_at": "2025-07-15T15:39:32.687983+00:00", "symbol": "DOGE-USD"}, {"trade_id": 139135978, "side": "sell", "size": "80.90000000", "price": "0.19132000", "time": "2025-07-15T15:38:00.629241Z", "fetched_at": "2025-07-15T15:39:32.687983+00:00", "symbol": "DOGE-USD"}, {"trade_id": 139135977, "side": "sell", "size": "18.20000000", "price": "0.19131000", "time": "2025-07-15T15:38:00.095036Z", "fetched_at": "2025-07-15T15:39:32.687983+00:00", "symbol": "DOGE-USD"}, {"trade_id": 139135976, "side": "sell", "size": "5.80000000", "price": "0.19130000", "time": "2025-07-15T15:38:00.058057Z", "fetched_at": "2025-07-15T15:39:32.687983+00:00", "symbol": "DOGE-USD"}, {"trade_id": 139135975, "side": "sell", "size": "862.00000000", "price": "0.19129000", "time": "2025-07-15T15:37:59.404823Z", "fetched_at": "2025-07-15T15:39:32.687983+00:00", "symbol": "DOGE-USD"}, {"trade_id": 139135974, "side": "sell", "size": "862.00000000", "price": "0.19129000", "time": "2025-07-15T15:37:59.404823Z", "fetched_at": "2025-07-15T15:39:32.687983+00:00", "symbol": "DOGE-USD"}, {"trade_id": 139135973, "side": "sell", "size": "5.80000000", "price": "0.19128000", "time": "2025-07-15T15:37:59.404823Z", "fetched_at": "2025-07-15T15:39:32.687983+00:00", "symbol": "DOGE-USD"}, {"trade_id": 139135972, "side": "sell", "size": "5.80000000", "price": "0.19126000", "time": "2025-07-15T15:37:58.533971Z", "fetched_at": "2025-07-15T15:39:32.687983+00:00", "symbol": "DOGE-USD"}, {"trade_id": 139135971, "side": "sell", "size": "14.50000000", "price": "0.19123000", "time": "2025-07-15T15:37:56.083882Z", "fetched_at": "2025-07-15T15:39:32.687983+00:00", "symbol": "DOGE-USD"}, {"trade_id": 139135970, "side": "sell", "size": "2.20000000", "price": "0.19121000", "time": "2025-07-15T15:37:53.285274Z", "fetched_at": "2025-07-15T15:39:32.687983+00:00", "symbol": "DOGE-USD"}, {"trade_id": 139135969, "side": "sell", "size": "50.50000000", "price": "0.19121000", "time": "2025-07-15T15:37:53.102028Z", "fetched_at": "2025-07-15T15:39:32.687983+00:00", "symbol": "DOGE-USD"}, {"trade_id": 139135968, "side": "sell", "size": "862.00000000", "price": "0.19120000", "time": "2025-07-15T15:37:51.061412Z", "fetched_at": "2025-07-15T15:39:32.687983+00:00", "symbol": "DOGE-USD"}, {"trade_id": 139135967, "side": "sell", "size": "862.00000000", "price": "0.19121000", "time": "2025-07-15T15:37:48.912300Z", "fetched_at": "2025-07-15T15:39:32.687983+00:00", "symbol": "DOGE-USD"}, {"trade_id": 139135966, "side": "sell", "size": "862.00000000", "price": "0.19119000", "time": "2025-07-15T15:37:46.368580Z", "fetched_at": "2025-07-15T15:39:32.687983+00:00", "symbol": "DOGE-USD"}, {"trade_id": 139135965, "side": "sell", "size": "51.50000000", "price": "0.19122000", "time": "2025-07-15T15:37:44.313396Z", "fetched_at": "2025-07-15T15:39:32.687983+00:00", "symbol": "DOGE-USD"}, {"trade_id": 139135964, "side": "sell", "size": "51.80000000", "price": "0.19122000", "time": "2025-07-15T15:37:44.281302Z", "fetched_at": "2025-07-15T15:39:32.687983+00:00", "symbol": "DOGE-USD"}, {"trade_id": 139135963, "side": "sell", "size": "187.40000000", "price": "0.19122000", "time": "2025-07-15T15:37:44.258542Z", "fetched_at": "2025-07-15T15:39:32.687983+00:00", "symbol": "DOGE-USD"}, {"trade_id": 139135962, "side": "sell", "size": "51.80000000", "price": "0.19122000", "time": "2025-07-15T15:37:44.240798Z", "fetched_at": "2025-07-15T15:39:32.687983+00:00", "symbol": "DOGE-USD"}, {"trade_id": 139135961, "side": "sell", "size": "52.20000000", "price": "0.19122000", "time": "2025-07-15T15:37:44.207264Z", "fetched_at": "2025-07-15T15:39:32.687983+00:00", "symbol": "DOGE-USD"}, {"trade_id": 139135960, "side": "sell", "size": "12.90000000", "price": "0.19124000", "time": "2025-07-15T15:37:43.170910Z", "fetched_at": "2025-07-15T15:39:32.687983+00:00", "symbol": "DOGE-USD"}, {"trade_id": 139135959, "side": "sell", "size": "543.70000000", "price": "0.19124000", "time": "2025-07-15T15:37:42.110768Z", "fetched_at": "2025-07-15T15:39:32.687983+00:00", "symbol": "DOGE-USD"}, {"trade_id": 139135958, "side": "sell", "size": "5.80000000", "price": "0.19124000", "time": "2025-07-15T15:37:38.960091Z", "fetched_at": "2025-07-15T15:39:32.687983+00:00", "symbol": "DOGE-USD"}, {"trade_id": 139135957, "side": "sell", "size": "5.80000000", "price": "0.19122000", "time": "2025-07-15T15:37:38.112117Z", "fetched_at": "2025-07-15T15:39:32.687983+00:00", "symbol": "DOGE-USD"}, {"trade_id": 139135956, "side": "sell", "size": "5.80000000", "price": "0.19120000", "time": "2025-07-15T15:37:37.814506Z", "fetched_at": "2025-07-15T15:39:32.687983+00:00", "symbol": "DOGE-USD"}, {"trade_id": 139135955, "side": "sell", "size": "5.00000000", "price": "0.19116000", "time": "2025-07-15T15:37:33.805968Z", "fetched_at": "2025-07-15T15:39:32.687983+00:00", "symbol": "DOGE-USD"}, {"trade_id": 139135954, "side": "sell", "size": "0.70000000", "price": "0.19114000", "time": "2025-07-15T15:37:32.590130Z", "fetched_at": "2025-07-15T15:39:32.687983+00:00", "symbol": "DOGE-USD"}, {"trade_id": 139135953, "side": "buy", "size": "2950.70000000", "price": "0.19111000", "time": "2025-07-15T15:37:31.931938Z", "fetched_at": "2025-07-15T15:39:32.687983+00:00", "symbol": "DOGE-USD"}, {"trade_id": 139135952, "side": "buy", "size": "2412.40000000", "price": "0.19112000", "time": "2025-07-15T15:37:31.931938Z", "fetched_at": "2025-07-15T15:39:32.687983+00:00", "symbol": "DOGE-USD"}, {"trade_id": 139135951, "side": "buy", "size": "1709.40000000", "price": "0.19112000", "time": "2025-07-15T15:37:31.931938Z", "fetched_at": "2025-07-15T15:39:32.687983+00:00", "symbol": "DOGE-USD"}, {"trade_id": 139135950, "side": "buy", "size": "5.80000000", "price": "0.19112000", "time": "2025-07-15T15:37:31.931938Z", "fetched_at": "2025-07-15T15:39:32.687983+00:00", "symbol": "DOGE-USD"}, {"trade_id": 139135949, "side": "buy", "size": "1686.40000000", "price": "0.19113000", "time": "2025-07-15T15:37:31.931938Z", "fetched_at": "2025-07-15T15:39:32.687983+00:00", "symbol": "DOGE-USD"}, {"trade_id": 139135948, "side": "buy", "size": "1472.10000000", "price": "0.19114000", "time": "2025-07-15T15:37:31.931938Z", "fetched_at": "2025-07-15T15:39:32.687983+00:00", "symbol": "DOGE-USD"}, {"trade_id": 139135947, "side": "buy", "size": "29.60000000", "price": "0.19114000", "time": "2025-07-15T15:37:31.931938Z", "fetched_at": "2025-07-15T15:39:32.687983+00:00", "symbol": "DOGE-USD"}, {"trade_id": 139135946, "side": "sell", "size": "5.10000000", "price": "0.19116000", "time": "2025-07-15T15:37:31.689901Z", "fetched_at": "2025-07-15T15:39:32.687983+00:00", "symbol": "DOGE-USD"}, {"trade_id": 139135945, "side": "sell", "size": "862.00000000", "price": "0.19117000", "time": "2025-07-15T15:37:28.428834Z", "fetched_at": "2025-07-15T15:39:32.687983+00:00", "symbol": "DOGE-USD"}, {"trade_id": 139135944, "side": "buy", "size": "126.10000000", "price": "0.19118000", "time": "2025-07-15T15:37:26.418881Z", "fetched_at": "2025-07-15T15:39:32.687983+00:00", "symbol": "DOGE-USD"}, {"trade_id": 139135943, "side": "buy", "size": "1420.70000000", "price": "0.19118000", "time": "2025-07-15T15:37:19.507167Z", "fetched_at": "2025-07-15T15:39:32.687983+00:00", "symbol": "DOGE-USD"}, {"trade_id": 139135942, "side": "buy", "size": "43.90000000", "price": "0.19118000", "time": "2025-07-15T15:37:19.507167Z", "fetched_at": "2025-07-15T15:39:32.687983+00:00", "symbol": "DOGE-USD"}, {"trade_id": 139135941, "side": "buy", "size": "183.00000000", "price": "0.19119000", "time": "2025-07-15T15:37:19.507167Z", "fetched_at": "2025-07-15T15:39:32.687983+00:00", "symbol": "DOGE-USD"}, {"trade_id": 139135940, "side": "sell", "size": "5.80000000", "price": "0.19120000", "time": "2025-07-15T15:37:16.720765Z", "fetched_at": "2025-07-15T15:39:32.687983+00:00", "symbol": "DOGE-USD"}, {"trade_id": 139135939, "side": "sell", "size": "862.00000000", "price": "0.19119000", "time": "2025-07-15T15:37:16.050175Z", "fetched_at": "2025-07-15T15:39:32.687983+00:00", "symbol": "DOGE-USD"}, {"trade_id": 139135938, "side": "sell", "size": "5.80000000", "price": "0.19116000", "time": "2025-07-15T15:37:13.781297Z", "fetched_at": "2025-07-15T15:39:32.687983+00:00", "symbol": "DOGE-USD"}, {"trade_id": 139135937, "side": "sell", "size": "5.80000000", "price": "0.19112000", "time": "2025-07-15T15:37:10.735136Z", "fetched_at": "2025-07-15T15:39:32.687983+00:00", "symbol": "DOGE-USD"}, {"trade_id": 139135936, "side": "buy", "size": "2970.80000000", "price": "0.19107000", "time": "2025-07-15T15:37:09.125462Z", "fetched_at": "2025-07-15T15:39:32.687983+00:00", "symbol": "DOGE-USD"}, {"trade_id": 139135935, "side": "buy", "size": "1832.90000000", "price": "0.19107000", "time": "2025-07-15T15:37:09.125462Z", "fetched_at": "2025-07-15T15:39:32.687983+00:00", "symbol": "DOGE-USD"}, {"trade_id": 139135934, "side": "buy", "size": "1709.40000000", "price": "0.19107000", "time": "2025-07-15T15:37:09.125462Z", "fetched_at": "2025-07-15T15:39:32.687983+00:00", "symbol": "DOGE-USD"}, {"trade_id": 139135933, "side": "buy", "size": "1550.90000000", "price": "0.19107000", "time": "2025-07-15T15:37:09.125462Z", "fetched_at": "2025-07-15T15:39:32.687983+00:00", "symbol": "DOGE-USD"}, {"trade_id": 139135932, "side": "buy", "size": "1394.30000000", "price": "0.19109000", "time": "2025-07-15T15:37:09.125462Z", "fetched_at": "2025-07-15T15:39:32.687983+00:00", "symbol": "DOGE-USD"}, {"trade_id": 139135931, "side": "buy", "size": "22.20000000", "price": "0.19110000", "time": "2025-07-15T15:37:09.125462Z", "fetched_at": "2025-07-15T15:39:32.687983+00:00", "symbol": "DOGE-USD"}, {"trade_id": 139135930, "side": "sell", "size": "5.80000000", "price": "0.19108000", "time": "2025-07-15T15:37:08.848202Z", "fetched_at": "2025-07-15T15:39:32.687983+00:00", "symbol": "DOGE-USD"}, {"trade_id": 139135929, "side": "sell", "size": "5.80000000", "price": "0.19106000", "time": "2025-07-15T15:37:08.668747Z", "fetched_at": "2025-07-15T15:39:32.687983+00:00", "symbol": "DOGE-USD"}, {"trade_id": 139135928, "side": "sell", "size": "5.80000000", "price": "0.19104000", "time": "2025-07-15T15:37:08.600557Z", "fetched_at": "2025-07-15T15:39:32.687983+00:00", "symbol": "DOGE-USD"}, {"trade_id": 139135927, "side": "sell", "size": "13.70000000", "price": "0.19103000", "time": "2025-07-15T15:37:06.027069Z", "fetched_at": "2025-07-15T15:39:32.687983+00:00", "symbol": "DOGE-USD"}, {"trade_id": 139135926, "side": "sell", "size": "93.70000000", "price": "0.19099000", "time": "2025-07-15T15:37:04.918257Z", "fetched_at": "2025-07-15T15:39:32.687983+00:00", "symbol": "DOGE-USD"}, {"trade_id": 139135925, "side": "sell", "size": "93.80000000", "price": "0.19099000", "time": "2025-07-15T15:37:04.918257Z", "fetched_at": "2025-07-15T15:39:32.687983+00:00", "symbol": "DOGE-USD"}, {"trade_id": 139135924, "side": "buy", "size": "5.80000000", "price": "0.19100000", "time": "2025-07-15T15:37:03.916600Z", "fetched_at": "2025-07-15T15:39:32.687983+00:00", "symbol": "DOGE-USD"}, {"trade_id": 139135923, "side": "buy", "size": "1802.90000000", "price": "0.19101000", "time": "2025-07-15T15:37:02.946341Z", "fetched_at": "2025-07-15T15:39:32.687983+00:00", "symbol": "DOGE-USD"}, {"trade_id": 139135922, "side": "buy", "size": "1316.90000000", "price": "0.19102000", "time": "2025-07-15T15:37:02.946341Z", "fetched_at": "2025-07-15T15:39:32.687983+00:00", "symbol": "DOGE-USD"}, {"trade_id": 139135921, "side": "buy", "size": "5.80000000", "price": "0.19102000", "time": "2025-07-15T15:37:02.946341Z", "fetched_at": "2025-07-15T15:39:32.687983+00:00", "symbol": "DOGE-USD"}, {"trade_id": 139135920, "side": "buy", "size": "22.30000000", "price": "0.19103000", "time": "2025-07-15T15:37:02.946341Z", "fetched_at": "2025-07-15T15:39:32.687983+00:00", "symbol": "DOGE-USD"}, {"trade_id": 139135919, "side": "buy", "size": "5.80000000", "price": "0.19104000", "time": "2025-07-15T15:37:02.874789Z", "fetched_at": "2025-07-15T15:39:32.687983+00:00", "symbol": "DOGE-USD"}, {"trade_id": 139135918, "side": "buy", "size": "22.30000000", "price": "0.19105000", "time": "2025-07-15T15:37:02.874789Z", "fetched_at": "2025-07-15T15:39:32.687983+00:00", "symbol": "DOGE-USD"}, {"trade_id": 139135917, "side": "buy", "size": "5.80000000", "price": "0.19106000", "time": "2025-07-15T15:37:01.842753Z", "fetched_at": "2025-07-15T15:39:32.687983+00:00", "symbol": "DOGE-USD"}, {"trade_id": 139135916, "side": "buy", "size": "30.30000000", "price": "0.19107000", "time": "2025-07-15T15:37:01.842753Z", "fetched_at": "2025-07-15T15:39:32.687983+00:00", "symbol": "DOGE-USD"}, {"trade_id": 139135915, "side": "buy", "size": "5.80000000", "price": "0.19108000", "time": "2025-07-15T15:37:01.842753Z", "fetched_at": "2025-07-15T15:39:32.687983+00:00", "symbol": "DOGE-USD"}, {"trade_id": 139135914, "side": "buy", "size": "5.80000000", "price": "0.19110000", "time": "2025-07-15T15:37:01.842753Z", "fetched_at": "2025-07-15T15:39:32.687983+00:00", "symbol": "DOGE-USD"}, {"trade_id": 139135913, "side": "buy", "size": "1427.70000000", "price": "0.19111000", "time": "2025-07-15T15:37:01.660773Z", "fetched_at": "2025-07-15T15:39:32.687983+00:00", "symbol": "DOGE-USD"}, {"trade_id": 139135912, "side": "buy", "size": "1678.80000000", "price": "0.19112000", "time": "2025-07-15T15:37:01.660773Z", "fetched_at": "2025-07-15T15:39:32.687983+00:00", "symbol": "DOGE-USD"}, {"trade_id": 139135911, "side": "buy", "size": "32.00000000", "price": "0.19113000", "time": "2025-07-15T15:37:01.660773Z", "fetched_at": "2025-07-15T15:39:32.687983+00:00", "symbol": "DOGE-USD"}, {"trade_id": 139135910, "side": "buy", "size": "20140.50000000", "price": "0.19111000", "time": "2025-07-15T15:37:01.656013Z", "fetched_at": "2025-07-15T15:39:32.687983+00:00", "symbol": "DOGE-USD"}, {"trade_id": 139135909, "side": "buy", "size": "2770.60000000", "price": "0.19111000", "time": "2025-07-15T15:37:01.656013Z", "fetched_at": "2025-07-15T15:39:32.687983+00:00", "symbol": "DOGE-USD"}, {"trade_id": 139135908, "side": "buy", "size": "1678.80000000", "price": "0.19111000", "time": "2025-07-15T15:37:01.656013Z", "fetched_at": "2025-07-15T15:39:32.687983+00:00", "symbol": "DOGE-USD"}, {"trade_id": 139135907, "side": "buy", "size": "10405.50000000", "price": "0.19112000", "time": "2025-07-15T15:37:01.650408Z", "fetched_at": "2025-07-15T15:39:32.687983+00:00", "symbol": "DOGE-USD"}, {"trade_id": 139135906, "side": "buy", "size": "1678.80000000", "price": "0.19112000", "time": "2025-07-15T15:37:01.650408Z", "fetched_at": "2025-07-15T15:39:32.687983+00:00", "symbol": "DOGE-USD"}, {"trade_id": 139135905, "side": "buy", "size": "5.80000000", "price": "0.19112000", "time": "2025-07-15T15:37:01.650408Z", "fetched_at": "2025-07-15T15:39:32.687983+00:00", "symbol": "DOGE-USD"}, {"trade_id": 139135904, "side": "buy", "size": "32.00000000", "price": "0.19113000", "time": "2025-07-15T15:37:01.650408Z", "fetched_at": "2025-07-15T15:39:32.687983+00:00", "symbol": "DOGE-USD"}, {"trade_id": 139135903, "side": "buy", "size": "5.80000000", "price": "0.19114000", "time": "2025-07-15T15:37:01.650408Z", "fetched_at": "2025-07-15T15:39:32.687983+00:00", "symbol": "DOGE-USD"}, {"trade_id": 139135902, "side": "buy", "size": "25.80000000", "price": "0.19114000", "time": "2025-07-15T15:37:01.650408Z", "fetched_at": "2025-07-15T15:39:32.687983+00:00", "symbol": "DOGE-USD"}, {"trade_id": 139135901, "side": "sell", "size": "862.00000000", "price": "0.19118000", "time": "2025-07-15T15:36:59.993288Z", "fetched_at": "2025-07-15T15:39:32.687983+00:00", "symbol": "DOGE-USD"}, {"trade_id": 139135900, "side": "buy", "size": "761.00000000", "price": "0.19116000", "time": "2025-07-15T15:36:58.414440Z", "fetched_at": "2025-07-15T15:39:32.687983+00:00", "symbol": "DOGE-USD"}, {"trade_id": 139135899, "side": "buy", "size": "5.80000000", "price": "0.19116000", "time": "2025-07-15T15:36:58.414440Z", "fetched_at": "2025-07-15T15:39:32.687983+00:00", "symbol": "DOGE-USD"}, {"trade_id": 139135898, "side": "buy", "size": "33.20000000", "price": "0.19117000", "time": "2025-07-15T15:36:58.414440Z", "fetched_at": "2025-07-15T15:39:32.687983+00:00", "symbol": "DOGE-USD"}, {"trade_id": 139135897, "side": "sell", "size": "862.00000000", "price": "0.19118000", "time": "2025-07-15T15:36:50.836343Z", "fetched_at": "2025-07-15T15:39:32.687983+00:00", "symbol": "DOGE-USD"}, {"trade_id": 139135896, "side": "sell", "size": "148.90000000", "price": "0.19122000", "time": "2025-07-15T15:36:49.245628Z", "fetched_at": "2025-07-15T15:39:32.687983+00:00", "symbol": "DOGE-USD"}, {"trade_id": 139135895, "side": "sell", "size": "5.80000000", "price": "0.19122000", "time": "2025-07-15T15:36:49.245628Z", "fetched_at": "2025-07-15T15:39:32.687983+00:00", "symbol": "DOGE-USD"}, {"trade_id": 139135894, "side": "sell", "size": "862.00000000", "price": "0.19121000", "time": "2025-07-15T15:36:49.245628Z", "fetched_at": "2025-07-15T15:39:32.687983+00:00", "symbol": "DOGE-USD"}, {"trade_id": 139135893, "side": "sell", "size": "58.70000000", "price": "0.19119000", "time": "2025-07-15T15:36:47.764099Z", "fetched_at": "2025-07-15T15:39:32.687983+00:00", "symbol": "DOGE-USD"}, {"trade_id": 139135892, "side": "sell", "size": "20179.50000000", "price": "0.19120000", "time": "2025-07-15T15:36:47.749003Z", "fetched_at": "2025-07-15T15:39:32.687983+00:00", "symbol": "DOGE-USD"}, {"trade_id": 139135891, "side": "sell", "size": "5.80000000", "price": "0.19120000", "time": "2025-07-15T15:36:47.749003Z", "fetched_at": "2025-07-15T15:39:32.687983+00:00", "symbol": "DOGE-USD"}, {"trade_id": 139135890, "side": "sell", "size": "58.70000000", "price": "0.19119000", "time": "2025-07-15T15:36:47.749003Z", "fetched_at": "2025-07-15T15:39:32.687983+00:00", "symbol": "DOGE-USD"}, {"trade_id": 139135889, "side": "sell", "size": "5.80000000", "price": "0.19118000", "time": "2025-07-15T15:36:47.746851Z", "fetched_at": "2025-07-15T15:39:32.687983+00:00", "symbol": "DOGE-USD"}, {"trade_id": 139135888, "side": "sell", "size": "248.10000000", "price": "0.19117000", "time": "2025-07-15T15:36:45.063032Z", "fetched_at": "2025-07-15T15:39:32.687983+00:00", "symbol": "DOGE-USD"}, {"trade_id": 139135887, "side": "buy", "size": "0.40000000", "price": "0.19114000", "time": "2025-07-15T15:36:37.551282Z", "fetched_at": "2025-07-15T15:39:32.687983+00:00", "symbol": "DOGE-USD"}, {"trade_id": 139135886, "side": "sell", "size": "149.60000000", "price": "0.19116000", "time": "2025-07-15T15:36:37.535761Z", "fetched_at": "2025-07-15T15:39:32.687983+00:00", "symbol": "DOGE-USD"}, {"trade_id": 139135885, "side": "sell", "size": "5.80000000", "price": "0.19116000", "time": "2025-07-15T15:36:37.535761Z", "fetched_at": "2025-07-15T15:39:32.687983+00:00", "symbol": "DOGE-USD"}, {"trade_id": 139135884, "side": "sell", "size": "2000.00000000", "price": "0.19115000", "time": "2025-07-15T15:36:35.540872Z", "fetched_at": "2025-07-15T15:39:32.687983+00:00", "symbol": "DOGE-USD"}, {"trade_id": 139135883, "side": "buy", "size": "5.80000000", "price": "0.19112000", "time": "2025-07-15T15:36:30.743393Z", "fetched_at": "2025-07-15T15:39:32.687983+00:00", "symbol": "DOGE-USD"}, {"trade_id": 139135882, "side": "sell", "size": "5.80000000", "price": "0.19116000", "time": "2025-07-15T15:36:25.307661Z", "fetched_at": "2025-07-15T15:39:32.687983+00:00", "symbol": "DOGE-USD"}, {"trade_id": 139135881, "side": "buy", "size": "961.20000000", "price": "0.19113000", "time": "2025-07-15T15:36:24.552314Z", "fetched_at": "2025-07-15T15:39:32.687983+00:00", "symbol": "DOGE-USD"}, {"trade_id": 139135880, "side": "buy", "size": "38.80000000", "price": "0.19114000", "time": "2025-07-15T15:36:24.552314Z", "fetched_at": "2025-07-15T15:39:32.687983+00:00", "symbol": "DOGE-USD"}, {"trade_id": 139135879, "side": "buy", "size": "376.30000000", "price": "0.19111000", "time": "2025-07-15T15:36:21.133459Z", "fetched_at": "2025-07-15T15:39:32.687983+00:00", "symbol": "DOGE-USD"}, {"trade_id": 139135878, "side": "buy", "size": "12.10000000", "price": "0.19113000", "time": "2025-07-15T15:36:21.133459Z", "fetched_at": "2025-07-15T15:39:32.687983+00:00", "symbol": "DOGE-USD"}, {"trade_id": 139135877, "side": "sell", "size": "5.80000000", "price": "0.19114000", "time": "2025-07-15T15:36:20.482836Z", "fetched_at": "2025-07-15T15:39:32.687983+00:00", "symbol": "DOGE-USD"}, {"trade_id": 139135876, "side": "sell", "size": "2.60000000", "price": "0.19113000", "time": "2025-07-15T15:36:20.482836Z", "fetched_at": "2025-07-15T15:39:32.687983+00:00", "symbol": "DOGE-USD"}, {"trade_id": 139135875, "side": "buy", "size": "690.90000000", "price": "0.19112000", "time": "2025-07-15T15:36:20.393109Z", "fetched_at": "2025-07-15T15:39:32.687983+00:00", "symbol": "DOGE-USD"}, {"trade_id": 139135874, "side": "buy", "size": "183.00000000", "price": "0.19112000", "time": "2025-07-15T15:36:20.393109Z", "fetched_at": "2025-07-15T15:39:32.687983+00:00", "symbol": "DOGE-USD"}, {"trade_id": 139135873, "side": "buy", "size": "1047.20000000", "price": "0.19109000", "time": "2025-07-15T15:36:17.594662Z", "fetched_at": "2025-07-15T15:39:32.687983+00:00", "symbol": "DOGE-USD"}, {"trade_id": 139135872, "side": "buy", "size": "3863.70000000", "price": "0.19109000", "time": "2025-07-15T15:36:15.874663Z", "fetched_at": "2025-07-15T15:39:32.687983+00:00", "symbol": "DOGE-USD"}, {"trade_id": 139135871, "side": "buy", "size": "500.00000000", "price": "0.19109000", "time": "2025-07-15T15:36:15.874663Z", "fetched_at": "2025-07-15T15:39:32.687983+00:00", "symbol": "DOGE-USD"}, {"trade_id": 139135870, "side": "buy", "size": "2885.00000000", "price": "0.19110000", "time": "2025-07-15T15:36:15.874663Z", "fetched_at": "2025-07-15T15:39:32.687983+00:00", "symbol": "DOGE-USD"}, {"trade_id": 139135869, "side": "buy", "size": "5.80000000", "price": "0.19110000", "time": "2025-07-15T15:36:15.874663Z", "fetched_at": "2025-07-15T15:39:32.687983+00:00", "symbol": "DOGE-USD"}, {"trade_id": 139135868, "side": "buy", "size": "1478.40000000", "price": "0.19112000", "time": "2025-07-15T15:36:15.874663Z", "fetched_at": "2025-07-15T15:39:32.687983+00:00", "symbol": "DOGE-USD"}, {"trade_id": 139135867, "side": "buy", "size": "560.10000000", "price": "0.19112000", "time": "2025-07-15T15:36:15.874663Z", "fetched_at": "2025-07-15T15:39:32.687983+00:00", "symbol": "DOGE-USD"}, {"trade_id": 139135866, "side": "buy", "size": "16.40000000", "price": "0.19113000", "time": "2025-07-15T15:36:15.874663Z", "fetched_at": "2025-07-15T15:39:32.687983+00:00", "symbol": "DOGE-USD"}, {"trade_id": 139135865, "side": "sell", "size": "123.50000000", "price": "0.19117000", "time": "2025-07-15T15:36:14.479835Z", "fetched_at": "2025-07-15T15:39:32.687983+00:00", "symbol": "DOGE-USD"}, {"trade_id": 139135864, "side": "sell", "size": "5.80000000", "price": "0.19116000", "time": "2025-07-15T15:36:14.479835Z", "fetched_at": "2025-07-15T15:39:32.687983+00:00", "symbol": "DOGE-USD"}, {"trade_id": 139135863, "side": "buy", "size": "15.20000000", "price": "0.19114000", "time": "2025-07-15T15:36:13.862360Z", "fetched_at": "2025-07-15T15:39:32.687983+00:00", "symbol": "DOGE-USD"}, {"trade_id": 139135862, "side": "buy", "size": "1272.40000000", "price": "0.19112000", "time": "2025-07-15T15:36:13.805412Z", "fetched_at": "2025-07-15T15:39:32.687983+00:00", "symbol": "DOGE-USD"}, {"trade_id": 139135861, "side": "buy", "size": "15.30000000", "price": "0.19113000", "time": "2025-07-15T15:36:13.805412Z", "fetched_at": "2025-07-15T15:39:32.687983+00:00", "symbol": "DOGE-USD"}, {"trade_id": 139135860, "side": "buy", "size": "1588.90000000", "price": "0.19115000", "time": "2025-07-15T15:36:13.805412Z", "fetched_at": "2025-07-15T15:39:32.687983+00:00", "symbol": "DOGE-USD"}, {"trade_id": 139135859, "side": "sell", "size": "5.80000000", "price": "0.19114000", "time": "2025-07-15T15:36:13.417432Z", "fetched_at": "2025-07-15T15:39:32.687983+00:00", "symbol": "DOGE-USD"}, {"trade_id": 139135858, "side": "sell", "size": "5.80000000", "price": "0.19112000", "time": "2025-07-15T15:36:12.046735Z", "fetched_at": "2025-07-15T15:39:32.687983+00:00", "symbol": "DOGE-USD"}, {"trade_id": 139135857, "side": "sell", "size": "58.70000000", "price": "0.19109000", "time": "2025-07-15T15:36:11.769610Z", "fetched_at": "2025-07-15T15:39:32.687983+00:00", "symbol": "DOGE-USD"}, {"trade_id": 139135856, "side": "sell", "size": "58.70000000", "price": "0.19107000", "time": "2025-07-15T15:36:11.680418Z", "fetched_at": "2025-07-15T15:39:32.687983+00:00", "symbol": "DOGE-USD"}, {"trade_id": 139135855, "side": "sell", "size": "790.10000000", "price": "0.19107000", "time": "2025-07-15T15:36:11.680418Z", "fetched_at": "2025-07-15T15:39:32.687983+00:00", "symbol": "DOGE-USD"}, {"trade_id": 139135854, "side": "sell", "size": "187.50000000", "price": "0.19107000", "time": "2025-07-15T15:36:11.680418Z", "fetched_at": "2025-07-15T15:39:32.687983+00:00", "symbol": "DOGE-USD"}, {"trade_id": 139135853, "side": "sell", "size": "314.90000000", "price": "0.19107000", "time": "2025-07-15T15:36:11.680418Z", "fetched_at": "2025-07-15T15:39:32.687983+00:00", "symbol": "DOGE-USD"}, {"trade_id": 139135852, "side": "sell", "size": "183.00000000", "price": "0.19107000", "time": "2025-07-15T15:36:11.680418Z", "fetched_at": "2025-07-15T15:39:32.687983+00:00", "symbol": "DOGE-USD"}, {"trade_id": 139135851, "side": "sell", "size": "187.50000000", "price": "0.19107000", "time": "2025-07-15T15:36:11.680418Z", "fetched_at": "2025-07-15T15:39:32.687983+00:00", "symbol": "DOGE-USD"}, {"trade_id": 139135850, "side": "buy", "size": "5.80000000", "price": "0.19108000", "time": "2025-07-15T15:36:11.627090Z", "fetched_at": "2025-07-15T15:39:32.687983+00:00", "symbol": "DOGE-USD"}, {"trade_id": 139135849, "side": "sell", "size": "777.40000000", "price": "0.19112000", "time": "2025-07-15T15:36:08.285131Z", "fetched_at": "2025-07-15T15:39:32.687983+00:00", "symbol": "DOGE-USD"}, {"trade_id": 139135848, "side": "sell", "size": "5.80000000", "price": "0.19112000", "time": "2025-07-15T15:36:02.128902Z", "fetched_at": "2025-07-15T15:39:32.687983+00:00", "symbol": "DOGE-USD"}, {"trade_id": 139135847, "side": "sell", "size": "5.80000000", "price": "0.19108000", "time": "2025-07-15T15:36:01.796310Z", "fetched_at": "2025-07-15T15:39:32.687983+00:00", "symbol": "DOGE-USD"}, {"trade_id": 139135846, "side": "sell", "size": "5.80000000", "price": "0.19106000", "time": "2025-07-15T15:36:01.776798Z", "fetched_at": "2025-07-15T15:39:32.687983+00:00", "symbol": "DOGE-USD"}, {"trade_id": 139135845, "side": "buy", "size": "52.30000000", "price": "0.19105000", "time": "2025-07-15T15:36:01.764297Z", "fetched_at": "2025-07-15T15:39:32.687983+00:00", "symbol": "DOGE-USD"}, {"trade_id": 139135844, "side": "sell", "size": "5.80000000", "price": "0.19104000", "time": "2025-07-15T15:36:01.651384Z", "fetched_at": "2025-07-15T15:39:32.687983+00:00", "symbol": "DOGE-USD"}, {"trade_id": 139135843, "side": "buy", "size": "690.30000000", "price": "0.19102000", "time": "2025-07-15T15:36:01.640266Z", "fetched_at": "2025-07-15T15:39:32.687983+00:00", "symbol": "DOGE-USD"}, {"trade_id": 139135842, "side": "buy", "size": "500.00000000", "price": "0.19102000", "time": "2025-07-15T15:36:01.640266Z", "fetched_at": "2025-07-15T15:39:32.687983+00:00", "symbol": "DOGE-USD"}, {"trade_id": 139135841, "side": "buy", "size": "20.80000000", "price": "0.19103000", "time": "2025-07-15T15:36:01.640266Z", "fetched_at": "2025-07-15T15:39:32.687983+00:00", "symbol": "DOGE-USD"}, {"trade_id": 139135840, "side": "buy", "size": "183.00000000", "price": "0.19103000", "time": "2025-07-15T15:36:01.640266Z", "fetched_at": "2025-07-15T15:39:32.687983+00:00", "symbol": "DOGE-USD"}, {"trade_id": 139135839, "side": "sell", "size": "2.60000000", "price": "0.19101000", "time": "2025-07-15T15:36:01.560553Z", "fetched_at": "2025-07-15T15:39:32.687983+00:00", "symbol": "DOGE-USD"}, {"trade_id": 139135838, "side": "sell", "size": "50.00000000", "price": "0.19099000", "time": "2025-07-15T15:35:58.552724Z", "fetched_at": "2025-07-15T15:39:32.687983+00:00", "symbol": "DOGE-USD"}, {"trade_id": 139135837, "side": "sell", "size": "183.00000000", "price": "0.19099000", "time": "2025-07-15T15:35:58.552724Z", "fetched_at": "2025-07-15T15:39:32.687983+00:00", "symbol": "DOGE-USD"}, {"trade_id": 139135836, "side": "buy", "size": "5.80000000", "price": "0.19100000", "time": "2025-07-15T15:35:58.500309Z", "fetched_at": "2025-07-15T15:39:32.687983+00:00", "symbol": "DOGE-USD"}, {"trade_id": 139135835, "side": "buy", "size": "5.80000000", "price": "0.19102000", "time": "2025-07-15T15:35:58.263513Z", "fetched_at": "2025-07-15T15:39:32.687983+00:00", "symbol": "DOGE-USD"}, {"trade_id": 139135834, "side": "buy", "size": "4114.50000000", "price": "0.19104000", "time": "2025-07-15T15:35:55.264842Z", "fetched_at": "2025-07-15T15:39:32.687983+00:00", "symbol": "DOGE-USD"}, {"trade_id": 139135833, "side": "buy", "size": "5.80000000", "price": "0.19104000", "time": "2025-07-15T15:35:55.264842Z", "fetched_at": "2025-07-15T15:39:32.687983+00:00", "symbol": "DOGE-USD"}, {"trade_id": 139135832, "side": "buy", "size": "31.70000000", "price": "0.19105000", "time": "2025-07-15T15:35:55.264842Z", "fetched_at": "2025-07-15T15:39:32.687983+00:00", "symbol": "DOGE-USD"}, {"trade_id": 139135831, "side": "buy", "size": "5.80000000", "price": "0.19106000", "time": "2025-07-15T15:35:55.264842Z", "fetched_at": "2025-07-15T15:39:32.687983+00:00", "symbol": "DOGE-USD"}, {"trade_id": 139135830, "side": "buy", "size": "332.80000000", "price": "0.19108000", "time": "2025-07-15T15:35:53.856892Z", "fetched_at": "2025-07-15T15:39:32.687983+00:00", "symbol": "DOGE-USD"}, {"trade_id": 139135829, "side": "buy", "size": "5.80000000", "price": "0.19108000", "time": "2025-07-15T15:35:53.856892Z", "fetched_at": "2025-07-15T15:39:32.687983+00:00", "symbol": "DOGE-USD"}, {"trade_id": 139135828, "side": "buy", "size": "5.80000000", "price": "0.19110000", "time": "2025-07-15T15:35:53.833314Z", "fetched_at": "2025-07-15T15:39:32.687983+00:00", "symbol": "DOGE-USD"}, {"trade_id": 139135827, "side": "buy", "size": "5.80000000", "price": "0.19112000", "time": "2025-07-15T15:35:50.721794Z", "fetched_at": "2025-07-15T15:39:32.687983+00:00", "symbol": "DOGE-USD"}, {"trade_id": 139135826, "side": "buy", "size": "36.50000000", "price": "0.19113000", "time": "2025-07-15T15:35:50.721794Z", "fetched_at": "2025-07-15T15:39:32.687983+00:00", "symbol": "DOGE-USD"}, {"trade_id": 139135825, "side": "buy", "size": "5.80000000", "price": "0.19114000", "time": "2025-07-15T15:35:50.721794Z", "fetched_at": "2025-07-15T15:39:32.687983+00:00", "symbol": "DOGE-USD"}, {"trade_id": 139135824, "side": "sell", "size": "25.90000000", "price": "0.19115000", "time": "2025-07-15T15:35:50.351952Z", "fetched_at": "2025-07-15T15:39:32.687983+00:00", "symbol": "DOGE-USD"}, {"trade_id": 139135823, "side": "buy", "size": "4195.70000000", "price": "0.19116000", "time": "2025-07-15T15:35:47.842852Z", "fetched_at": "2025-07-15T15:39:32.687983+00:00", "symbol": "DOGE-USD"}, {"trade_id": 139135822, "side": "buy", "size": "5.80000000", "price": "0.19116000", "time": "2025-07-15T15:35:47.842852Z", "fetched_at": "2025-07-15T15:39:32.687983+00:00", "symbol": "DOGE-USD"}, {"trade_id": 139135821, "side": "buy", "size": "31.10000000", "price": "0.19117000", "time": "2025-07-15T15:35:47.842852Z", "fetched_at": "2025-07-15T15:39:32.687983+00:00", "symbol": "DOGE-USD"}, {"trade_id": 139135820, "side": "buy", "size": "4257.10000000", "price": "0.19120000", "time": "2025-07-15T15:35:46.751971Z", "fetched_at": "2025-07-15T15:39:32.687983+00:00", "symbol": "DOGE-USD"}, {"trade_id": 139135819, "side": "buy", "size": "38.20000000", "price": "0.19121000", "time": "2025-07-15T15:35:46.751971Z", "fetched_at": "2025-07-15T15:39:32.687983+00:00", "symbol": "DOGE-USD"}, {"trade_id": 139135818, "side": "sell", "size": "25.90000000", "price": "0.19119000", "time": "2025-07-15T15:35:42.983315Z", "fetched_at": "2025-07-15T15:39:32.687983+00:00", "symbol": "DOGE-USD"}, {"trade_id": 139135817, "side": "sell", "size": "5.80000000", "price": "0.19120000", "time": "2025-07-15T15:35:40.641162Z", "fetched_at": "2025-07-15T15:39:32.687983+00:00", "symbol": "DOGE-USD"}, {"trade_id": 139135816, "side": "sell", "size": "5.80000000", "price": "0.19118000", "time": "2025-07-15T15:35:40.514763Z", "fetched_at": "2025-07-15T15:39:32.687983+00:00", "symbol": "DOGE-USD"}, {"trade_id": 139135815, "side": "sell", "size": "2.60000000", "price": "0.19116000", "time": "2025-07-15T15:35:40.066352Z", "fetched_at": "2025-07-15T15:39:32.687983+00:00", "symbol": "DOGE-USD"}, {"trade_id": 139135814, "side": "sell", "size": "750.00000000", "price": "0.19113000", "time": "2025-07-15T15:35:39.754679Z", "fetched_at": "2025-07-15T15:39:32.687983+00:00", "symbol": "DOGE-USD"}, {"trade_id": 139135813, "side": "sell", "size": "862.20000000", "price": "0.19112000", "time": "2025-07-15T15:35:39.754679Z", "fetched_at": "2025-07-15T15:39:32.687983+00:00", "symbol": "DOGE-USD"}, {"trade_id": 139135812, "side": "buy", "size": "2000.00000000", "price": "0.19114000", "time": "2025-07-15T15:35:39.111924Z", "fetched_at": "2025-07-15T15:39:32.687983+00:00", "symbol": "DOGE-USD"}, {"trade_id": 139135811, "side": "buy", "size": "34.70000000", "price": "0.19115000", "time": "2025-07-15T15:35:39.111924Z", "fetched_at": "2025-07-15T15:39:32.687983+00:00", "symbol": "DOGE-USD"}, {"trade_id": 139135810, "side": "buy", "size": "149.90000000", "price": "0.19115000", "time": "2025-07-15T15:35:38.350185Z", "fetched_at": "2025-07-15T15:39:32.687983+00:00", "symbol": "DOGE-USD"}, {"trade_id": 139135809, "side": "buy", "size": "183.00000000", "price": "0.19115000", "time": "2025-07-15T15:35:38.350185Z", "fetched_at": "2025-07-15T15:39:32.687983+00:00", "symbol": "DOGE-USD"}, {"trade_id": 139135808, "side": "buy", "size": "36.00000000", "price": "0.19115000", "time": "2025-07-15T15:35:38.350185Z", "fetched_at": "2025-07-15T15:39:32.687983+00:00", "symbol": "DOGE-USD"}, {"trade_id": 139135807, "side": "sell", "size": "5.80000000", "price": "0.19116000", "time": "2025-07-15T15:35:35.253952Z", "fetched_at": "2025-07-15T15:39:32.687983+00:00", "symbol": "DOGE-USD"}, {"trade_id": 139135806, "side": "sell", "size": "5.80000000", "price": "0.19114000", "time": "2025-07-15T15:35:35.117522Z", "fetched_at": "2025-07-15T15:39:32.687983+00:00", "symbol": "DOGE-USD"}, {"trade_id": 139135805, "side": "sell", "size": "3023.00000000", "price": "0.19112000", "time": "2025-07-15T15:35:32.428360Z", "fetched_at": "2025-07-15T15:39:32.687983+00:00", "symbol": "DOGE-USD"}, {"trade_id": 139135804, "side": "sell", "size": "5759.50000000", "price": "0.19112000", "time": "2025-07-15T15:35:32.428360Z", "fetched_at": "2025-07-15T15:39:32.687983+00:00", "symbol": "DOGE-USD"}, {"trade_id": 139135803, "side": "sell", "size": "5.80000000", "price": "0.19112000", "time": "2025-07-15T15:35:32.428360Z", "fetched_at": "2025-07-15T15:39:32.687983+00:00", "symbol": "DOGE-USD"}, {"trade_id": 139135802, "side": "sell", "size": "58.70000000", "price": "0.19111000", "time": "2025-07-15T15:35:32.428360Z", "fetched_at": "2025-07-15T15:39:32.687983+00:00", "symbol": "DOGE-USD"}, {"trade_id": 139135801, "side": "sell", "size": "862.20000000", "price": "0.19110000", "time": "2025-07-15T15:35:32.428360Z", "fetched_at": "2025-07-15T15:39:32.687983+00:00", "symbol": "DOGE-USD"}, {"trade_id": 139135800, "side": "buy", "size": "56.30000000", "price": "0.19109000", "time": "2025-07-15T15:35:31.833286Z", "fetched_at": "2025-07-15T15:39:32.687983+00:00", "symbol": "DOGE-USD"}, {"trade_id": 139135799, "side": "buy", "size": "42.30000000", "price": "0.19110000", "time": "2025-07-15T15:35:31.833286Z", "fetched_at": "2025-07-15T15:39:32.687983+00:00", "symbol": "DOGE-USD"}, {"trade_id": 139135798, "side": "buy", "size": "5.80000000", "price": "0.19108000", "time": "2025-07-15T15:35:28.697262Z", "fetched_at": "2025-07-15T15:39:32.687983+00:00", "symbol": "DOGE-USD"}, {"trade_id": 139135797, "side": "buy", "size": "33.50000000", "price": "0.19108000", "time": "2025-07-15T15:35:28.697262Z", "fetched_at": "2025-07-15T15:39:32.687983+00:00", "symbol": "DOGE-USD"}, {"trade_id": 139135796, "side": "buy", "size": "3368.90000000", "price": "0.19109000", "time": "2025-07-15T15:35:25.154591Z", "fetched_at": "2025-07-15T15:39:32.687983+00:00", "symbol": "DOGE-USD"}, {"trade_id": 139135795, "side": "buy", "size": "1577.40000000", "price": "0.19110000", "time": "2025-07-15T15:35:25.154591Z", "fetched_at": "2025-07-15T15:39:32.687983+00:00", "symbol": "DOGE-USD"}, {"trade_id": 139135794, "side": "buy", "size": "5.80000000", "price": "0.19110000", "time": "2025-07-15T15:35:25.154591Z", "fetched_at": "2025-07-15T15:39:32.687983+00:00", "symbol": "DOGE-USD"}, {"trade_id": 139135793, "side": "buy", "size": "47.90000000", "price": "0.19111000", "time": "2025-07-15T15:35:25.154591Z", "fetched_at": "2025-07-15T15:39:32.687983+00:00", "symbol": "DOGE-USD"}, {"trade_id": 139135792, "side": "sell", "size": "862.20000000", "price": "0.19114000", "time": "2025-07-15T15:35:22.291850Z", "fetched_at": "2025-07-15T15:39:32.687983+00:00", "symbol": "DOGE-USD"}, {"trade_id": 139135791, "side": "sell", "size": "5.80000000", "price": "0.19114000", "time": "2025-07-15T15:35:22.291850Z", "fetched_at": "2025-07-15T15:39:32.687983+00:00", "symbol": "DOGE-USD"}, {"trade_id": 139135790, "side": "sell", "size": "43.90000000", "price": "0.19112000", "time": "2025-07-15T15:35:18.267703Z", "fetched_at": "2025-07-15T15:39:32.687983+00:00", "symbol": "DOGE-USD"}, {"trade_id": 139135789, "side": "sell", "size": "5.80000000", "price": "0.19112000", "time": "2025-07-15T15:35:18.267703Z", "fetched_at": "2025-07-15T15:39:32.687983+00:00", "symbol": "DOGE-USD"}, {"trade_id": 139135788, "side": "sell", "size": "5.80000000", "price": "0.19108000", "time": "2025-07-15T15:35:15.491507Z", "fetched_at": "2025-07-15T15:39:32.687983+00:00", "symbol": "DOGE-USD"}, {"trade_id": 139135787, "side": "buy", "size": "6.10000000", "price": "0.19107000", "time": "2025-07-15T15:35:12.968894Z", "fetched_at": "2025-07-15T15:39:32.687983+00:00", "symbol": "DOGE-USD"}, {"trade_id": 139135786, "side": "sell", "size": "5.80000000", "price": "0.19104000", "time": "2025-07-15T15:35:10.165588Z", "fetched_at": "2025-07-15T15:39:32.687983+00:00", "symbol": "DOGE-USD"}, {"trade_id": 139135785, "side": "buy", "size": "81.20000000", "price": "0.19103000", "time": "2025-07-15T15:35:10.118281Z", "fetched_at": "2025-07-15T15:39:32.687983+00:00", "symbol": "DOGE-USD"}, {"trade_id": 139135784, "side": "buy", "size": "183.00000000", "price": "0.19103000", "time": "2025-07-15T15:35:10.118281Z", "fetched_at": "2025-07-15T15:39:32.687983+00:00", "symbol": "DOGE-USD"}, {"trade_id": 139135783, "side": "buy", "size": "12.90000000", "price": "0.19102000", "time": "2025-07-15T15:35:07.819158Z", "fetched_at": "2025-07-15T15:39:32.687983+00:00", "symbol": "DOGE-USD"}, {"trade_id": 139135782, "side": "buy", "size": "462.70000000", "price": "0.19093000", "time": "2025-07-15T15:35:03.791011Z", "fetched_at": "2025-07-15T15:39:32.687983+00:00", "symbol": "DOGE-USD"}, {"trade_id": 139135781, "side": "buy", "size": "44.00000000", "price": "0.19094000", "time": "2025-07-15T15:35:03.791011Z", "fetched_at": "2025-07-15T15:39:32.687983+00:00", "symbol": "DOGE-USD"}, {"trade_id": 139135780, "side": "buy", "size": "5.80000000", "price": "0.19094000", "time": "2025-07-15T15:35:03.791011Z", "fetched_at": "2025-07-15T15:39:32.687983+00:00", "symbol": "DOGE-USD"}, {"trade_id": 139135779, "side": "buy", "size": "5.80000000", "price": "0.19096000", "time": "2025-07-15T15:35:03.791011Z", "fetched_at": "2025-07-15T15:39:32.687983+00:00", "symbol": "DOGE-USD"}, {"trade_id": 139135778, "side": "sell", "size": "61.00000000", "price": "0.19098000", "time": "2025-07-15T15:35:03.675334Z", "fetched_at": "2025-07-15T15:39:32.687983+00:00", "symbol": "DOGE-USD"}, {"trade_id": 139135777, "side": "buy", "size": "5.80000000", "price": "0.19100000", "time": "2025-07-15T15:35:03.249730Z", "fetched_at": "2025-07-15T15:39:32.687983+00:00", "symbol": "DOGE-USD"}, {"trade_id": 139135776, "side": "buy", "size": "5.80000000", "price": "0.19102000", "time": "2025-07-15T15:35:03.177147Z", "fetched_at": "2025-07-15T15:39:32.687983+00:00", "symbol": "DOGE-USD"}, {"trade_id": 139135775, "side": "buy", "size": "5.80000000", "price": "0.19104000", "time": "2025-07-15T15:35:03.022664Z", "fetched_at": "2025-07-15T15:39:32.687983+00:00", "symbol": "DOGE-USD"}, {"trade_id": 139135774, "side": "buy", "size": "5.80000000", "price": "0.19106000", "time": "2025-07-15T15:35:02.981300Z", "fetched_at": "2025-07-15T15:39:32.687983+00:00", "symbol": "DOGE-USD"}, {"trade_id": 139135773, "side": "buy", "size": "58.70000000", "price": "0.19111000", "time": "2025-07-15T15:35:02.783817Z", "fetched_at": "2025-07-15T15:39:32.687983+00:00", "symbol": "DOGE-USD"}, {"trade_id": 139135772, "side": "buy", "size": "2000.00000000", "price": "0.19110000", "time": "2025-07-15T15:35:02.768002Z", "fetched_at": "2025-07-15T15:39:32.687983+00:00", "symbol": "DOGE-USD"}, {"trade_id": 139135771, "side": "buy", "size": "58.70000000", "price": "0.19111000", "time": "2025-07-15T15:35:02.768002Z", "fetched_at": "2025-07-15T15:39:32.687983+00:00", "symbol": "DOGE-USD"}, {"trade_id": 139135770, "side": "sell", "size": "5.80000000", "price": "0.19114000", "time": "2025-07-15T15:35:01.909471Z", "fetched_at": "2025-07-15T15:39:32.687983+00:00", "symbol": "DOGE-USD"}, {"trade_id": 139135769, "side": "sell", "size": "2.60000000", "price": "0.19109000", "time": "2025-07-15T15:35:01.679408Z", "fetched_at": "2025-07-15T15:39:32.687983+00:00", "symbol": "DOGE-USD"}, {"trade_id": 139135768, "side": "sell", "size": "5.80000000", "price": "0.19112000", "time": "2025-07-15T15:34:50.200268Z", "fetched_at": "2025-07-15T15:39:32.687983+00:00", "symbol": "DOGE-USD"}, {"trade_id": 139135767, "side": "sell", "size": "1075.30000000", "price": "0.19111000", "time": "2025-07-15T15:34:49.344640Z", "fetched_at": "2025-07-15T15:39:32.687983+00:00", "symbol": "DOGE-USD"}, {"trade_id": 139135766, "side": "sell", "size": "5.80000000", "price": "0.19110000", "time": "2025-07-15T15:34:49.344640Z", "fetched_at": "2025-07-15T15:39:32.687983+00:00", "symbol": "DOGE-USD"}, {"trade_id": 139135765, "side": "sell", "size": "5.80000000", "price": "0.19108000", "time": "2025-07-15T15:34:49.344640Z", "fetched_at": "2025-07-15T15:39:32.687983+00:00", "symbol": "DOGE-USD"}, {"trade_id": 139135764, "side": "sell", "size": "5.80000000", "price": "0.19106000", "time": "2025-07-15T15:34:47.120845Z", "fetched_at": "2025-07-15T15:39:32.687983+00:00", "symbol": "DOGE-USD"}, {"trade_id": 139135763, "side": "sell", "size": "35.00000000", "price": "0.19099000", "time": "2025-07-15T15:34:44.791879Z", "fetched_at": "2025-07-15T15:39:32.687983+00:00", "symbol": "DOGE-USD"}, {"trade_id": 139135762, "side": "sell", "size": "24.80000000", "price": "0.19099000", "time": "2025-07-15T15:34:44.099881Z", "fetched_at": "2025-07-15T15:39:32.687983+00:00", "symbol": "DOGE-USD"}, {"trade_id": 139135761, "side": "sell", "size": "58.80000000", "price": "0.19104000", "time": "2025-07-15T15:34:43.364634Z", "fetched_at": "2025-07-15T15:39:32.687983+00:00", "symbol": "DOGE-USD"}, {"trade_id": 139135760, "side": "sell", "size": "1566.00000000", "price": "0.19104000", "time": "2025-07-15T15:34:43.364634Z", "fetched_at": "2025-07-15T15:39:32.687983+00:00", "symbol": "DOGE-USD"}, {"trade_id": 139135759, "side": "sell", "size": "1507.90000000", "price": "0.19106000", "time": "2025-07-15T15:34:42.769635Z", "fetched_at": "2025-07-15T15:39:32.687983+00:00", "symbol": "DOGE-USD"}, {"trade_id": 139135758, "side": "sell", "size": "487.40000000", "price": "0.19106000", "time": "2025-07-15T15:34:42.769635Z", "fetched_at": "2025-07-15T15:39:32.687983+00:00", "symbol": "DOGE-USD"}, {"trade_id": 139135757, "side": "sell", "size": "177.20000000", "price": "0.19106000", "time": "2025-07-15T15:34:42.706473Z", "fetched_at": "2025-07-15T15:39:32.687983+00:00", "symbol": "DOGE-USD"}, {"trade_id": 139135756, "side": "sell", "size": "5.80000000", "price": "0.19106000", "time": "2025-07-15T15:34:42.706473Z", "fetched_at": "2025-07-15T15:39:32.687983+00:00", "symbol": "DOGE-USD"}, {"trade_id": 139135755, "side": "sell", "size": "58.80000000", "price": "0.19105000", "time": "2025-07-15T15:34:42.655600Z", "fetched_at": "2025-07-15T15:39:32.687983+00:00", "symbol": "DOGE-USD"}, {"trade_id": 139135754, "side": "sell", "size": "5.80000000", "price": "0.19104000", "time": "2025-07-15T15:34:42.648319Z", "fetched_at": "2025-07-15T15:39:32.687983+00:00", "symbol": "DOGE-USD"}, {"trade_id": 139135753, "side": "sell", "size": "49.60000000", "price": "0.19103000", "time": "2025-07-15T15:34:42.644121Z", "fetched_at": "2025-07-15T15:39:32.687983+00:00", "symbol": "DOGE-USD"}, {"trade_id": 139135752, "side": "sell", "size": "5.80000000", "price": "0.19102000", "time": "2025-07-15T15:34:42.639663Z", "fetched_at": "2025-07-15T15:39:32.687983+00:00", "symbol": "DOGE-USD"}, {"trade_id": 139135751, "side": "sell", "size": "60.10000000", "price": "0.19102000", "time": "2025-07-15T15:34:42.639663Z", "fetched_at": "2025-07-15T15:39:32.687983+00:00", "symbol": "DOGE-USD"}, {"trade_id": 139135750, "side": "sell", "size": "102.00000000", "price": "0.19101000", "time": "2025-07-15T15:34:42.581284Z", "fetched_at": "2025-07-15T15:39:32.687983+00:00", "symbol": "DOGE-USD"}, {"trade_id": 139135749, "side": "sell", "size": "5.80000000", "price": "0.19100000", "time": "2025-07-15T15:34:42.581284Z", "fetched_at": "2025-07-15T15:39:32.687983+00:00", "symbol": "DOGE-USD"}, {"trade_id": 139135748, "side": "sell", "size": "211.50000000", "price": "0.19100000", "time": "2025-07-15T15:34:42.581284Z", "fetched_at": "2025-07-15T15:39:32.687983+00:00", "symbol": "DOGE-USD"}, {"trade_id": 139135747, "side": "sell", "size": "96.40000000", "price": "0.19099000", "time": "2025-07-15T15:34:42.581284Z", "fetched_at": "2025-07-15T15:39:32.687983+00:00", "symbol": "DOGE-USD"}, {"trade_id": 139135746, "side": "sell", "size": "5.80000000", "price": "0.19098000", "time": "2025-07-15T15:34:42.581284Z", "fetched_at": "2025-07-15T15:39:32.687983+00:00", "symbol": "DOGE-USD"}, {"trade_id": 139135745, "side": "sell", "size": "112.30000000", "price": "0.19098000", "time": "2025-07-15T15:34:42.581284Z", "fetched_at": "2025-07-15T15:39:32.687983+00:00", "symbol": "DOGE-USD"}, {"trade_id": 139135744, "side": "sell", "size": "910.00000000", "price": "0.19097000", "time": "2025-07-15T15:34:42.520713Z", "fetched_at": "2025-07-15T15:39:32.687983+00:00", "symbol": "DOGE-USD"}, {"trade_id": 139135743, "side": "sell", "size": "206.50000000", "price": "0.19097000", "time": "2025-07-15T15:34:42.520713Z", "fetched_at": "2025-07-15T15:39:32.687983+00:00", "symbol": "DOGE-USD"}, {"trade_id": 139135742, "side": "sell", "size": "5.80000000", "price": "0.19096000", "time": "2025-07-15T15:34:42.520713Z", "fetched_at": "2025-07-15T15:39:32.687983+00:00", "symbol": "DOGE-USD"}, {"trade_id": 139135741, "side": "sell", "size": "29.60000000", "price": "0.19096000", "time": "2025-07-15T15:34:42.520713Z", "fetched_at": "2025-07-15T15:39:32.687983+00:00", "symbol": "DOGE-USD"}, {"trade_id": 139135740, "side": "sell", "size": "99.40000000", "price": "0.19096000", "time": "2025-07-15T15:34:42.105678Z", "fetched_at": "2025-07-15T15:39:32.687983+00:00", "symbol": "DOGE-USD"}, {"trade_id": 139135739, "side": "sell", "size": "25.30000000", "price": "0.19096000", "time": "2025-07-15T15:34:41.386746Z", "fetched_at": "2025-07-15T15:39:32.687983+00:00", "symbol": "DOGE-USD"}, {"trade_id": 139135738, "side": "sell", "size": "117.60000000", "price": "0.19095000", "time": "2025-07-15T15:34:41.386746Z", "fetched_at": "2025-07-15T15:39:32.687983+00:00", "symbol": "DOGE-USD"}, {"trade_id": 139135737, "side": "sell", "size": "5.80000000", "price": "0.19094000", "time": "2025-07-15T15:34:41.386746Z", "fetched_at": "2025-07-15T15:39:32.687983+00:00", "symbol": "DOGE-USD"}, {"trade_id": 139135736, "side": "sell", "size": "70.20000000", "price": "0.19094000", "time": "2025-07-15T15:34:41.386746Z", "fetched_at": "2025-07-15T15:39:32.687983+00:00", "symbol": "DOGE-USD"}, {"trade_id": 139135735, "side": "sell", "size": "5.80000000", "price": "0.19092000", "time": "2025-07-15T15:34:41.010372Z", "fetched_at": "2025-07-15T15:39:32.687983+00:00", "symbol": "DOGE-USD"}, {"trade_id": 139135734, "side": "sell", "size": "5.80000000", "price": "0.19090000", "time": "2025-07-15T15:34:40.929526Z", "fetched_at": "2025-07-15T15:39:32.687983+00:00", "symbol": "DOGE-USD"}, {"trade_id": 139135733, "side": "sell", "size": "50.60000000", "price": "0.19088000", "time": "2025-07-15T15:34:39.624545Z", "fetched_at": "2025-07-15T15:39:32.687983+00:00", "symbol": "DOGE-USD"}, {"trade_id": 139135732, "side": "buy", "size": "5.80000000", "price": "0.19088000", "time": "2025-07-15T15:34:37.185895Z", "fetched_at": "2025-07-15T15:39:32.687983+00:00", "symbol": "DOGE-USD"}, {"trade_id": 139135731, "side": "buy", "size": "27.30000000", "price": "0.19088000", "time": "2025-07-15T15:34:36.958737Z", "fetched_at": "2025-07-15T15:39:32.687983+00:00", "symbol": "DOGE-USD"}, {"trade_id": 139135730, "side": "buy", "size": "57.40000000", "price": "0.19089000", "time": "2025-07-15T15:34:36.958737Z", "fetched_at": "2025-07-15T15:39:32.687983+00:00", "symbol": "DOGE-USD"}, {"trade_id": 139135729, "side": "sell", "size": "50.60000000", "price": "0.19093000", "time": "2025-07-15T15:34:36.088157Z", "fetched_at": "2025-07-15T15:39:32.687983+00:00", "symbol": "DOGE-USD"}, {"trade_id": 139135728, "side": "sell", "size": "20186.40000000", "price": "0.19092000", "time": "2025-07-15T15:34:34.128554Z", "fetched_at": "2025-07-15T15:39:32.687983+00:00", "symbol": "DOGE-USD"}, {"trade_id": 139135727, "side": "sell", "size": "487.70000000", "price": "0.19092000", "time": "2025-07-15T15:34:34.128554Z", "fetched_at": "2025-07-15T15:39:32.687983+00:00", "symbol": "DOGE-USD"}, {"trade_id": 139135726, "side": "sell", "size": "5.80000000", "price": "0.19092000", "time": "2025-07-15T15:34:34.128554Z", "fetched_at": "2025-07-15T15:39:32.687983+00:00", "symbol": "DOGE-USD"}, {"trade_id": 139135725, "side": "sell", "size": "5.80000000", "price": "0.19090000", "time": "2025-07-15T15:34:34.128554Z", "fetched_at": "2025-07-15T15:39:32.687983+00:00", "symbol": "DOGE-USD"}, {"trade_id": 139135724, "side": "sell", "size": "447.20000000", "price": "0.19089000", "time": "2025-07-15T15:34:32.873697Z", "fetched_at": "2025-07-15T15:39:32.687983+00:00", "symbol": "DOGE-USD"}, {"trade_id": 139135723, "side": "sell", "size": "58.80000000", "price": "0.19088000", "time": "2025-07-15T15:34:32.873697Z", "fetched_at": "2025-07-15T15:39:32.687983+00:00", "symbol": "DOGE-USD"}, {"trade_id": 139135722, "side": "sell", "size": "5.80000000", "price": "0.19088000", "time": "2025-07-15T15:34:32.873697Z", "fetched_at": "2025-07-15T15:39:32.687983+00:00", "symbol": "DOGE-USD"}, {"trade_id": 139135721, "side": "sell", "size": "5.80000000", "price": "0.19086000", "time": "2025-07-15T15:34:32.873697Z", "fetched_at": "2025-07-15T15:39:32.687983+00:00", "symbol": "DOGE-USD"}, {"trade_id": 139135720, "side": "sell", "size": "40.60000000", "price": "0.19084000", "time": "2025-07-15T15:34:27.487447Z", "fetched_at": "2025-07-15T15:39:32.687983+00:00", "symbol": "DOGE-USD"}, {"trade_id": 139135719, "side": "sell", "size": "5.80000000", "price": "0.19084000", "time": "2025-07-15T15:34:27.487447Z", "fetched_at": "2025-07-15T15:39:32.687983+00:00", "symbol": "DOGE-USD"}, {"trade_id": 139135718, "side": "sell", "size": "58.80000000", "price": "0.19083000", "time": "2025-07-15T15:34:27.487447Z", "fetched_at": "2025-07-15T15:39:32.687983+00:00", "symbol": "DOGE-USD"}, {"trade_id": 139135717, "side": "sell", "size": "5.80000000", "price": "0.19082000", "time": "2025-07-15T15:34:27.487447Z", "fetched_at": "2025-07-15T15:39:32.687983+00:00", "symbol": "DOGE-USD"}, {"trade_id": 139135716, "side": "buy", "size": "797.00000000", "price": "0.19078000", "time": "2025-07-15T15:34:25.687746Z", "fetched_at": "2025-07-15T15:39:32.687983+00:00", "symbol": "DOGE-USD"}, {"trade_id": 139135715, "side": "buy", "size": "1491.80000000", "price": "0.19080000", "time": "2025-07-15T15:34:25.682481Z", "fetched_at": "2025-07-15T15:39:32.687983+00:00", "symbol": "DOGE-USD"}, {"trade_id": 139135714, "side": "sell", "size": "5.80000000", "price": "0.19080000", "time": "2025-07-15T15:34:24.330620Z", "fetched_at": "2025-07-15T15:39:32.687983+00:00", "symbol": "DOGE-USD"}, {"trade_id": 139135713, "side": "sell", "size": "101.70000000", "price": "0.19080000", "time": "2025-07-15T15:34:24.330620Z", "fetched_at": "2025-07-15T15:39:32.687983+00:00", "symbol": "DOGE-USD"}, {"trade_id": 139135712, "side": "sell", "size": "385.00000000", "price": "0.19079000", "time": "2025-07-15T15:34:24.326650Z", "fetched_at": "2025-07-15T15:39:32.687983+00:00", "symbol": "DOGE-USD"}, {"trade_id": 139135711, "side": "sell", "size": "5.80000000", "price": "0.19078000", "time": "2025-07-15T15:34:24.322785Z", "fetched_at": "2025-07-15T15:39:32.687983+00:00", "symbol": "DOGE-USD"}, {"trade_id": 139135710, "side": "sell", "size": "91.60000000", "price": "0.19078000", "time": "2025-07-15T15:34:24.322785Z", "fetched_at": "2025-07-15T15:39:32.687983+00:00", "symbol": "DOGE-USD"}, {"trade_id": 139135709, "side": "sell", "size": "201.40000000", "price": "0.19077000", "time": "2025-07-15T15:34:24.245498Z", "fetched_at": "2025-07-15T15:39:32.687983+00:00", "symbol": "DOGE-USD"}, {"trade_id": 139135708, "side": "sell", "size": "5.80000000", "price": "0.19076000", "time": "2025-07-15T15:34:24.208714Z", "fetched_at": "2025-07-15T15:39:32.687983+00:00", "symbol": "DOGE-USD"}, {"trade_id": 139135707, "side": "sell", "size": "102.00000000", "price": "0.19076000", "time": "2025-07-15T15:34:24.208714Z", "fetched_at": "2025-07-15T15:39:32.687983+00:00", "symbol": "DOGE-USD"}, {"trade_id": 139135706, "side": "buy", "size": "1109.10000000", "price": "0.19075000", "time": "2025-07-15T15:34:24.191958Z", "fetched_at": "2025-07-15T15:39:32.687983+00:00", "symbol": "DOGE-USD"}, {"trade_id": 139135705, "side": "sell", "size": "175.30000000", "price": "0.19075000", "time": "2025-07-15T15:34:23.023530Z", "fetched_at": "2025-07-15T15:39:32.687983+00:00", "symbol": "DOGE-USD"}, {"trade_id": 139135704, "side": "sell", "size": "5.80000000", "price": "0.19074000", "time": "2025-07-15T15:34:22.898566Z", "fetched_at": "2025-07-15T15:39:32.687983+00:00", "symbol": "DOGE-USD"}, {"trade_id": 139135703, "side": "sell", "size": "54.80000000", "price": "0.19074000", "time": "2025-07-15T15:34:22.898566Z", "fetched_at": "2025-07-15T15:39:32.687983+00:00", "symbol": "DOGE-USD"}, {"trade_id": 139135702, "side": "sell", "size": "44.30000000", "price": "0.19073000", "time": "2025-07-15T15:34:22.872179Z", "fetched_at": "2025-07-15T15:39:32.687983+00:00", "symbol": "DOGE-USD"}, {"trade_id": 139135701, "side": "sell", "size": "5.80000000", "price": "0.19072000", "time": "2025-07-15T15:34:22.464279Z", "fetched_at": "2025-07-15T15:39:32.687983+00:00", "symbol": "DOGE-USD"}, {"trade_id": 139135700, "side": "sell", "size": "96.60000000", "price": "0.19072000", "time": "2025-07-15T15:34:22.464279Z", "fetched_at": "2025-07-15T15:39:32.687983+00:00", "symbol": "DOGE-USD"}, {"trade_id": 139135699, "side": "sell", "size": "59.80000000", "price": "0.19071000", "time": "2025-07-15T15:34:22.417073Z", "fetched_at": "2025-07-15T15:39:32.687983+00:00", "symbol": "DOGE-USD"}, {"trade_id": 139135698, "side": "sell", "size": "5.80000000", "price": "0.19070000", "time": "2025-07-15T15:34:22.406546Z", "fetched_at": "2025-07-15T15:39:32.687983+00:00", "symbol": "DOGE-USD"}, {"trade_id": 139135697, "side": "sell", "size": "5.80000000", "price": "0.19068000", "time": "2025-07-15T15:34:22.371696Z", "fetched_at": "2025-07-15T15:39:32.687983+00:00", "symbol": "DOGE-USD"}, {"trade_id": 139135696, "side": "sell", "size": "5.80000000", "price": "0.19066000", "time": "2025-07-15T15:34:21.653085Z", "fetched_at": "2025-07-15T15:39:32.687983+00:00", "symbol": "DOGE-USD"}, {"trade_id": 139135695, "side": "sell", "size": "5.80000000", "price": "0.19064000", "time": "2025-07-15T15:34:21.532672Z", "fetched_at": "2025-07-15T15:39:32.687983+00:00", "symbol": "DOGE-USD"}, {"trade_id": 139135694, "side": "sell", "size": "5.80000000", "price": "0.19062000", "time": "2025-07-15T15:34:21.461144Z", "fetched_at": "2025-07-15T15:39:32.687983+00:00", "symbol": "DOGE-USD"}, {"trade_id": 139135693, "side": "buy", "size": "529.50000000", "price": "0.19059000", "time": "2025-07-15T15:34:19.613863Z", "fetched_at": "2025-07-15T15:39:32.687983+00:00", "symbol": "DOGE-USD"}, {"trade_id": 139135692, "side": "buy", "size": "714.40000000", "price": "0.19057000", "time": "2025-07-15T15:34:15.607847Z", "fetched_at": "2025-07-15T15:39:32.687983+00:00", "symbol": "DOGE-USD"}, {"trade_id": 139135691, "side": "buy", "size": "32.90000000", "price": "0.19058000", "time": "2025-07-15T15:34:15.607847Z", "fetched_at": "2025-07-15T15:39:32.687983+00:00", "symbol": "DOGE-USD"}, {"trade_id": 139135690, "side": "buy", "size": "530.00000000", "price": "0.19061000", "time": "2025-07-15T15:34:11.865277Z", "fetched_at": "2025-07-15T15:39:32.687983+00:00", "symbol": "DOGE-USD"}, {"trade_id": 139135689, "side": "buy", "size": "25.00000000", "price": "0.19063000", "time": "2025-07-15T15:34:10.891822Z", "fetched_at": "2025-07-15T15:39:32.687983+00:00", "symbol": "DOGE-USD"}, {"trade_id": 139135688, "side": "sell", "size": "556.90000000", "price": "0.19063000", "time": "2025-07-15T15:34:08.891673Z", "fetched_at": "2025-07-15T15:39:32.687983+00:00", "symbol": "DOGE-USD"}, {"trade_id": 139135687, "side": "buy", "size": "797.00000000", "price": "0.19062000", "time": "2025-07-15T15:34:08.603200Z", "fetched_at": "2025-07-15T15:39:32.687983+00:00", "symbol": "DOGE-USD"}, {"trade_id": 139135686, "side": "sell", "size": "5.80000000", "price": "0.19062000", "time": "2025-07-15T15:34:07.201841Z", "fetched_at": "2025-07-15T15:39:32.687983+00:00", "symbol": "DOGE-USD"}, {"trade_id": 139135685, "side": "sell", "size": "5.80000000", "price": "0.19060000", "time": "2025-07-15T15:34:07.088336Z", "fetched_at": "2025-07-15T15:39:32.687983+00:00", "symbol": "DOGE-USD"}, {"trade_id": 139135684, "side": "sell", "size": "5.80000000", "price": "0.19058000", "time": "2025-07-15T15:34:06.954821Z", "fetched_at": "2025-07-15T15:39:32.687983+00:00", "symbol": "DOGE-USD"}, {"trade_id": 139135683, "side": "sell", "size": "5.80000000", "price": "0.19056000", "time": "2025-07-15T15:34:06.892664Z", "fetched_at": "2025-07-15T15:39:32.687983+00:00", "symbol": "DOGE-USD"}, {"trade_id": 139135682, "side": "sell", "size": "5.80000000", "price": "0.19054000", "time": "2025-07-15T15:34:05.160100Z", "fetched_at": "2025-07-15T15:39:32.687983+00:00", "symbol": "DOGE-USD"}, {"trade_id": 139135681, "side": "sell", "size": "5.80000000", "price": "0.19052000", "time": "2025-07-15T15:34:05.106549Z", "fetched_at": "2025-07-15T15:39:32.687983+00:00", "symbol": "DOGE-USD"}, {"trade_id": 139135680, "side": "sell", "size": "5.80000000", "price": "0.19050000", "time": "2025-07-15T15:34:03.984121Z", "fetched_at": "2025-07-15T15:39:32.687983+00:00", "symbol": "DOGE-USD"}, {"trade_id": 139135679, "side": "sell", "size": "5.80000000", "price": "0.19048000", "time": "2025-07-15T15:34:02.933128Z", "fetched_at": "2025-07-15T15:39:32.687983+00:00", "symbol": "DOGE-USD"}, {"trade_id": 139135678, "side": "sell", "size": "341.40000000", "price": "0.19042000", "time": "2025-07-15T15:33:59.885761Z", "fetched_at": "2025-07-15T15:39:32.687983+00:00", "symbol": "DOGE-USD"}, {"trade_id": 139135677, "side": "sell", "size": "16.90000000", "price": "0.19047000", "time": "2025-07-15T15:33:57.303309Z", "fetched_at": "2025-07-15T15:39:32.687983+00:00", "symbol": "DOGE-USD"}, {"trade_id": 139135676, "side": "sell", "size": "58.90000000", "price": "0.19046000", "time": "2025-07-15T15:33:57.303309Z", "fetched_at": "2025-07-15T15:39:32.687983+00:00", "symbol": "DOGE-USD"}, {"trade_id": 139135675, "side": "sell", "size": "5.80000000", "price": "0.19046000", "time": "2025-07-15T15:33:56.414128Z", "fetched_at": "2025-07-15T15:39:32.687983+00:00", "symbol": "DOGE-USD"}, {"trade_id": 139135674, "side": "sell", "size": "5.80000000", "price": "0.19044000", "time": "2025-07-15T15:33:55.562191Z", "fetched_at": "2025-07-15T15:39:32.687983+00:00", "symbol": "DOGE-USD"}, {"trade_id": 139135673, "side": "sell", "size": "58.90000000", "price": "0.19043000", "time": "2025-07-15T15:33:54.433399Z", "fetched_at": "2025-07-15T15:39:32.687983+00:00", "symbol": "DOGE-USD"}, {"trade_id": 139135672, "side": "sell", "size": "58.90000000", "price": "0.19038000", "time": "2025-07-15T15:33:53.249261Z", "fetched_at": "2025-07-15T15:39:32.687983+00:00", "symbol": "DOGE-USD"}, {"trade_id": 139135671, "side": "buy", "size": "53.20000000", "price": "0.19036000", "time": "2025-07-15T15:33:52.460403Z", "fetched_at": "2025-07-15T15:39:32.687983+00:00", "symbol": "DOGE-USD"}, {"trade_id": 139135670, "side": "buy", "size": "5.80000000", "price": "0.19036000", "time": "2025-07-15T15:33:52.460403Z", "fetched_at": "2025-07-15T15:39:32.687983+00:00", "symbol": "DOGE-USD"}, {"trade_id": 139135669, "side": "buy", "size": "45.70000000", "price": "0.19037000", "time": "2025-07-15T15:33:52.460403Z", "fetched_at": "2025-07-15T15:39:32.687983+00:00", "symbol": "DOGE-USD"}, {"trade_id": 139135668, "side": "buy", "size": "599.00000000", "price": "0.19037000", "time": "2025-07-15T15:33:51.582107Z", "fetched_at": "2025-07-15T15:39:32.687983+00:00", "symbol": "DOGE-USD"}, {"trade_id": 139135667, "side": "buy", "size": "1652.90000000", "price": "0.19038000", "time": "2025-07-15T15:33:51.582107Z", "fetched_at": "2025-07-15T15:39:32.687983+00:00", "symbol": "DOGE-USD"}, {"trade_id": 139135666, "side": "buy", "size": "5.80000000", "price": "0.19038000", "time": "2025-07-15T15:33:51.582107Z", "fetched_at": "2025-07-15T15:39:32.687983+00:00", "symbol": "DOGE-USD"}, {"trade_id": 139135665, "side": "buy", "size": "48.00000000", "price": "0.19039000", "time": "2025-07-15T15:33:51.582107Z", "fetched_at": "2025-07-15T15:39:32.687983+00:00", "symbol": "DOGE-USD"}, {"trade_id": 139135664, "side": "buy", "size": "797.00000000", "price": "0.19039000", "time": "2025-07-15T15:33:51.582107Z", "fetched_at": "2025-07-15T15:39:32.687983+00:00", "symbol": "DOGE-USD"}, {"trade_id": 139135663, "side": "buy", "size": "797.00000000", "price": "0.19040000", "time": "2025-07-15T15:33:51.582107Z", "fetched_at": "2025-07-15T15:39:32.687983+00:00", "symbol": "DOGE-USD"}, {"trade_id": 139135662, "side": "buy", "size": "5.80000000", "price": "0.19040000", "time": "2025-07-15T15:33:51.582107Z", "fetched_at": "2025-07-15T15:39:32.687983+00:00", "symbol": "DOGE-USD"}, {"trade_id": 139135661, "side": "sell", "size": "58.90000000", "price": "0.19043000", "time": "2025-07-15T15:33:50.245237Z", "fetched_at": "2025-07-15T15:39:32.687983+00:00", "symbol": "DOGE-USD"}, {"trade_id": 139135660, "side": "sell", "size": "58.90000000", "price": "0.19043000", "time": "2025-07-15T15:33:50.201647Z", "fetched_at": "2025-07-15T15:39:32.687983+00:00", "symbol": "DOGE-USD"}, {"trade_id": 139135659, "side": "buy", "size": "5.80000000", "price": "0.19042000", "time": "2025-07-15T15:33:47.180105Z", "fetched_at": "2025-07-15T15:39:32.687983+00:00", "symbol": "DOGE-USD"}, {"trade_id": 139135658, "side": "buy", "size": "5.80000000", "price": "0.19044000", "time": "2025-07-15T15:33:46.988004Z", "fetched_at": "2025-07-15T15:39:32.687983+00:00", "symbol": "DOGE-USD"}, {"trade_id": 139135657, "side": "buy", "size": "5.80000000", "price": "0.19048000", "time": "2025-07-15T15:33:45.741039Z", "fetched_at": "2025-07-15T15:39:32.687983+00:00", "symbol": "DOGE-USD"}, {"trade_id": 139135656, "side": "sell", "size": "715.90000000", "price": "0.19054000", "time": "2025-07-15T15:33:43.298439Z", "fetched_at": "2025-07-15T15:39:32.687983+00:00", "symbol": "DOGE-USD"}, {"trade_id": 139135655, "side": "sell", "size": "14.10000000", "price": "0.19053000", "time": "2025-07-15T15:33:43.298439Z", "fetched_at": "2025-07-15T15:39:32.687983+00:00", "symbol": "DOGE-USD"}, {"trade_id": 139135654, "side": "sell", "size": "1531.00000000", "price": "0.19051000", "time": "2025-07-15T15:33:43.298439Z", "fetched_at": "2025-07-15T15:39:32.687983+00:00", "symbol": "DOGE-USD"}, {"trade_id": 139135653, "side": "buy", "size": "20478.20000000", "price": "0.19052000", "time": "2025-07-15T15:33:43.143938Z", "fetched_at": "2025-07-15T15:39:32.687983+00:00", "symbol": "DOGE-USD"}, {"trade_id": 139135652, "side": "buy", "size": "5.80000000", "price": "0.19052000", "time": "2025-07-15T15:33:43.143938Z", "fetched_at": "2025-07-15T15:39:32.687983+00:00", "symbol": "DOGE-USD"}, {"trade_id": 139135651, "side": "buy", "size": "0.20000000", "price": "0.19053000", "time": "2025-07-15T15:33:43.142939Z", "fetched_at": "2025-07-15T15:39:32.687983+00:00", "symbol": "DOGE-USD"}, {"trade_id": 139135650, "side": "buy", "size": "796.80000000", "price": "0.19053000", "time": "2025-07-15T15:33:43.136723Z", "fetched_at": "2025-07-15T15:39:32.687983+00:00", "symbol": "DOGE-USD"}, {"trade_id": 139135649, "side": "buy", "size": "797.00000000", "price": "0.19054000", "time": "2025-07-15T15:33:43.136723Z", "fetched_at": "2025-07-15T15:39:32.687983+00:00", "symbol": "DOGE-USD"}, {"trade_id": 139135648, "side": "buy", "size": "5.80000000", "price": "0.19054000", "time": "2025-07-15T15:33:43.136723Z", "fetched_at": "2025-07-15T15:39:32.687983+00:00", "symbol": "DOGE-USD"}, {"trade_id": 139135647, "side": "buy", "size": "26.70000000", "price": "0.19055000", "time": "2025-07-15T15:33:43.136723Z", "fetched_at": "2025-07-15T15:39:32.687983+00:00", "symbol": "DOGE-USD"}, {"trade_id": 139135646, "side": "buy", "size": "5.80000000", "price": "0.19056000", "time": "2025-07-15T15:33:43.136723Z", "fetched_at": "2025-07-15T15:39:32.687983+00:00", "symbol": "DOGE-USD"}, {"trade_id": 139135645, "side": "sell", "size": "210.90000000", "price": "0.19058000", "time": "2025-07-15T15:33:39.855689Z", "fetched_at": "2025-07-15T15:39:32.687983+00:00", "symbol": "DOGE-USD"}, {"trade_id": 139135644, "side": "sell", "size": "183.00000000", "price": "0.19057000", "time": "2025-07-15T15:33:39.855689Z", "fetched_at": "2025-07-15T15:39:32.687983+00:00", "symbol": "DOGE-USD"}, {"trade_id": 139135643, "side": "sell", "size": "1497.80000000", "price": "0.19057000", "time": "2025-07-15T15:33:39.855689Z", "fetched_at": "2025-07-15T15:39:32.687983+00:00", "symbol": "DOGE-USD"}, {"trade_id": 139135642, "side": "buy", "size": "7.90000000", "price": "0.19058000", "time": "2025-07-15T15:33:38.771725Z", "fetched_at": "2025-07-15T15:39:32.687983+00:00", "symbol": "DOGE-USD"}, {"trade_id": 139135641, "side": "sell", "size": "284.90000000", "price": "0.19066000", "time": "2025-07-15T15:33:34.663335Z", "fetched_at": "2025-07-15T15:39:32.687983+00:00", "symbol": "DOGE-USD"}, {"trade_id": 139135640, "side": "sell", "size": "5.80000000", "price": "0.19066000", "time": "2025-07-15T15:33:34.663335Z", "fetched_at": "2025-07-15T15:39:32.687983+00:00", "symbol": "DOGE-USD"}, {"trade_id": 139135639, "side": "sell", "size": "5.80000000", "price": "0.19064000", "time": "2025-07-15T15:33:34.230349Z", "fetched_at": "2025-07-15T15:39:32.687983+00:00", "symbol": "DOGE-USD"}, {"trade_id": 139135638, "side": "sell", "size": "5.80000000", "price": "0.19062000", "time": "2025-07-15T15:33:33.855517Z", "fetched_at": "2025-07-15T15:39:32.687983+00:00", "symbol": "DOGE-USD"}, {"trade_id": 139135637, "side": "sell", "size": "2005.00000000", "price": "0.19061000", "time": "2025-07-15T15:33:33.753456Z", "fetched_at": "2025-07-15T15:39:32.687983+00:00", "symbol": "DOGE-USD"}, {"trade_id": 139135636, "side": "sell", "size": "5.80000000", "price": "0.19060000", "time": "2025-07-15T15:33:33.702544Z", "fetched_at": "2025-07-15T15:39:32.687983+00:00", "symbol": "DOGE-USD"}, {"trade_id": 139135635, "side": "buy", "size": "733.00000000", "price": "0.19051000", "time": "2025-07-15T15:33:33.131638Z", "fetched_at": "2025-07-15T15:39:32.687983+00:00", "symbol": "DOGE-USD"}, {"trade_id": 139135634, "side": "buy", "size": "9.20000000", "price": "0.19052000", "time": "2025-07-15T15:33:33.131638Z", "fetched_at": "2025-07-15T15:39:32.687983+00:00", "symbol": "DOGE-USD"}, {"trade_id": 139135633, "side": "buy", "size": "1608.10000000", "price": "0.19054000", "time": "2025-07-15T15:33:33.131638Z", "fetched_at": "2025-07-15T15:39:32.687983+00:00", "symbol": "DOGE-USD"}, {"trade_id": 139135632, "side": "buy", "size": "797.00000000", "price": "0.19056000", "time": "2025-07-15T15:33:33.131638Z", "fetched_at": "2025-07-15T15:39:32.687983+00:00", "symbol": "DOGE-USD"}, {"trade_id": 139135631, "side": "sell", "size": "40.30000000", "price": "0.19058000", "time": "2025-07-15T15:33:32.311124Z", "fetched_at": "2025-07-15T15:39:32.687983+00:00", "symbol": "DOGE-USD"}, {"trade_id": 139135630, "side": "sell", "size": "1928.30000000", "price": "0.19057000", "time": "2025-07-15T15:33:31.086086Z", "fetched_at": "2025-07-15T15:39:32.687983+00:00", "symbol": "DOGE-USD"}, {"trade_id": 139135629, "side": "sell", "size": "5.80000000", "price": "0.19056000", "time": "2025-07-15T15:33:30.777386Z", "fetched_at": "2025-07-15T15:39:32.687983+00:00", "symbol": "DOGE-USD"}, {"trade_id": 139135628, "side": "buy", "size": "319.90000000", "price": "0.19053000", "time": "2025-07-15T15:33:30.586701Z", "fetched_at": "2025-07-15T15:39:32.687983+00:00", "symbol": "DOGE-USD"}, {"trade_id": 139135627, "side": "buy", "size": "30.40000000", "price": "0.19054000", "time": "2025-07-15T15:33:30.586701Z", "fetched_at": "2025-07-15T15:39:32.687983+00:00", "symbol": "DOGE-USD"}, {"trade_id": 139135626, "side": "sell", "size": "5.80000000", "price": "0.19052000", "time": "2025-07-15T15:33:30.385040Z", "fetched_at": "2025-07-15T15:39:32.687983+00:00", "symbol": "DOGE-USD"}, {"trade_id": 139135625, "side": "buy", "size": "5.80000000", "price": "0.19044000", "time": "2025-07-15T15:33:29.123254Z", "fetched_at": "2025-07-15T15:39:32.687983+00:00", "symbol": "DOGE-USD"}, {"trade_id": 139135624, "side": "buy", "size": "5.80000000", "price": "0.19046000", "time": "2025-07-15T15:33:28.962940Z", "fetched_at": "2025-07-15T15:39:32.687983+00:00", "symbol": "DOGE-USD"}, {"trade_id": 139135623, "side": "buy", "size": "5.80000000", "price": "0.19048000", "time": "2025-07-15T15:33:28.553723Z", "fetched_at": "2025-07-15T15:39:32.687983+00:00", "symbol": "DOGE-USD"}, {"trade_id": 139135622, "side": "buy", "size": "5.80000000", "price": "0.19050000", "time": "2025-07-15T15:33:28.448334Z", "fetched_at": "2025-07-15T15:39:32.687983+00:00", "symbol": "DOGE-USD"}, {"trade_id": 139135621, "side": "sell", "size": "58.90000000", "price": "0.19055000", "time": "2025-07-15T15:33:27.150257Z", "fetched_at": "2025-07-15T15:39:32.687983+00:00", "symbol": "DOGE-USD"}, {"trade_id": 139135620, "side": "sell", "size": "1696.00000000", "price": "0.19053000", "time": "2025-07-15T15:33:27.149305Z", "fetched_at": "2025-07-15T15:39:32.687983+00:00", "symbol": "DOGE-USD"}, {"trade_id": 139135619, "side": "buy", "size": "15.90000000", "price": "0.19051000", "time": "2025-07-15T15:33:20.404771Z", "fetched_at": "2025-07-15T15:39:32.687983+00:00", "symbol": "DOGE-USD"}, {"trade_id": 139135618, "side": "sell", "size": "1622.50000000", "price": "0.19055000", "time": "2025-07-15T15:33:18.968576Z", "fetched_at": "2025-07-15T15:39:32.687983+00:00", "symbol": "DOGE-USD"}, {"trade_id": 139135617, "side": "sell", "size": "5.80000000", "price": "0.19054000", "time": "2025-07-15T15:33:18.968576Z", "fetched_at": "2025-07-15T15:39:32.687983+00:00", "symbol": "DOGE-USD"}, {"trade_id": 139135616, "side": "sell", "size": "891.20000000", "price": "0.19054000", "time": "2025-07-15T15:33:18.968576Z", "fetched_at": "2025-07-15T15:39:32.687983+00:00", "symbol": "DOGE-USD"}, {"trade_id": 139135615, "side": "sell", "size": "6149.80000000", "price": "0.19054000", "time": "2025-07-15T15:33:18.968576Z", "fetched_at": "2025-07-15T15:39:32.687983+00:00", "symbol": "DOGE-USD"}, {"trade_id": 139135614, "side": "sell", "size": "3225.60000000", "price": "0.19053000", "time": "2025-07-15T15:33:18.968576Z", "fetched_at": "2025-07-15T15:39:32.687983+00:00", "symbol": "DOGE-USD"}, {"trade_id": 139135613, "side": "sell", "size": "6146.50000000", "price": "0.19053000", "time": "2025-07-15T15:33:18.968576Z", "fetched_at": "2025-07-15T15:39:32.687983+00:00", "symbol": "DOGE-USD"}, {"trade_id": 139135612, "side": "sell", "size": "58.90000000", "price": "0.19052000", "time": "2025-07-15T15:33:18.968576Z", "fetched_at": "2025-07-15T15:39:32.687983+00:00", "symbol": "DOGE-USD"}, {"trade_id": 139135611, "side": "sell", "size": "1575.30000000", "price": "0.19051000", "time": "2025-07-15T15:33:18.968576Z", "fetched_at": "2025-07-15T15:39:32.687983+00:00", "symbol": "DOGE-USD"}, {"trade_id": 139135610, "side": "sell", "size": "248.70000000", "price": "0.19050000", "time": "2025-07-15T15:33:18.881838Z", "fetched_at": "2025-07-15T15:39:32.687983+00:00", "symbol": "DOGE-USD"}, {"trade_id": 139135609, "side": "sell", "size": "338.90000000", "price": "0.19050000", "time": "2025-07-15T15:33:15.821660Z", "fetched_at": "2025-07-15T15:39:32.687983+00:00", "symbol": "DOGE-USD"}, {"trade_id": 139135608, "side": "sell", "size": "5.20000000", "price": "0.19050000", "time": "2025-07-15T15:33:15.709674Z", "fetched_at": "2025-07-15T15:39:32.687983+00:00", "symbol": "DOGE-USD"}, {"trade_id": 139135607, "side": "buy", "size": "380.60000000", "price": "0.19047000", "time": "2025-07-15T15:33:13.980422Z", "fetched_at": "2025-07-15T15:39:32.687983+00:00", "symbol": "DOGE-USD"}, {"trade_id": 139135606, "side": "buy", "size": "33.30000000", "price": "0.19048000", "time": "2025-07-15T15:33:13.980422Z", "fetched_at": "2025-07-15T15:39:32.687983+00:00", "symbol": "DOGE-USD"}, {"trade_id": 139135605, "side": "buy", "size": "5.80000000", "price": "0.19048000", "time": "2025-07-15T15:33:13.980422Z", "fetched_at": "2025-07-15T15:39:32.687983+00:00", "symbol": "DOGE-USD"}, {"trade_id": 139135604, "side": "buy", "size": "797.00000000", "price": "0.19050000", "time": "2025-07-15T15:33:13.980422Z", "fetched_at": "2025-07-15T15:39:32.687983+00:00", "symbol": "DOGE-USD"}, {"trade_id": 139135603, "side": "buy", "size": "5.80000000", "price": "0.19050000", "time": "2025-07-15T15:33:13.980422Z", "fetched_at": "2025-07-15T15:39:32.687983+00:00", "symbol": "DOGE-USD"}, {"trade_id": 139135602, "side": "buy", "size": "797.00000000", "price": "0.19051000", "time": "2025-07-15T15:33:13.980422Z", "fetched_at": "2025-07-15T15:39:32.687983+00:00", "symbol": "DOGE-USD"}, {"trade_id": 139135601, "side": "buy", "size": "5.80000000", "price": "0.19052000", "time": "2025-07-15T15:33:13.980422Z", "fetched_at": "2025-07-15T15:39:32.687983+00:00", "symbol": "DOGE-USD"}, {"trade_id": 139135600, "side": "buy", "size": "5.80000000", "price": "0.19054000", "time": "2025-07-15T15:33:13.896511Z", "fetched_at": "2025-07-15T15:39:32.687983+00:00", "symbol": "DOGE-USD"}, {"trade_id": 139135599, "side": "buy", "size": "5.80000000", "price": "0.19056000", "time": "2025-07-15T15:33:13.057916Z", "fetched_at": "2025-07-15T15:39:32.687983+00:00", "symbol": "DOGE-USD"}, {"trade_id": 139135598, "side": "buy", "size": "5.80000000", "price": "0.19058000", "time": "2025-07-15T15:33:11.807525Z", "fetched_at": "2025-07-15T15:39:32.687983+00:00", "symbol": "DOGE-USD"}, {"trade_id": 139135597, "side": "buy", "size": "44.30000000", "price": "0.19059000", "time": "2025-07-15T15:33:11.520331Z", "fetched_at": "2025-07-15T15:39:32.687983+00:00", "symbol": "DOGE-USD"}, {"trade_id": 139135596, "side": "buy", "size": "5.80000000", "price": "0.19060000", "time": "2025-07-15T15:33:11.520331Z", "fetched_at": "2025-07-15T15:39:32.687983+00:00", "symbol": "DOGE-USD"}, {"trade_id": 139135595, "side": "buy", "size": "797.00000000", "price": "0.19061000", "time": "2025-07-15T15:33:11.520331Z", "fetched_at": "2025-07-15T15:39:32.687983+00:00", "symbol": "DOGE-USD"}