[{"trade_id": 139143416, "side": "sell", "size": "5.50000000", "price": "0.19450000", "time": "2025-07-15T16:39:28.469429Z", "fetched_at": "2025-07-15T16:39:33.450387+00:00", "symbol": "DOGE-USD"}, {"trade_id": 139143415, "side": "sell", "size": "38.50000000", "price": "0.19450000", "time": "2025-07-15T16:39:28.469429Z", "fetched_at": "2025-07-15T16:39:33.450387+00:00", "symbol": "DOGE-USD"}, {"trade_id": 139143414, "side": "sell", "size": "197.50000000", "price": "0.19449000", "time": "2025-07-15T16:39:28.469429Z", "fetched_at": "2025-07-15T16:39:33.450387+00:00", "symbol": "DOGE-USD"}, {"trade_id": 139143413, "side": "sell", "size": "5.70000000", "price": "0.19448000", "time": "2025-07-15T16:39:28.469429Z", "fetched_at": "2025-07-15T16:39:33.450387+00:00", "symbol": "DOGE-USD"}, {"trade_id": 139143412, "side": "sell", "size": "63.90000000", "price": "0.19448000", "time": "2025-07-15T16:39:28.469429Z", "fetched_at": "2025-07-15T16:39:33.450387+00:00", "symbol": "DOGE-USD"}, {"trade_id": 139143411, "side": "sell", "size": "5.70000000", "price": "0.19447000", "time": "2025-07-15T16:39:24.261447Z", "fetched_at": "2025-07-15T16:39:33.450387+00:00", "symbol": "DOGE-USD"}, {"trade_id": 139143410, "side": "sell", "size": "125.00000000", "price": "0.19447000", "time": "2025-07-15T16:39:23.150333Z", "fetched_at": "2025-07-15T16:39:33.450387+00:00", "symbol": "DOGE-USD"}, {"trade_id": 139143409, "side": "sell", "size": "5.70000000", "price": "0.19446000", "time": "2025-07-15T16:39:23.150333Z", "fetched_at": "2025-07-15T16:39:33.450387+00:00", "symbol": "DOGE-USD"}, {"trade_id": 139143408, "side": "sell", "size": "5.70000000", "price": "0.19444000", "time": "2025-07-15T16:39:22.175016Z", "fetched_at": "2025-07-15T16:39:33.450387+00:00", "symbol": "DOGE-USD"}, {"trade_id": 139143407, "side": "sell", "size": "5.70000000", "price": "0.19442000", "time": "2025-07-15T16:39:21.761260Z", "fetched_at": "2025-07-15T16:39:33.450387+00:00", "symbol": "DOGE-USD"}, {"trade_id": 139143406, "side": "buy", "size": "706.30000000", "price": "0.19441000", "time": "2025-07-15T16:39:19.581015Z", "fetched_at": "2025-07-15T16:39:33.450387+00:00", "symbol": "DOGE-USD"}, {"trade_id": 139143405, "side": "buy", "size": "37.60000000", "price": "0.19441000", "time": "2025-07-15T16:39:19.581015Z", "fetched_at": "2025-07-15T16:39:33.450387+00:00", "symbol": "DOGE-USD"}, {"trade_id": 139143404, "side": "buy", "size": "898.90000000", "price": "0.19441000", "time": "2025-07-15T16:39:19.581015Z", "fetched_at": "2025-07-15T16:39:33.450387+00:00", "symbol": "DOGE-USD"}, {"trade_id": 139143403, "side": "buy", "size": "667.10000000", "price": "0.19441000", "time": "2025-07-15T16:39:16.625834Z", "fetched_at": "2025-07-15T16:39:33.450387+00:00", "symbol": "DOGE-USD"}, {"trade_id": 139143402, "side": "buy", "size": "183.00000000", "price": "0.19441000", "time": "2025-07-15T16:39:16.625834Z", "fetched_at": "2025-07-15T16:39:33.450387+00:00", "symbol": "DOGE-USD"}, {"trade_id": 139143401, "side": "buy", "size": "1381.20000000", "price": "0.19441000", "time": "2025-07-15T16:39:16.625834Z", "fetched_at": "2025-07-15T16:39:33.450387+00:00", "symbol": "DOGE-USD"}, {"trade_id": 139143400, "side": "buy", "size": "50.90000000", "price": "0.19441000", "time": "2025-07-15T16:39:16.625834Z", "fetched_at": "2025-07-15T16:39:33.450387+00:00", "symbol": "DOGE-USD"}, {"trade_id": 139143399, "side": "buy", "size": "0.60000000", "price": "0.19440000", "time": "2025-07-15T16:39:13.971087Z", "fetched_at": "2025-07-15T16:39:33.450387+00:00", "symbol": "DOGE-USD"}, {"trade_id": 139143398, "side": "buy", "size": "50.00000000", "price": "0.19441000", "time": "2025-07-15T16:39:13.971087Z", "fetched_at": "2025-07-15T16:39:33.450387+00:00", "symbol": "DOGE-USD"}, {"trade_id": 139143397, "side": "sell", "size": "5.70000000", "price": "0.19440000", "time": "2025-07-15T16:39:11.930904Z", "fetched_at": "2025-07-15T16:39:33.450387+00:00", "symbol": "DOGE-USD"}, {"trade_id": 139143396, "side": "buy", "size": "18784.70000000", "price": "0.19437000", "time": "2025-07-15T16:39:04.725965Z", "fetched_at": "2025-07-15T16:39:33.450387+00:00", "symbol": "DOGE-USD"}, {"trade_id": 139143395, "side": "buy", "size": "1759.10000000", "price": "0.19437000", "time": "2025-07-15T16:39:04.725965Z", "fetched_at": "2025-07-15T16:39:33.450387+00:00", "symbol": "DOGE-USD"}, {"trade_id": 139143394, "side": "buy", "size": "57.70000000", "price": "0.19438000", "time": "2025-07-15T16:39:04.725965Z", "fetched_at": "2025-07-15T16:39:33.450387+00:00", "symbol": "DOGE-USD"}, {"trade_id": 139143393, "side": "sell", "size": "127.30000000", "price": "0.19440000", "time": "2025-07-15T16:39:04.572962Z", "fetched_at": "2025-07-15T16:39:33.450387+00:00", "symbol": "DOGE-USD"}, {"trade_id": 139143392, "side": "sell", "size": "43.10000000", "price": "0.19440000", "time": "2025-07-15T16:39:03.585503Z", "fetched_at": "2025-07-15T16:39:33.450387+00:00", "symbol": "DOGE-USD"}, {"trade_id": 139143391, "side": "sell", "size": "5.70000000", "price": "0.19440000", "time": "2025-07-15T16:39:03.585503Z", "fetched_at": "2025-07-15T16:39:33.450387+00:00", "symbol": "DOGE-USD"}, {"trade_id": 139143390, "side": "sell", "size": "9.20000000", "price": "0.19439000", "time": "2025-07-15T16:39:00.364784Z", "fetched_at": "2025-07-15T16:39:33.450387+00:00", "symbol": "DOGE-USD"}, {"trade_id": 139143389, "side": "sell", "size": "5.70000000", "price": "0.19438000", "time": "2025-07-15T16:39:00.364784Z", "fetched_at": "2025-07-15T16:39:33.450387+00:00", "symbol": "DOGE-USD"}, {"trade_id": 139143388, "side": "sell", "size": "5.70000000", "price": "0.19436000", "time": "2025-07-15T16:39:00.364784Z", "fetched_at": "2025-07-15T16:39:33.450387+00:00", "symbol": "DOGE-USD"}, {"trade_id": 139143387, "side": "sell", "size": "5.70000000", "price": "0.19434000", "time": "2025-07-15T16:38:57.884129Z", "fetched_at": "2025-07-15T16:39:33.450387+00:00", "symbol": "DOGE-USD"}, {"trade_id": 139143386, "side": "buy", "size": "405.40000000", "price": "0.19433000", "time": "2025-07-15T16:38:56.782690Z", "fetched_at": "2025-07-15T16:39:33.450387+00:00", "symbol": "DOGE-USD"}, {"trade_id": 139143385, "side": "sell", "size": "5.70000000", "price": "0.19432000", "time": "2025-07-15T16:38:56.774692Z", "fetched_at": "2025-07-15T16:39:33.450387+00:00", "symbol": "DOGE-USD"}, {"trade_id": 139143384, "side": "sell", "size": "5.70000000", "price": "0.19430000", "time": "2025-07-15T16:38:55.824055Z", "fetched_at": "2025-07-15T16:39:33.450387+00:00", "symbol": "DOGE-USD"}, {"trade_id": 139143383, "side": "sell", "size": "5.70000000", "price": "0.19428000", "time": "2025-07-15T16:38:55.734502Z", "fetched_at": "2025-07-15T16:39:33.450387+00:00", "symbol": "DOGE-USD"}, {"trade_id": 139143382, "side": "sell", "size": "5.70000000", "price": "0.19426000", "time": "2025-07-15T16:38:55.667705Z", "fetched_at": "2025-07-15T16:39:33.450387+00:00", "symbol": "DOGE-USD"}, {"trade_id": 139143381, "side": "buy", "size": "1099.90000000", "price": "0.19420000", "time": "2025-07-15T16:38:52.065434Z", "fetched_at": "2025-07-15T16:39:33.450387+00:00", "symbol": "DOGE-USD"}, {"trade_id": 139143380, "side": "buy", "size": "5.70000000", "price": "0.19420000", "time": "2025-07-15T16:38:52.065434Z", "fetched_at": "2025-07-15T16:39:33.450387+00:00", "symbol": "DOGE-USD"}, {"trade_id": 139143379, "side": "sell", "size": "51.00000000", "price": "0.19421000", "time": "2025-07-15T16:38:51.126750Z", "fetched_at": "2025-07-15T16:39:33.450387+00:00", "symbol": "DOGE-USD"}, {"trade_id": 139143378, "side": "buy", "size": "5.70000000", "price": "0.19422000", "time": "2025-07-15T16:38:49.342929Z", "fetched_at": "2025-07-15T16:39:33.450387+00:00", "symbol": "DOGE-USD"}, {"trade_id": 139143377, "side": "buy", "size": "520.10000000", "price": "0.19427000", "time": "2025-07-15T16:38:38.266864Z", "fetched_at": "2025-07-15T16:39:33.450387+00:00", "symbol": "DOGE-USD"}, {"trade_id": 139143376, "side": "sell", "size": "41.40000000", "price": "0.19430000", "time": "2025-07-15T16:38:36.988385Z", "fetched_at": "2025-07-15T16:39:33.450387+00:00", "symbol": "DOGE-USD"}, {"trade_id": 139143375, "side": "sell", "size": "9.50000000", "price": "0.19429000", "time": "2025-07-15T16:38:36.988385Z", "fetched_at": "2025-07-15T16:39:33.450387+00:00", "symbol": "DOGE-USD"}, {"trade_id": 139143374, "side": "sell", "size": "28.80000000", "price": "0.19430000", "time": "2025-07-15T16:38:36.739435Z", "fetched_at": "2025-07-15T16:39:33.450387+00:00", "symbol": "DOGE-USD"}, {"trade_id": 139143373, "side": "sell", "size": "5.70000000", "price": "0.19430000", "time": "2025-07-15T16:38:36.739435Z", "fetched_at": "2025-07-15T16:39:33.450387+00:00", "symbol": "DOGE-USD"}, {"trade_id": 139143372, "side": "sell", "size": "9.50000000", "price": "0.19429000", "time": "2025-07-15T16:38:36.739435Z", "fetched_at": "2025-07-15T16:39:33.450387+00:00", "symbol": "DOGE-USD"}, {"trade_id": 139143371, "side": "sell", "size": "5.70000000", "price": "0.19428000", "time": "2025-07-15T16:38:36.739435Z", "fetched_at": "2025-07-15T16:39:33.450387+00:00", "symbol": "DOGE-USD"}, {"trade_id": 139143370, "side": "sell", "size": "5408.30000000", "price": "0.19426000", "time": "2025-07-15T16:38:36.384987Z", "fetched_at": "2025-07-15T16:39:33.450387+00:00", "symbol": "DOGE-USD"}, {"trade_id": 139143369, "side": "sell", "size": "87.10000000", "price": "0.19426000", "time": "2025-07-15T16:38:33.306213Z", "fetched_at": "2025-07-15T16:39:33.450387+00:00", "symbol": "DOGE-USD"}, {"trade_id": 139143368, "side": "sell", "size": "5.70000000", "price": "0.19426000", "time": "2025-07-15T16:38:33.306213Z", "fetched_at": "2025-07-15T16:39:33.450387+00:00", "symbol": "DOGE-USD"}, {"trade_id": 139143367, "side": "sell", "size": "0.70000000", "price": "0.19425000", "time": "2025-07-15T16:38:32.052859Z", "fetched_at": "2025-07-15T16:39:33.450387+00:00", "symbol": "DOGE-USD"}, {"trade_id": 139143366, "side": "sell", "size": "10.50000000", "price": "0.19424000", "time": "2025-07-15T16:38:32.052859Z", "fetched_at": "2025-07-15T16:39:33.450387+00:00", "symbol": "DOGE-USD"}, {"trade_id": 139143365, "side": "sell", "size": "5.70000000", "price": "0.19424000", "time": "2025-07-15T16:38:32.052859Z", "fetched_at": "2025-07-15T16:39:33.450387+00:00", "symbol": "DOGE-USD"}, {"trade_id": 139143364, "side": "sell", "size": "5.70000000", "price": "0.19422000", "time": "2025-07-15T16:38:32.052859Z", "fetched_at": "2025-07-15T16:39:33.450387+00:00", "symbol": "DOGE-USD"}, {"trade_id": 139143363, "side": "buy", "size": "91.30000000", "price": "0.19418000", "time": "2025-07-15T16:38:28.817960Z", "fetched_at": "2025-07-15T16:39:33.450387+00:00", "symbol": "DOGE-USD"}, {"trade_id": 139143362, "side": "buy", "size": "1566.00000000", "price": "0.19419000", "time": "2025-07-15T16:38:28.817960Z", "fetched_at": "2025-07-15T16:39:33.450387+00:00", "symbol": "DOGE-USD"}, {"trade_id": 139143361, "side": "buy", "size": "57.80000000", "price": "0.19420000", "time": "2025-07-15T16:38:28.817960Z", "fetched_at": "2025-07-15T16:39:33.450387+00:00", "symbol": "DOGE-USD"}, {"trade_id": 139143360, "side": "buy", "size": "183.00000000", "price": "0.19421000", "time": "2025-07-15T16:38:28.817960Z", "fetched_at": "2025-07-15T16:39:33.450387+00:00", "symbol": "DOGE-USD"}, {"trade_id": 139143359, "side": "buy", "size": "1449.60000000", "price": "0.19421000", "time": "2025-07-15T16:38:28.817960Z", "fetched_at": "2025-07-15T16:39:33.450387+00:00", "symbol": "DOGE-USD"}, {"trade_id": 139143358, "side": "buy", "size": "167.20000000", "price": "0.19421000", "time": "2025-07-15T16:38:28.817960Z", "fetched_at": "2025-07-15T16:39:33.450387+00:00", "symbol": "DOGE-USD"}, {"trade_id": 139143357, "side": "buy", "size": "931.30000000", "price": "0.19421000", "time": "2025-07-15T16:38:28.817960Z", "fetched_at": "2025-07-15T16:39:33.450387+00:00", "symbol": "DOGE-USD"}, {"trade_id": 139143356, "side": "buy", "size": "536.20000000", "price": "0.19421000", "time": "2025-07-15T16:38:28.817960Z", "fetched_at": "2025-07-15T16:39:33.450387+00:00", "symbol": "DOGE-USD"}, {"trade_id": 139143355, "side": "buy", "size": "167.20000000", "price": "0.19421000", "time": "2025-07-15T16:38:28.817960Z", "fetched_at": "2025-07-15T16:39:33.450387+00:00", "symbol": "DOGE-USD"}, {"trade_id": 139143354, "side": "sell", "size": "5.70000000", "price": "0.19420000", "time": "2025-07-15T16:38:27.274739Z", "fetched_at": "2025-07-15T16:39:33.450387+00:00", "symbol": "DOGE-USD"}, {"trade_id": 139143353, "side": "sell", "size": "1344.50000000", "price": "0.19419000", "time": "2025-07-15T16:38:16.949641Z", "fetched_at": "2025-07-15T16:39:33.450387+00:00", "symbol": "DOGE-USD"}, {"trade_id": 139143352, "side": "sell", "size": "183.00000000", "price": "0.19419000", "time": "2025-07-15T16:38:16.888496Z", "fetched_at": "2025-07-15T16:39:33.450387+00:00", "symbol": "DOGE-USD"}, {"trade_id": 139143351, "side": "sell", "size": "183.00000000", "price": "0.19419000", "time": "2025-07-15T16:38:16.884686Z", "fetched_at": "2025-07-15T16:39:33.450387+00:00", "symbol": "DOGE-USD"}, {"trade_id": 139143350, "side": "sell", "size": "228.70000000", "price": "0.19419000", "time": "2025-07-15T16:38:16.884648Z", "fetched_at": "2025-07-15T16:39:33.450387+00:00", "symbol": "DOGE-USD"}, {"trade_id": 139143349, "side": "sell", "size": "18745.20000000", "price": "0.19419000", "time": "2025-07-15T16:38:16.881112Z", "fetched_at": "2025-07-15T16:39:33.450387+00:00", "symbol": "DOGE-USD"}, {"trade_id": 139143348, "side": "sell", "size": "220.40000000", "price": "0.19419000", "time": "2025-07-15T16:38:16.871523Z", "fetched_at": "2025-07-15T16:39:33.450387+00:00", "symbol": "DOGE-USD"}, {"trade_id": 139143347, "side": "sell", "size": "8502.00000000", "price": "0.19419000", "time": "2025-07-15T16:38:16.871342Z", "fetched_at": "2025-07-15T16:39:33.450387+00:00", "symbol": "DOGE-USD"}, {"trade_id": 139143346, "side": "sell", "size": "12416.30000000", "price": "0.19419000", "time": "2025-07-15T16:38:16.867706Z", "fetched_at": "2025-07-15T16:39:33.450387+00:00", "symbol": "DOGE-USD"}, {"trade_id": 139143345, "side": "sell", "size": "250.00000000", "price": "0.19419000", "time": "2025-07-15T16:38:16.861356Z", "fetched_at": "2025-07-15T16:39:33.450387+00:00", "symbol": "DOGE-USD"}, {"trade_id": 139143344, "side": "sell", "size": "6219.20000000", "price": "0.19419000", "time": "2025-07-15T16:38:16.860289Z", "fetched_at": "2025-07-15T16:39:33.450387+00:00", "symbol": "DOGE-USD"}, {"trade_id": 139143343, "side": "sell", "size": "30128.60000000", "price": "0.19419000", "time": "2025-07-15T16:38:16.857897Z", "fetched_at": "2025-07-15T16:39:33.450387+00:00", "symbol": "DOGE-USD"}, {"trade_id": 139143342, "side": "sell", "size": "282.20000000", "price": "0.19419000", "time": "2025-07-15T16:38:16.855650Z", "fetched_at": "2025-07-15T16:39:33.450387+00:00", "symbol": "DOGE-USD"}, {"trade_id": 139143341, "side": "sell", "size": "324.40000000", "price": "0.19419000", "time": "2025-07-15T16:38:16.851685Z", "fetched_at": "2025-07-15T16:39:33.450387+00:00", "symbol": "DOGE-USD"}, {"trade_id": 139143340, "side": "sell", "size": "14251.60000000", "price": "0.19419000", "time": "2025-07-15T16:38:16.847883Z", "fetched_at": "2025-07-15T16:39:33.450387+00:00", "symbol": "DOGE-USD"}, {"trade_id": 139143339, "side": "sell", "size": "305.10000000", "price": "0.19419000", "time": "2025-07-15T16:38:16.843356Z", "fetched_at": "2025-07-15T16:39:33.450387+00:00", "symbol": "DOGE-USD"}, {"trade_id": 139143338, "side": "sell", "size": "4944.00000000", "price": "0.19419000", "time": "2025-07-15T16:38:16.842016Z", "fetched_at": "2025-07-15T16:39:33.450387+00:00", "symbol": "DOGE-USD"}, {"trade_id": 139143337, "side": "sell", "size": "206.10000000", "price": "0.19419000", "time": "2025-07-15T16:38:16.838024Z", "fetched_at": "2025-07-15T16:39:33.450387+00:00", "symbol": "DOGE-USD"}, {"trade_id": 139143336, "side": "sell", "size": "2851.00000000", "price": "0.19419000", "time": "2025-07-15T16:38:16.837873Z", "fetched_at": "2025-07-15T16:39:33.450387+00:00", "symbol": "DOGE-USD"}, {"trade_id": 139143335, "side": "sell", "size": "9080.30000000", "price": "0.19419000", "time": "2025-07-15T16:38:16.834084Z", "fetched_at": "2025-07-15T16:39:33.450387+00:00", "symbol": "DOGE-USD"}, {"trade_id": 139143334, "side": "sell", "size": "4314.60000000", "price": "0.19419000", "time": "2025-07-15T16:38:16.821529Z", "fetched_at": "2025-07-15T16:39:33.450387+00:00", "symbol": "DOGE-USD"}, {"trade_id": 139143333, "side": "sell", "size": "7787.60000000", "price": "0.19419000", "time": "2025-07-15T16:38:16.803891Z", "fetched_at": "2025-07-15T16:39:33.450387+00:00", "symbol": "DOGE-USD"}, {"trade_id": 139143332, "side": "sell", "size": "5030.40000000", "price": "0.19419000", "time": "2025-07-15T16:38:16.789880Z", "fetched_at": "2025-07-15T16:39:33.450387+00:00", "symbol": "DOGE-USD"}, {"trade_id": 139143331, "side": "sell", "size": "6944.50000000", "price": "0.19419000", "time": "2025-07-15T16:38:16.779149Z", "fetched_at": "2025-07-15T16:39:33.450387+00:00", "symbol": "DOGE-USD"}, {"trade_id": 139143330, "side": "sell", "size": "3607.60000000", "price": "0.19419000", "time": "2025-07-15T16:38:16.745686Z", "fetched_at": "2025-07-15T16:39:33.450387+00:00", "symbol": "DOGE-USD"}, {"trade_id": 139143329, "side": "sell", "size": "1608.10000000", "price": "0.19419000", "time": "2025-07-15T16:38:16.731438Z", "fetched_at": "2025-07-15T16:39:33.450387+00:00", "symbol": "DOGE-USD"}, {"trade_id": 139143328, "side": "sell", "size": "22425.90000000", "price": "0.19419000", "time": "2025-07-15T16:38:16.698522Z", "fetched_at": "2025-07-15T16:39:33.450387+00:00", "symbol": "DOGE-USD"}, {"trade_id": 139143327, "side": "sell", "size": "17261.80000000", "price": "0.19419000", "time": "2025-07-15T16:38:16.674116Z", "fetched_at": "2025-07-15T16:39:33.450387+00:00", "symbol": "DOGE-USD"}, {"trade_id": 139143326, "side": "sell", "size": "12426.90000000", "price": "0.19418000", "time": "2025-07-15T16:38:16.673088Z", "fetched_at": "2025-07-15T16:39:33.450387+00:00", "symbol": "DOGE-USD"}, {"trade_id": 139143325, "side": "sell", "size": "2573.10000000", "price": "0.19418000", "time": "2025-07-15T16:38:16.672970Z", "fetched_at": "2025-07-15T16:39:33.450387+00:00", "symbol": "DOGE-USD"}, {"trade_id": 139143324, "side": "sell", "size": "11.60000000", "price": "0.19418000", "time": "2025-07-15T16:38:16.672970Z", "fetched_at": "2025-07-15T16:39:33.450387+00:00", "symbol": "DOGE-USD"}, {"trade_id": 139143323, "side": "sell", "size": "3860.90000000", "price": "0.19418000", "time": "2025-07-15T16:38:16.672970Z", "fetched_at": "2025-07-15T16:39:33.450387+00:00", "symbol": "DOGE-USD"}, {"trade_id": 139143322, "side": "sell", "size": "69.40000000", "price": "0.19418000", "time": "2025-07-15T16:38:16.098359Z", "fetched_at": "2025-07-15T16:39:33.450387+00:00", "symbol": "DOGE-USD"}, {"trade_id": 139143321, "side": "sell", "size": "5.70000000", "price": "0.19418000", "time": "2025-07-15T16:38:16.098359Z", "fetched_at": "2025-07-15T16:39:33.450387+00:00", "symbol": "DOGE-USD"}, {"trade_id": 139143320, "side": "sell", "size": "12.20000000", "price": "0.19417000", "time": "2025-07-15T16:38:11.239127Z", "fetched_at": "2025-07-15T16:39:33.450387+00:00", "symbol": "DOGE-USD"}, {"trade_id": 139143319, "side": "sell", "size": "5335.60000000", "price": "0.19417000", "time": "2025-07-15T16:38:11.239127Z", "fetched_at": "2025-07-15T16:39:33.450387+00:00", "symbol": "DOGE-USD"}, {"trade_id": 139143318, "side": "sell", "size": "5.70000000", "price": "0.19416000", "time": "2025-07-15T16:38:11.239127Z", "fetched_at": "2025-07-15T16:39:33.450387+00:00", "symbol": "DOGE-USD"}, {"trade_id": 139143317, "side": "sell", "size": "5.70000000", "price": "0.19414000", "time": "2025-07-15T16:38:09.358410Z", "fetched_at": "2025-07-15T16:39:33.450387+00:00", "symbol": "DOGE-USD"}, {"trade_id": 139143316, "side": "buy", "size": "10562.70000000", "price": "0.19409000", "time": "2025-07-15T16:38:03.111896Z", "fetched_at": "2025-07-15T16:39:33.450387+00:00", "symbol": "DOGE-USD"}, {"trade_id": 139143315, "side": "buy", "size": "1759.10000000", "price": "0.19409000", "time": "2025-07-15T16:38:03.111896Z", "fetched_at": "2025-07-15T16:39:33.450387+00:00", "symbol": "DOGE-USD"}, {"trade_id": 139143314, "side": "buy", "size": "57.80000000", "price": "0.19410000", "time": "2025-07-15T16:38:03.111896Z", "fetched_at": "2025-07-15T16:39:33.450387+00:00", "symbol": "DOGE-USD"}, {"trade_id": 139143313, "side": "buy", "size": "931.30000000", "price": "0.19410000", "time": "2025-07-15T16:38:03.111896Z", "fetched_at": "2025-07-15T16:39:33.450387+00:00", "symbol": "DOGE-USD"}, {"trade_id": 139143312, "side": "buy", "size": "5.70000000", "price": "0.19410000", "time": "2025-07-15T16:38:03.111896Z", "fetched_at": "2025-07-15T16:39:33.450387+00:00", "symbol": "DOGE-USD"}, {"trade_id": 139143311, "side": "buy", "size": "57.80000000", "price": "0.19411000", "time": "2025-07-15T16:38:00.872657Z", "fetched_at": "2025-07-15T16:39:33.450387+00:00", "symbol": "DOGE-USD"}, {"trade_id": 139143310, "side": "buy", "size": "931.30000000", "price": "0.19412000", "time": "2025-07-15T16:38:00.872657Z", "fetched_at": "2025-07-15T16:39:33.450387+00:00", "symbol": "DOGE-USD"}, {"trade_id": 139143309, "side": "sell", "size": "5.70000000", "price": "0.19416000", "time": "2025-07-15T16:37:54.839737Z", "fetched_at": "2025-07-15T16:39:33.450387+00:00", "symbol": "DOGE-USD"}, {"trade_id": 139143308, "side": "sell", "size": "5.70000000", "price": "0.19414000", "time": "2025-07-15T16:37:54.569243Z", "fetched_at": "2025-07-15T16:39:33.450387+00:00", "symbol": "DOGE-USD"}, {"trade_id": 139143307, "side": "sell", "size": "5.70000000", "price": "0.19412000", "time": "2025-07-15T16:37:54.232998Z", "fetched_at": "2025-07-15T16:39:33.450387+00:00", "symbol": "DOGE-USD"}, {"trade_id": 139143306, "side": "buy", "size": "362.40000000", "price": "0.19409000", "time": "2025-07-15T16:37:52.761036Z", "fetched_at": "2025-07-15T16:39:33.450387+00:00", "symbol": "DOGE-USD"}, {"trade_id": 139143305, "side": "buy", "size": "931.30000000", "price": "0.19410000", "time": "2025-07-15T16:37:52.761036Z", "fetched_at": "2025-07-15T16:39:33.450387+00:00", "symbol": "DOGE-USD"}, {"trade_id": 139143304, "side": "buy", "size": "1210.00000000", "price": "0.19410000", "time": "2025-07-15T16:37:52.761036Z", "fetched_at": "2025-07-15T16:39:33.450387+00:00", "symbol": "DOGE-USD"}, {"trade_id": 139143303, "side": "buy", "size": "931.30000000", "price": "0.19411000", "time": "2025-07-15T16:37:52.761036Z", "fetched_at": "2025-07-15T16:39:33.450387+00:00", "symbol": "DOGE-USD"}, {"trade_id": 139143302, "side": "sell", "size": "6726.00000000", "price": "0.19409000", "time": "2025-07-15T16:37:46.767554Z", "fetched_at": "2025-07-15T16:39:33.450387+00:00", "symbol": "DOGE-USD"}, {"trade_id": 139143301, "side": "sell", "size": "1759.10000000", "price": "0.19409000", "time": "2025-07-15T16:37:46.767554Z", "fetched_at": "2025-07-15T16:39:33.450387+00:00", "symbol": "DOGE-USD"}, {"trade_id": 139143300, "side": "sell", "size": "14.90000000", "price": "0.19409000", "time": "2025-07-15T16:37:46.767554Z", "fetched_at": "2025-07-15T16:39:33.450387+00:00", "symbol": "DOGE-USD"}, {"trade_id": 139143299, "side": "sell", "size": "127.40000000", "price": "0.19411000", "time": "2025-07-15T16:37:42.615071Z", "fetched_at": "2025-07-15T16:39:33.450387+00:00", "symbol": "DOGE-USD"}, {"trade_id": 139143298, "side": "sell", "size": "5.70000000", "price": "0.19410000", "time": "2025-07-15T16:37:41.115419Z", "fetched_at": "2025-07-15T16:39:33.450387+00:00", "symbol": "DOGE-USD"}, {"trade_id": 139143297, "side": "sell", "size": "166.00000000", "price": "0.19405000", "time": "2025-07-15T16:37:39.561957Z", "fetched_at": "2025-07-15T16:39:33.450387+00:00", "symbol": "DOGE-USD"}, {"trade_id": 139143296, "side": "buy", "size": "931.30000000", "price": "0.19407000", "time": "2025-07-15T16:37:39.397174Z", "fetched_at": "2025-07-15T16:39:33.450387+00:00", "symbol": "DOGE-USD"}, {"trade_id": 139143295, "side": "buy", "size": "931.30000000", "price": "0.19408000", "time": "2025-07-15T16:37:39.397174Z", "fetched_at": "2025-07-15T16:39:33.450387+00:00", "symbol": "DOGE-USD"}, {"trade_id": 139143294, "side": "buy", "size": "931.30000000", "price": "0.19409000", "time": "2025-07-15T16:37:38.631025Z", "fetched_at": "2025-07-15T16:39:33.450387+00:00", "symbol": "DOGE-USD"}, {"trade_id": 139143293, "side": "sell", "size": "49.70000000", "price": "0.19405000", "time": "2025-07-15T16:37:34.613125Z", "fetched_at": "2025-07-15T16:39:33.450387+00:00", "symbol": "DOGE-USD"}, {"trade_id": 139143292, "side": "sell", "size": "5201.40000000", "price": "0.19406000", "time": "2025-07-15T16:37:31.929305Z", "fetched_at": "2025-07-15T16:39:33.450387+00:00", "symbol": "DOGE-USD"}, {"trade_id": 139143291, "side": "sell", "size": "1759.10000000", "price": "0.19406000", "time": "2025-07-15T16:37:31.929305Z", "fetched_at": "2025-07-15T16:39:33.450387+00:00", "symbol": "DOGE-USD"}, {"trade_id": 139143290, "side": "sell", "size": "40.30000000", "price": "0.19405000", "time": "2025-07-15T16:37:31.929305Z", "fetched_at": "2025-07-15T16:39:33.450387+00:00", "symbol": "DOGE-USD"}, {"trade_id": 139143289, "side": "buy", "size": "5.70000000", "price": "0.19404000", "time": "2025-07-15T16:37:31.223665Z", "fetched_at": "2025-07-15T16:39:33.450387+00:00", "symbol": "DOGE-USD"}, {"trade_id": 139143288, "side": "buy", "size": "40.50000000", "price": "0.19405000", "time": "2025-07-15T16:37:31.223665Z", "fetched_at": "2025-07-15T16:39:33.450387+00:00", "symbol": "DOGE-USD"}, {"trade_id": 139143287, "side": "buy", "size": "5.70000000", "price": "0.19406000", "time": "2025-07-15T16:37:31.223665Z", "fetched_at": "2025-07-15T16:39:33.450387+00:00", "symbol": "DOGE-USD"}, {"trade_id": 139143286, "side": "buy", "size": "102.20000000", "price": "0.19408000", "time": "2025-07-15T16:37:31.223665Z", "fetched_at": "2025-07-15T16:39:33.450387+00:00", "symbol": "DOGE-USD"}, {"trade_id": 139143285, "side": "buy", "size": "5.70000000", "price": "0.19408000", "time": "2025-07-15T16:37:31.223665Z", "fetched_at": "2025-07-15T16:39:33.450387+00:00", "symbol": "DOGE-USD"}, {"trade_id": 139143284, "side": "buy", "size": "5.70000000", "price": "0.19410000", "time": "2025-07-15T16:37:31.223665Z", "fetched_at": "2025-07-15T16:39:33.450387+00:00", "symbol": "DOGE-USD"}, {"trade_id": 139143283, "side": "buy", "size": "3105.90000000", "price": "0.19411000", "time": "2025-07-15T16:37:31.054602Z", "fetched_at": "2025-07-15T16:39:33.450387+00:00", "symbol": "DOGE-USD"}, {"trade_id": 139143282, "side": "buy", "size": "1759.10000000", "price": "0.19411000", "time": "2025-07-15T16:37:31.054602Z", "fetched_at": "2025-07-15T16:39:33.450387+00:00", "symbol": "DOGE-USD"}, {"trade_id": 139143281, "side": "buy", "size": "39.00000000", "price": "0.19412000", "time": "2025-07-15T16:37:31.053447Z", "fetched_at": "2025-07-15T16:39:33.450387+00:00", "symbol": "DOGE-USD"}, {"trade_id": 139143280, "side": "buy", "size": "3133.20000000", "price": "0.19412000", "time": "2025-07-15T16:37:31.053447Z", "fetched_at": "2025-07-15T16:39:33.450387+00:00", "symbol": "DOGE-USD"}, {"trade_id": 139143279, "side": "buy", "size": "1759.10000000", "price": "0.19412000", "time": "2025-07-15T16:37:31.053447Z", "fetched_at": "2025-07-15T16:39:33.450387+00:00", "symbol": "DOGE-USD"}, {"trade_id": 139143278, "side": "buy", "size": "5.70000000", "price": "0.19412000", "time": "2025-07-15T16:37:31.053447Z", "fetched_at": "2025-07-15T16:39:33.450387+00:00", "symbol": "DOGE-USD"}, {"trade_id": 139143277, "side": "buy", "size": "5.70000000", "price": "0.19414000", "time": "2025-07-15T16:37:31.053447Z", "fetched_at": "2025-07-15T16:39:33.450387+00:00", "symbol": "DOGE-USD"}, {"trade_id": 139143276, "side": "buy", "size": "843.60000000", "price": "0.19416000", "time": "2025-07-15T16:37:29.847421Z", "fetched_at": "2025-07-15T16:39:33.450387+00:00", "symbol": "DOGE-USD"}, {"trade_id": 139143275, "side": "buy", "size": "34.90000000", "price": "0.19416000", "time": "2025-07-15T16:37:29.847421Z", "fetched_at": "2025-07-15T16:39:33.450387+00:00", "symbol": "DOGE-USD"}, {"trade_id": 139143274, "side": "buy", "size": "5.70000000", "price": "0.19416000", "time": "2025-07-15T16:37:29.847421Z", "fetched_at": "2025-07-15T16:39:33.450387+00:00", "symbol": "DOGE-USD"}, {"trade_id": 139143273, "side": "buy", "size": "33.50000000", "price": "0.19419000", "time": "2025-07-15T16:37:22.304220Z", "fetched_at": "2025-07-15T16:39:33.450387+00:00", "symbol": "DOGE-USD"}, {"trade_id": 139143272, "side": "buy", "size": "18947.60000000", "price": "0.19418000", "time": "2025-07-15T16:37:21.278146Z", "fetched_at": "2025-07-15T16:39:33.450387+00:00", "symbol": "DOGE-USD"}, {"trade_id": 139143271, "side": "buy", "size": "5.70000000", "price": "0.19420000", "time": "2025-07-15T16:37:21.278146Z", "fetched_at": "2025-07-15T16:39:33.450387+00:00", "symbol": "DOGE-USD"}, {"trade_id": 139143270, "side": "sell", "size": "1431.30000000", "price": "0.19425000", "time": "2025-07-15T16:37:16.360907Z", "fetched_at": "2025-07-15T16:39:33.450387+00:00", "symbol": "DOGE-USD"}, {"trade_id": 139143269, "side": "sell", "size": "931.30000000", "price": "0.19424000", "time": "2025-07-15T16:37:16.360907Z", "fetched_at": "2025-07-15T16:39:33.450387+00:00", "symbol": "DOGE-USD"}, {"trade_id": 139143268, "side": "sell", "size": "6.00000000", "price": "0.19423000", "time": "2025-07-15T16:37:16.360907Z", "fetched_at": "2025-07-15T16:39:33.450387+00:00", "symbol": "DOGE-USD"}, {"trade_id": 139143267, "side": "buy", "size": "5.70000000", "price": "0.19420000", "time": "2025-07-15T16:37:16.069553Z", "fetched_at": "2025-07-15T16:39:33.450387+00:00", "symbol": "DOGE-USD"}, {"trade_id": 139143266, "side": "buy", "size": "2203.10000000", "price": "0.19420000", "time": "2025-07-15T16:37:16.069553Z", "fetched_at": "2025-07-15T16:39:33.450387+00:00", "symbol": "DOGE-USD"}, {"trade_id": 139143265, "side": "buy", "size": "1759.10000000", "price": "0.19420000", "time": "2025-07-15T16:37:16.069553Z", "fetched_at": "2025-07-15T16:39:33.450387+00:00", "symbol": "DOGE-USD"}, {"trade_id": 139143264, "side": "buy", "size": "1566.00000000", "price": "0.19420000", "time": "2025-07-15T16:37:16.069553Z", "fetched_at": "2025-07-15T16:39:33.450387+00:00", "symbol": "DOGE-USD"}, {"trade_id": 139143263, "side": "buy", "size": "1361.70000000", "price": "0.19421000", "time": "2025-07-15T16:37:16.068001Z", "fetched_at": "2025-07-15T16:39:33.450387+00:00", "symbol": "DOGE-USD"}, {"trade_id": 139143262, "side": "buy", "size": "3142.90000000", "price": "0.19421000", "time": "2025-07-15T16:37:16.068001Z", "fetched_at": "2025-07-15T16:39:33.450387+00:00", "symbol": "DOGE-USD"}, {"trade_id": 139143261, "side": "buy", "size": "1759.10000000", "price": "0.19421000", "time": "2025-07-15T16:37:16.068001Z", "fetched_at": "2025-07-15T16:39:33.450387+00:00", "symbol": "DOGE-USD"}, {"trade_id": 139143260, "side": "buy", "size": "44.80000000", "price": "0.19425000", "time": "2025-07-15T16:37:16.052172Z", "fetched_at": "2025-07-15T16:39:33.450387+00:00", "symbol": "DOGE-USD"}, {"trade_id": 139143259, "side": "buy", "size": "1345.20000000", "price": "0.19425000", "time": "2025-07-15T16:37:16.045545Z", "fetched_at": "2025-07-15T16:39:33.450387+00:00", "symbol": "DOGE-USD"}, {"trade_id": 139143258, "side": "buy", "size": "1759.10000000", "price": "0.19425000", "time": "2025-07-15T16:37:16.045545Z", "fetched_at": "2025-07-15T16:39:33.450387+00:00", "symbol": "DOGE-USD"}, {"trade_id": 139143257, "side": "buy", "size": "931.30000000", "price": "0.19426000", "time": "2025-07-15T16:37:16.045545Z", "fetched_at": "2025-07-15T16:39:33.450387+00:00", "symbol": "DOGE-USD"}, {"trade_id": 139143256, "side": "buy", "size": "931.30000000", "price": "0.19427000", "time": "2025-07-15T16:37:16.045545Z", "fetched_at": "2025-07-15T16:39:33.450387+00:00", "symbol": "DOGE-USD"}, {"trade_id": 139143255, "side": "buy", "size": "536.20000000", "price": "0.19427000", "time": "2025-07-15T16:37:16.045545Z", "fetched_at": "2025-07-15T16:39:33.450387+00:00", "symbol": "DOGE-USD"}, {"trade_id": 139143254, "side": "sell", "size": "5.70000000", "price": "0.19426000", "time": "2025-07-15T16:37:15.892643Z", "fetched_at": "2025-07-15T16:39:33.450387+00:00", "symbol": "DOGE-USD"}, {"trade_id": 139143253, "side": "sell", "size": "5.70000000", "price": "0.19424000", "time": "2025-07-15T16:37:13.536561Z", "fetched_at": "2025-07-15T16:39:33.450387+00:00", "symbol": "DOGE-USD"}, {"trade_id": 139143252, "side": "buy", "size": "118.80000000", "price": "0.19423000", "time": "2025-07-15T16:37:13.426827Z", "fetched_at": "2025-07-15T16:39:33.450387+00:00", "symbol": "DOGE-USD"}, {"trade_id": 139143251, "side": "buy", "size": "536.20000000", "price": "0.19423000", "time": "2025-07-15T16:37:13.426827Z", "fetched_at": "2025-07-15T16:39:33.450387+00:00", "symbol": "DOGE-USD"}, {"trade_id": 139143250, "side": "sell", "size": "5.70000000", "price": "0.19422000", "time": "2025-07-15T16:37:13.240312Z", "fetched_at": "2025-07-15T16:39:33.450387+00:00", "symbol": "DOGE-USD"}, {"trade_id": 139143249, "side": "sell", "size": "5.70000000", "price": "0.19420000", "time": "2025-07-15T16:37:12.831880Z", "fetched_at": "2025-07-15T16:39:33.450387+00:00", "symbol": "DOGE-USD"}, {"trade_id": 139143248, "side": "sell", "size": "5.70000000", "price": "0.19418000", "time": "2025-07-15T16:37:12.103601Z", "fetched_at": "2025-07-15T16:39:33.450387+00:00", "symbol": "DOGE-USD"}, {"trade_id": 139143247, "side": "sell", "size": "22.30000000", "price": "0.19415000", "time": "2025-07-15T16:37:11.749117Z", "fetched_at": "2025-07-15T16:39:33.450387+00:00", "symbol": "DOGE-USD"}, {"trade_id": 139143246, "side": "sell", "size": "12072.20000000", "price": "0.19416000", "time": "2025-07-15T16:37:11.736269Z", "fetched_at": "2025-07-15T16:39:33.450387+00:00", "symbol": "DOGE-USD"}, {"trade_id": 139143245, "side": "sell", "size": "7559.00000000", "price": "0.19416000", "time": "2025-07-15T16:37:11.735720Z", "fetched_at": "2025-07-15T16:39:33.450387+00:00", "symbol": "DOGE-USD"}, {"trade_id": 139143244, "side": "sell", "size": "22.30000000", "price": "0.19415000", "time": "2025-07-15T16:37:11.735720Z", "fetched_at": "2025-07-15T16:39:33.450387+00:00", "symbol": "DOGE-USD"}, {"trade_id": 139143243, "side": "sell", "size": "5865.30000000", "price": "0.19416000", "time": "2025-07-15T16:37:11.674189Z", "fetched_at": "2025-07-15T16:39:33.450387+00:00", "symbol": "DOGE-USD"}, {"trade_id": 139143242, "side": "sell", "size": "5.70000000", "price": "0.19416000", "time": "2025-07-15T16:37:11.674189Z", "fetched_at": "2025-07-15T16:39:33.450387+00:00", "symbol": "DOGE-USD"}, {"trade_id": 139143241, "side": "sell", "size": "2521.30000000", "price": "0.19416000", "time": "2025-07-15T16:37:11.674189Z", "fetched_at": "2025-07-15T16:39:33.450387+00:00", "symbol": "DOGE-USD"}, {"trade_id": 139143240, "side": "sell", "size": "1973.70000000", "price": "0.19416000", "time": "2025-07-15T16:37:11.669811Z", "fetched_at": "2025-07-15T16:39:33.450387+00:00", "symbol": "DOGE-USD"}, {"trade_id": 139143239, "side": "sell", "size": "1759.10000000", "price": "0.19416000", "time": "2025-07-15T16:37:11.669811Z", "fetched_at": "2025-07-15T16:39:33.450387+00:00", "symbol": "DOGE-USD"}, {"trade_id": 139143238, "side": "sell", "size": "5375.00000000", "price": "0.19415000", "time": "2025-07-15T16:37:11.646160Z", "fetched_at": "2025-07-15T16:39:33.450387+00:00", "symbol": "DOGE-USD"}, {"trade_id": 139143237, "side": "sell", "size": "8111.20000000", "price": "0.19415000", "time": "2025-07-15T16:37:11.644689Z", "fetched_at": "2025-07-15T16:39:33.450387+00:00", "symbol": "DOGE-USD"}, {"trade_id": 139143236, "side": "sell", "size": "2215.80000000", "price": "0.19415000", "time": "2025-07-15T16:37:11.644689Z", "fetched_at": "2025-07-15T16:39:33.450387+00:00", "symbol": "DOGE-USD"}, {"trade_id": 139143235, "side": "sell", "size": "1131.90000000", "price": "0.19415000", "time": "2025-07-15T16:37:11.644689Z", "fetched_at": "2025-07-15T16:39:33.450387+00:00", "symbol": "DOGE-USD"}, {"trade_id": 139143234, "side": "sell", "size": "897.80000000", "price": "0.19415000", "time": "2025-07-15T16:37:11.639039Z", "fetched_at": "2025-07-15T16:39:33.450387+00:00", "symbol": "DOGE-USD"}, {"trade_id": 139143233, "side": "sell", "size": "1759.10000000", "price": "0.19415000", "time": "2025-07-15T16:37:11.639039Z", "fetched_at": "2025-07-15T16:39:33.450387+00:00", "symbol": "DOGE-USD"}, {"trade_id": 139143232, "side": "sell", "size": "22.80000000", "price": "0.19414000", "time": "2025-07-15T16:37:11.639039Z", "fetched_at": "2025-07-15T16:39:33.450387+00:00", "symbol": "DOGE-USD"}, {"trade_id": 139143231, "side": "sell", "size": "6568.90000000", "price": "0.19413000", "time": "2025-07-15T16:37:11.634838Z", "fetched_at": "2025-07-15T16:39:33.450387+00:00", "symbol": "DOGE-USD"}, {"trade_id": 139143230, "side": "sell", "size": "3734.10000000", "price": "0.19413000", "time": "2025-07-15T16:37:11.633526Z", "fetched_at": "2025-07-15T16:39:33.450387+00:00", "symbol": "DOGE-USD"}, {"trade_id": 139143229, "side": "sell", "size": "78.90000000", "price": "0.19414000", "time": "2025-07-15T16:37:10.466881Z", "fetched_at": "2025-07-15T16:39:33.450387+00:00", "symbol": "DOGE-USD"}, {"trade_id": 139143228, "side": "sell", "size": "21.20000000", "price": "0.19413000", "time": "2025-07-15T16:37:10.466881Z", "fetched_at": "2025-07-15T16:39:33.450387+00:00", "symbol": "DOGE-USD"}, {"trade_id": 139143227, "side": "buy", "size": "257.50000000", "price": "0.19413000", "time": "2025-07-15T16:37:04.497988Z", "fetched_at": "2025-07-15T16:39:33.450387+00:00", "symbol": "DOGE-USD"}, {"trade_id": 139143226, "side": "sell", "size": "3116.70000000", "price": "0.19417000", "time": "2025-07-15T16:37:03.735654Z", "fetched_at": "2025-07-15T16:39:33.450387+00:00", "symbol": "DOGE-USD"}, {"trade_id": 139143225, "side": "sell", "size": "1759.10000000", "price": "0.19417000", "time": "2025-07-15T16:37:03.735654Z", "fetched_at": "2025-07-15T16:39:33.450387+00:00", "symbol": "DOGE-USD"}, {"trade_id": 139143224, "side": "sell", "size": "458.00000000", "price": "0.19417000", "time": "2025-07-15T16:37:03.735654Z", "fetched_at": "2025-07-15T16:39:33.450387+00:00", "symbol": "DOGE-USD"}, {"trade_id": 139143223, "side": "sell", "size": "183.00000000", "price": "0.19416000", "time": "2025-07-15T16:37:03.735654Z", "fetched_at": "2025-07-15T16:39:33.450387+00:00", "symbol": "DOGE-USD"}, {"trade_id": 139143222, "side": "sell", "size": "1621.60000000", "price": "0.19416000", "time": "2025-07-15T16:37:03.735654Z", "fetched_at": "2025-07-15T16:39:33.450387+00:00", "symbol": "DOGE-USD"}, {"trade_id": 139143221, "side": "sell", "size": "1530.40000000", "price": "0.19416000", "time": "2025-07-15T16:37:03.735654Z", "fetched_at": "2025-07-15T16:39:33.450387+00:00", "symbol": "DOGE-USD"}, {"trade_id": 139143220, "side": "sell", "size": "34.30000000", "price": "0.19416000", "time": "2025-07-15T16:37:03.735654Z", "fetched_at": "2025-07-15T16:39:33.450387+00:00", "symbol": "DOGE-USD"}, {"trade_id": 139143219, "side": "sell", "size": "1566.00000000", "price": "0.19416000", "time": "2025-07-15T16:37:03.735654Z", "fetched_at": "2025-07-15T16:39:33.450387+00:00", "symbol": "DOGE-USD"}, {"trade_id": 139143218, "side": "sell", "size": "5.70000000", "price": "0.19416000", "time": "2025-07-15T16:37:03.735654Z", "fetched_at": "2025-07-15T16:39:33.450387+00:00", "symbol": "DOGE-USD"}, {"trade_id": 139143217, "side": "sell", "size": "1560.50000000", "price": "0.19415000", "time": "2025-07-15T16:37:02.503622Z", "fetched_at": "2025-07-15T16:39:33.450387+00:00", "symbol": "DOGE-USD"}, {"trade_id": 139143216, "side": "sell", "size": "1759.10000000", "price": "0.19415000", "time": "2025-07-15T16:37:02.503622Z", "fetched_at": "2025-07-15T16:39:33.450387+00:00", "symbol": "DOGE-USD"}, {"trade_id": 139143215, "side": "sell", "size": "37.40000000", "price": "0.19414000", "time": "2025-07-15T16:37:02.503622Z", "fetched_at": "2025-07-15T16:39:33.450387+00:00", "symbol": "DOGE-USD"}, {"trade_id": 139143214, "side": "buy", "size": "5343.40000000", "price": "0.19412000", "time": "2025-07-15T16:36:58.383165Z", "fetched_at": "2025-07-15T16:39:33.450387+00:00", "symbol": "DOGE-USD"}, {"trade_id": 139143213, "side": "buy", "size": "5.70000000", "price": "0.19412000", "time": "2025-07-15T16:36:58.383165Z", "fetched_at": "2025-07-15T16:39:33.450387+00:00", "symbol": "DOGE-USD"}, {"trade_id": 139143212, "side": "buy", "size": "5.70000000", "price": "0.19414000", "time": "2025-07-15T16:36:58.383165Z", "fetched_at": "2025-07-15T16:39:33.450387+00:00", "symbol": "DOGE-USD"}, {"trade_id": 139143211, "side": "buy", "size": "5.70000000", "price": "0.19416000", "time": "2025-07-15T16:36:57.389500Z", "fetched_at": "2025-07-15T16:39:33.450387+00:00", "symbol": "DOGE-USD"}, {"trade_id": 139143210, "side": "buy", "size": "5.70000000", "price": "0.19418000", "time": "2025-07-15T16:36:56.387087Z", "fetched_at": "2025-07-15T16:39:33.450387+00:00", "symbol": "DOGE-USD"}, {"trade_id": 139143209, "side": "sell", "size": "14.20000000", "price": "0.19419000", "time": "2025-07-15T16:36:54.667315Z", "fetched_at": "2025-07-15T16:39:33.450387+00:00", "symbol": "DOGE-USD"}, {"trade_id": 139143208, "side": "buy", "size": "312.00000000", "price": "0.19419000", "time": "2025-07-15T16:36:51.265294Z", "fetched_at": "2025-07-15T16:39:33.450387+00:00", "symbol": "DOGE-USD"}, {"trade_id": 139143207, "side": "buy", "size": "5.70000000", "price": "0.19420000", "time": "2025-07-15T16:36:49.962529Z", "fetched_at": "2025-07-15T16:39:33.450387+00:00", "symbol": "DOGE-USD"}, {"trade_id": 139143206, "side": "buy", "size": "5.70000000", "price": "0.19422000", "time": "2025-07-15T16:36:44.880492Z", "fetched_at": "2025-07-15T16:39:33.450387+00:00", "symbol": "DOGE-USD"}, {"trade_id": 139143205, "side": "buy", "size": "5.70000000", "price": "0.19424000", "time": "2025-07-15T16:36:44.443322Z", "fetched_at": "2025-07-15T16:39:33.450387+00:00", "symbol": "DOGE-USD"}, {"trade_id": 139143204, "side": "buy", "size": "57.80000000", "price": "0.19426000", "time": "2025-07-15T16:36:42.383624Z", "fetched_at": "2025-07-15T16:39:33.450387+00:00", "symbol": "DOGE-USD"}, {"trade_id": 139143203, "side": "buy", "size": "5.70000000", "price": "0.19426000", "time": "2025-07-15T16:36:42.383624Z", "fetched_at": "2025-07-15T16:39:33.450387+00:00", "symbol": "DOGE-USD"}, {"trade_id": 139143202, "side": "sell", "size": "25.00000000", "price": "0.19427000", "time": "2025-07-15T16:36:39.999378Z", "fetched_at": "2025-07-15T16:39:33.450387+00:00", "symbol": "DOGE-USD"}, {"trade_id": 139143201, "side": "buy", "size": "0.40000000", "price": "0.19428000", "time": "2025-07-15T16:36:39.255690Z", "fetched_at": "2025-07-15T16:39:33.450387+00:00", "symbol": "DOGE-USD"}, {"trade_id": 139143200, "side": "buy", "size": "931.30000000", "price": "0.19428000", "time": "2025-07-15T16:36:38.092242Z", "fetched_at": "2025-07-15T16:39:33.450387+00:00", "symbol": "DOGE-USD"}, {"trade_id": 139143199, "side": "buy", "size": "57.70000000", "price": "0.19428000", "time": "2025-07-15T16:36:38.092242Z", "fetched_at": "2025-07-15T16:39:33.450387+00:00", "symbol": "DOGE-USD"}, {"trade_id": 139143198, "side": "buy", "size": "931.30000000", "price": "0.19429000", "time": "2025-07-15T16:36:38.092242Z", "fetched_at": "2025-07-15T16:39:33.450387+00:00", "symbol": "DOGE-USD"}, {"trade_id": 139143197, "side": "sell", "size": "57.80000000", "price": "0.19425000", "time": "2025-07-15T16:36:36.254574Z", "fetched_at": "2025-07-15T16:39:33.450387+00:00", "symbol": "DOGE-USD"}, {"trade_id": 139143196, "side": "sell", "size": "42.30000000", "price": "0.19425000", "time": "2025-07-15T16:36:36.022903Z", "fetched_at": "2025-07-15T16:39:33.450387+00:00", "symbol": "DOGE-USD"}, {"trade_id": 139143195, "side": "sell", "size": "57.80000000", "price": "0.19424000", "time": "2025-07-15T16:36:36.022903Z", "fetched_at": "2025-07-15T16:39:33.450387+00:00", "symbol": "DOGE-USD"}, {"trade_id": 139143194, "side": "sell", "size": "2573.00000000", "price": "0.19425000", "time": "2025-07-15T16:36:35.213979Z", "fetched_at": "2025-07-15T16:39:33.450387+00:00", "symbol": "DOGE-USD"}, {"trade_id": 139143193, "side": "sell", "size": "57.70000000", "price": "0.19424000", "time": "2025-07-15T16:36:35.213979Z", "fetched_at": "2025-07-15T16:39:33.450387+00:00", "symbol": "DOGE-USD"}, {"trade_id": 139143192, "side": "buy", "size": "5.70000000", "price": "0.19424000", "time": "2025-07-15T16:36:34.014500Z", "fetched_at": "2025-07-15T16:39:33.450387+00:00", "symbol": "DOGE-USD"}, {"trade_id": 139143191, "side": "buy", "size": "5.70000000", "price": "0.19426000", "time": "2025-07-15T16:36:33.999794Z", "fetched_at": "2025-07-15T16:39:33.450387+00:00", "symbol": "DOGE-USD"}, {"trade_id": 139143190, "side": "sell", "size": "11.50000000", "price": "0.19432000", "time": "2025-07-15T16:36:33.222393Z", "fetched_at": "2025-07-15T16:39:33.450387+00:00", "symbol": "DOGE-USD"}, {"trade_id": 139143189, "side": "sell", "size": "2.50000000", "price": "0.19431000", "time": "2025-07-15T16:36:32.271668Z", "fetched_at": "2025-07-15T16:39:33.450387+00:00", "symbol": "DOGE-USD"}, {"trade_id": 139143188, "side": "sell", "size": "5.70000000", "price": "0.19432000", "time": "2025-07-15T16:36:26.591008Z", "fetched_at": "2025-07-15T16:39:33.450387+00:00", "symbol": "DOGE-USD"}, {"trade_id": 139143187, "side": "sell", "size": "5.70000000", "price": "0.19430000", "time": "2025-07-15T16:36:25.805330Z", "fetched_at": "2025-07-15T16:39:33.450387+00:00", "symbol": "DOGE-USD"}, {"trade_id": 139143186, "side": "sell", "size": "5.70000000", "price": "0.19428000", "time": "2025-07-15T16:36:24.453571Z", "fetched_at": "2025-07-15T16:39:33.450387+00:00", "symbol": "DOGE-USD"}, {"trade_id": 139143185, "side": "sell", "size": "10.00000000", "price": "0.19427000", "time": "2025-07-15T16:36:24.404314Z", "fetched_at": "2025-07-15T16:39:33.450387+00:00", "symbol": "DOGE-USD"}, {"trade_id": 139143184, "side": "sell", "size": "5.70000000", "price": "0.19426000", "time": "2025-07-15T16:36:24.267511Z", "fetched_at": "2025-07-15T16:39:33.450387+00:00", "symbol": "DOGE-USD"}, {"trade_id": 139143183, "side": "sell", "size": "5.70000000", "price": "0.19424000", "time": "2025-07-15T16:36:24.055702Z", "fetched_at": "2025-07-15T16:39:33.450387+00:00", "symbol": "DOGE-USD"}, {"trade_id": 139143182, "side": "sell", "size": "9.00000000", "price": "0.19421000", "time": "2025-07-15T16:36:23.308874Z", "fetched_at": "2025-07-15T16:39:33.450387+00:00", "symbol": "DOGE-USD"}, {"trade_id": 139143181, "side": "buy", "size": "5.70000000", "price": "0.19420000", "time": "2025-07-15T16:36:20.285706Z", "fetched_at": "2025-07-15T16:39:33.450387+00:00", "symbol": "DOGE-USD"}, {"trade_id": 139143180, "side": "buy", "size": "44.70000000", "price": "0.19424000", "time": "2025-07-15T16:36:13.120828Z", "fetched_at": "2025-07-15T16:39:33.450387+00:00", "symbol": "DOGE-USD"}, {"trade_id": 139143179, "side": "sell", "size": "5.70000000", "price": "0.19428000", "time": "2025-07-15T16:36:11.285169Z", "fetched_at": "2025-07-15T16:39:33.450387+00:00", "symbol": "DOGE-USD"}, {"trade_id": 139143178, "side": "sell", "size": "10296.20000000", "price": "0.19427000", "time": "2025-07-15T16:36:11.284108Z", "fetched_at": "2025-07-15T16:39:33.450387+00:00", "symbol": "DOGE-USD"}, {"trade_id": 139143177, "side": "sell", "size": "15419.90000000", "price": "0.19427000", "time": "2025-07-15T16:36:11.284108Z", "fetched_at": "2025-07-15T16:39:33.450387+00:00", "symbol": "DOGE-USD"}, {"trade_id": 139143176, "side": "sell", "size": "3346.60000000", "price": "0.19427000", "time": "2025-07-15T16:36:11.281225Z", "fetched_at": "2025-07-15T16:39:33.450387+00:00", "symbol": "DOGE-USD"}, {"trade_id": 139143175, "side": "sell", "size": "6603.50000000", "price": "0.19427000", "time": "2025-07-15T16:36:11.281225Z", "fetched_at": "2025-07-15T16:39:33.450387+00:00", "symbol": "DOGE-USD"}, {"trade_id": 139143174, "side": "sell", "size": "10296.20000000", "price": "0.19426000", "time": "2025-07-15T16:36:11.281225Z", "fetched_at": "2025-07-15T16:39:33.450387+00:00", "symbol": "DOGE-USD"}, {"trade_id": 139143173, "side": "sell", "size": "1247.60000000", "price": "0.19425000", "time": "2025-07-15T16:36:11.273784Z", "fetched_at": "2025-07-15T16:39:33.450387+00:00", "symbol": "DOGE-USD"}, {"trade_id": 139143172, "side": "sell", "size": "111.80000000", "price": "0.19425000", "time": "2025-07-15T16:36:11.268923Z", "fetched_at": "2025-07-15T16:39:33.450387+00:00", "symbol": "DOGE-USD"}, {"trade_id": 139143171, "side": "sell", "size": "1942.20000000", "price": "0.19425000", "time": "2025-07-15T16:36:11.268923Z", "fetched_at": "2025-07-15T16:39:33.450387+00:00", "symbol": "DOGE-USD"}, {"trade_id": 139143170, "side": "sell", "size": "931.30000000", "price": "0.19424000", "time": "2025-07-15T16:36:11.268923Z", "fetched_at": "2025-07-15T16:39:33.450387+00:00", "symbol": "DOGE-USD"}, {"trade_id": 139143169, "side": "sell", "size": "183.00000000", "price": "0.19423000", "time": "2025-07-15T16:36:11.268923Z", "fetched_at": "2025-07-15T16:39:33.450387+00:00", "symbol": "DOGE-USD"}, {"trade_id": 139143168, "side": "sell", "size": "8.20000000", "price": "0.19423000", "time": "2025-07-15T16:36:11.268923Z", "fetched_at": "2025-07-15T16:39:33.450387+00:00", "symbol": "DOGE-USD"}, {"trade_id": 139143167, "side": "buy", "size": "18770.20000000", "price": "0.19423000", "time": "2025-07-15T16:36:10.080360Z", "fetched_at": "2025-07-15T16:39:33.450387+00:00", "symbol": "DOGE-USD"}, {"trade_id": 139143166, "side": "buy", "size": "57.80000000", "price": "0.19424000", "time": "2025-07-15T16:36:10.080360Z", "fetched_at": "2025-07-15T16:39:33.450387+00:00", "symbol": "DOGE-USD"}, {"trade_id": 139143165, "side": "buy", "size": "259.80000000", "price": "0.19427000", "time": "2025-07-15T16:36:08.718488Z", "fetched_at": "2025-07-15T16:39:33.450387+00:00", "symbol": "DOGE-USD"}, {"trade_id": 139143164, "side": "buy", "size": "69.50000000", "price": "0.19427000", "time": "2025-07-15T16:36:08.471388Z", "fetched_at": "2025-07-15T16:39:33.450387+00:00", "symbol": "DOGE-USD"}, {"trade_id": 139143163, "side": "sell", "size": "164.70000000", "price": "0.19427000", "time": "2025-07-15T16:36:06.377727Z", "fetched_at": "2025-07-15T16:39:33.450387+00:00", "symbol": "DOGE-USD"}, {"trade_id": 139143162, "side": "sell", "size": "5.00000000", "price": "0.19427000", "time": "2025-07-15T16:36:06.099899Z", "fetched_at": "2025-07-15T16:39:33.450387+00:00", "symbol": "DOGE-USD"}, {"trade_id": 139143161, "side": "buy", "size": "2076.40000000", "price": "0.19422000", "time": "2025-07-15T16:36:05.552963Z", "fetched_at": "2025-07-15T16:39:33.450387+00:00", "symbol": "DOGE-USD"}, {"trade_id": 139143160, "side": "buy", "size": "1759.10000000", "price": "0.19422000", "time": "2025-07-15T16:36:05.552963Z", "fetched_at": "2025-07-15T16:39:33.450387+00:00", "symbol": "DOGE-USD"}, {"trade_id": 139143159, "side": "buy", "size": "6602.30000000", "price": "0.19422000", "time": "2025-07-15T16:36:05.552963Z", "fetched_at": "2025-07-15T16:39:33.450387+00:00", "symbol": "DOGE-USD"}, {"trade_id": 139143158, "side": "buy", "size": "1566.00000000", "price": "0.19422000", "time": "2025-07-15T16:36:05.552963Z", "fetched_at": "2025-07-15T16:39:33.450387+00:00", "symbol": "DOGE-USD"}, {"trade_id": 139143157, "side": "buy", "size": "3141.90000000", "price": "0.19423000", "time": "2025-07-15T16:36:05.552963Z", "fetched_at": "2025-07-15T16:39:33.450387+00:00", "symbol": "DOGE-USD"}, {"trade_id": 139143156, "side": "buy", "size": "1759.10000000", "price": "0.19423000", "time": "2025-07-15T16:36:05.552963Z", "fetched_at": "2025-07-15T16:39:33.450387+00:00", "symbol": "DOGE-USD"}, {"trade_id": 139143155, "side": "buy", "size": "1569.90000000", "price": "0.19423000", "time": "2025-07-15T16:36:05.552963Z", "fetched_at": "2025-07-15T16:39:33.450387+00:00", "symbol": "DOGE-USD"}, {"trade_id": 139143154, "side": "buy", "size": "931.30000000", "price": "0.19425000", "time": "2025-07-15T16:36:05.552963Z", "fetched_at": "2025-07-15T16:39:33.450387+00:00", "symbol": "DOGE-USD"}, {"trade_id": 139143153, "side": "buy", "size": "57.80000000", "price": "0.19426000", "time": "2025-07-15T16:36:05.552963Z", "fetched_at": "2025-07-15T16:39:33.450387+00:00", "symbol": "DOGE-USD"}, {"trade_id": 139143152, "side": "buy", "size": "536.20000000", "price": "0.19427000", "time": "2025-07-15T16:36:05.552963Z", "fetched_at": "2025-07-15T16:39:33.450387+00:00", "symbol": "DOGE-USD"}, {"trade_id": 139143151, "side": "sell", "size": "13.10000000", "price": "0.19431000", "time": "2025-07-15T16:36:03.783281Z", "fetched_at": "2025-07-15T16:39:33.450387+00:00", "symbol": "DOGE-USD"}, {"trade_id": 139143150, "side": "sell", "size": "1504.30000000", "price": "0.19430000", "time": "2025-07-15T16:36:03.783281Z", "fetched_at": "2025-07-15T16:39:33.450387+00:00", "symbol": "DOGE-USD"}, {"trade_id": 139143149, "side": "sell", "size": "5.70000000", "price": "0.19430000", "time": "2025-07-15T16:36:03.783281Z", "fetched_at": "2025-07-15T16:39:33.450387+00:00", "symbol": "DOGE-USD"}, {"trade_id": 139143148, "side": "sell", "size": "5.20000000", "price": "0.19429000", "time": "2025-07-15T16:36:03.783281Z", "fetched_at": "2025-07-15T16:39:33.450387+00:00", "symbol": "DOGE-USD"}, {"trade_id": 139143147, "side": "sell", "size": "5.70000000", "price": "0.19428000", "time": "2025-07-15T16:35:57.178342Z", "fetched_at": "2025-07-15T16:39:33.450387+00:00", "symbol": "DOGE-USD"}, {"trade_id": 139143146, "side": "sell", "size": "5.70000000", "price": "0.19426000", "time": "2025-07-15T16:35:56.971743Z", "fetched_at": "2025-07-15T16:39:33.450387+00:00", "symbol": "DOGE-USD"}, {"trade_id": 139143145, "side": "sell", "size": "5.70000000", "price": "0.19424000", "time": "2025-07-15T16:35:54.933434Z", "fetched_at": "2025-07-15T16:39:33.450387+00:00", "symbol": "DOGE-USD"}, {"trade_id": 139143144, "side": "sell", "size": "6.90000000", "price": "0.19423000", "time": "2025-07-15T16:35:54.933434Z", "fetched_at": "2025-07-15T16:39:33.450387+00:00", "symbol": "DOGE-USD"}, {"trade_id": 139143143, "side": "sell", "size": "5.70000000", "price": "0.19422000", "time": "2025-07-15T16:35:54.933434Z", "fetched_at": "2025-07-15T16:39:33.450387+00:00", "symbol": "DOGE-USD"}, {"trade_id": 139143142, "side": "sell", "size": "5.70000000", "price": "0.19420000", "time": "2025-07-15T16:35:54.932334Z", "fetched_at": "2025-07-15T16:39:33.450387+00:00", "symbol": "DOGE-USD"}, {"trade_id": 139143141, "side": "sell", "size": "5.70000000", "price": "0.19418000", "time": "2025-07-15T16:35:50.553417Z", "fetched_at": "2025-07-15T16:39:33.450387+00:00", "symbol": "DOGE-USD"}, {"trade_id": 139143140, "side": "sell", "size": "5.70000000", "price": "0.19416000", "time": "2025-07-15T16:35:50.527705Z", "fetched_at": "2025-07-15T16:39:33.450387+00:00", "symbol": "DOGE-USD"}, {"trade_id": 139143139, "side": "sell", "size": "5.70000000", "price": "0.19414000", "time": "2025-07-15T16:35:48.498636Z", "fetched_at": "2025-07-15T16:39:33.450387+00:00", "symbol": "DOGE-USD"}, {"trade_id": 139143138, "side": "buy", "size": "27.60000000", "price": "0.19413000", "time": "2025-07-15T16:35:47.226863Z", "fetched_at": "2025-07-15T16:39:33.450387+00:00", "symbol": "DOGE-USD"}, {"trade_id": 139143137, "side": "sell", "size": "925.30000000", "price": "0.19412000", "time": "2025-07-15T16:35:46.618434Z", "fetched_at": "2025-07-15T16:39:33.450387+00:00", "symbol": "DOGE-USD"}, {"trade_id": 139143136, "side": "sell", "size": "1759.10000000", "price": "0.19412000", "time": "2025-07-15T16:35:46.618434Z", "fetched_at": "2025-07-15T16:39:33.450387+00:00", "symbol": "DOGE-USD"}, {"trade_id": 139143135, "side": "sell", "size": "10303.60000000", "price": "0.19412000", "time": "2025-07-15T16:35:46.618434Z", "fetched_at": "2025-07-15T16:39:33.450387+00:00", "symbol": "DOGE-USD"}, {"trade_id": 139143134, "side": "sell", "size": "5.70000000", "price": "0.19412000", "time": "2025-07-15T16:35:46.618434Z", "fetched_at": "2025-07-15T16:39:33.450387+00:00", "symbol": "DOGE-USD"}, {"trade_id": 139143133, "side": "sell", "size": "14.00000000", "price": "0.19411000", "time": "2025-07-15T16:35:46.618434Z", "fetched_at": "2025-07-15T16:39:33.450387+00:00", "symbol": "DOGE-USD"}, {"trade_id": 139143132, "side": "buy", "size": "6539.10000000", "price": "0.19402000", "time": "2025-07-15T16:35:44.748427Z", "fetched_at": "2025-07-15T16:39:33.450387+00:00", "symbol": "DOGE-USD"}, {"trade_id": 139143131, "side": "buy", "size": "1566.00000000", "price": "0.19402000", "time": "2025-07-15T16:35:44.748427Z", "fetched_at": "2025-07-15T16:39:33.450387+00:00", "symbol": "DOGE-USD"}, {"trade_id": 139143130, "side": "buy", "size": "5.70000000", "price": "0.19402000", "time": "2025-07-15T16:35:44.748427Z", "fetched_at": "2025-07-15T16:39:33.450387+00:00", "symbol": "DOGE-USD"}, {"trade_id": 139143129, "side": "buy", "size": "9392.40000000", "price": "0.19403000", "time": "2025-07-15T16:35:44.748427Z", "fetched_at": "2025-07-15T16:39:33.450387+00:00", "symbol": "DOGE-USD"}, {"trade_id": 139143128, "side": "buy", "size": "1834.20000000", "price": "0.19403000", "time": "2025-07-15T16:35:44.748427Z", "fetched_at": "2025-07-15T16:39:33.450387+00:00", "symbol": "DOGE-USD"}, {"trade_id": 139143127, "side": "buy", "size": "6610.80000000", "price": "0.19403000", "time": "2025-07-15T16:35:44.748427Z", "fetched_at": "2025-07-15T16:39:33.450387+00:00", "symbol": "DOGE-USD"}, {"trade_id": 139143126, "side": "buy", "size": "3150.40000000", "price": "0.19403000", "time": "2025-07-15T16:35:44.748427Z", "fetched_at": "2025-07-15T16:39:33.450387+00:00", "symbol": "DOGE-USD"}, {"trade_id": 139143125, "side": "buy", "size": "1759.10000000", "price": "0.19403000", "time": "2025-07-15T16:35:44.748427Z", "fetched_at": "2025-07-15T16:39:33.450387+00:00", "symbol": "DOGE-USD"}, {"trade_id": 139143124, "side": "buy", "size": "1325.20000000", "price": "0.19404000", "time": "2025-07-15T16:35:44.748427Z", "fetched_at": "2025-07-15T16:39:33.450387+00:00", "symbol": "DOGE-USD"}, {"trade_id": 139143123, "side": "buy", "size": "1987.50000000", "price": "0.19404000", "time": "2025-07-15T16:35:44.748427Z", "fetched_at": "2025-07-15T16:39:33.450387+00:00", "symbol": "DOGE-USD"}, {"trade_id": 139143122, "side": "buy", "size": "6610.80000000", "price": "0.19404000", "time": "2025-07-15T16:35:44.748427Z", "fetched_at": "2025-07-15T16:39:33.450387+00:00", "symbol": "DOGE-USD"}, {"trade_id": 139143121, "side": "buy", "size": "1759.10000000", "price": "0.19404000", "time": "2025-07-15T16:35:44.748427Z", "fetched_at": "2025-07-15T16:39:33.450387+00:00", "symbol": "DOGE-USD"}, {"trade_id": 139143120, "side": "buy", "size": "5.70000000", "price": "0.19404000", "time": "2025-07-15T16:35:44.748427Z", "fetched_at": "2025-07-15T16:39:33.450387+00:00", "symbol": "DOGE-USD"}, {"trade_id": 139143119, "side": "buy", "size": "4203.80000000", "price": "0.19405000", "time": "2025-07-15T16:35:44.748427Z", "fetched_at": "2025-07-15T16:39:33.450387+00:00", "symbol": "DOGE-USD"}, {"trade_id": 139143118, "side": "buy", "size": "6608.80000000", "price": "0.19405000", "time": "2025-07-15T16:35:44.748427Z", "fetched_at": "2025-07-15T16:39:33.450387+00:00", "symbol": "DOGE-USD"}, {"trade_id": 139143117, "side": "buy", "size": "3056.20000000", "price": "0.19405000", "time": "2025-07-15T16:35:44.748427Z", "fetched_at": "2025-07-15T16:39:33.450387+00:00", "symbol": "DOGE-USD"}, {"trade_id": 139143116, "side": "buy", "size": "1759.10000000", "price": "0.19405000", "time": "2025-07-15T16:35:44.748427Z", "fetched_at": "2025-07-15T16:39:33.450387+00:00", "symbol": "DOGE-USD"}, {"trade_id": 139143115, "side": "buy", "size": "2026.60000000", "price": "0.19406000", "time": "2025-07-15T16:35:44.748427Z", "fetched_at": "2025-07-15T16:39:33.450387+00:00", "symbol": "DOGE-USD"}, {"trade_id": 139143114, "side": "buy", "size": "2206.20000000", "price": "0.19406000", "time": "2025-07-15T16:35:44.748427Z", "fetched_at": "2025-07-15T16:39:33.450387+00:00", "symbol": "DOGE-USD"}, {"trade_id": 139143113, "side": "buy", "size": "1759.10000000", "price": "0.19406000", "time": "2025-07-15T16:35:44.748427Z", "fetched_at": "2025-07-15T16:39:33.450387+00:00", "symbol": "DOGE-USD"}, {"trade_id": 139143112, "side": "buy", "size": "2500.00000000", "price": "0.19406000", "time": "2025-07-15T16:35:44.748427Z", "fetched_at": "2025-07-15T16:39:33.450387+00:00", "symbol": "DOGE-USD"}, {"trade_id": 139143111, "side": "buy", "size": "5.70000000", "price": "0.19406000", "time": "2025-07-15T16:35:44.748427Z", "fetched_at": "2025-07-15T16:39:33.450387+00:00", "symbol": "DOGE-USD"}, {"trade_id": 139143110, "side": "buy", "size": "931.30000000", "price": "0.19407000", "time": "2025-07-15T16:35:44.748427Z", "fetched_at": "2025-07-15T16:39:33.450387+00:00", "symbol": "DOGE-USD"}, {"trade_id": 139143109, "side": "buy", "size": "56.50000000", "price": "0.19407000", "time": "2025-07-15T16:35:44.748427Z", "fetched_at": "2025-07-15T16:39:33.450387+00:00", "symbol": "DOGE-USD"}, {"trade_id": 139143108, "side": "buy", "size": "1503.80000000", "price": "0.19407000", "time": "2025-07-15T16:35:44.748427Z", "fetched_at": "2025-07-15T16:39:33.450387+00:00", "symbol": "DOGE-USD"}, {"trade_id": 139143107, "side": "buy", "size": "1505.90000000", "price": "0.19408000", "time": "2025-07-15T16:35:44.748427Z", "fetched_at": "2025-07-15T16:39:33.450387+00:00", "symbol": "DOGE-USD"}, {"trade_id": 139143106, "side": "buy", "size": "1591.90000000", "price": "0.19408000", "time": "2025-07-15T16:35:44.748427Z", "fetched_at": "2025-07-15T16:39:33.450387+00:00", "symbol": "DOGE-USD"}, {"trade_id": 139143105, "side": "buy", "size": "931.30000000", "price": "0.19408000", "time": "2025-07-15T16:35:44.748427Z", "fetched_at": "2025-07-15T16:39:33.450387+00:00", "symbol": "DOGE-USD"}, {"trade_id": 139143104, "side": "buy", "size": "788.20000000", "price": "0.19409000", "time": "2025-07-15T16:35:43.925883Z", "fetched_at": "2025-07-15T16:39:33.450387+00:00", "symbol": "DOGE-USD"}, {"trade_id": 139143103, "side": "buy", "size": "536.20000000", "price": "0.19411000", "time": "2025-07-15T16:35:43.887689Z", "fetched_at": "2025-07-15T16:39:33.450387+00:00", "symbol": "DOGE-USD"}, {"trade_id": 139143102, "side": "sell", "size": "9.10000000", "price": "0.19410000", "time": "2025-07-15T16:35:40.583274Z", "fetched_at": "2025-07-15T16:39:33.450387+00:00", "symbol": "DOGE-USD"}, {"trade_id": 139143101, "side": "sell", "size": "5.70000000", "price": "0.19410000", "time": "2025-07-15T16:35:40.583274Z", "fetched_at": "2025-07-15T16:39:33.450387+00:00", "symbol": "DOGE-USD"}, {"trade_id": 139143100, "side": "buy", "size": "5.70000000", "price": "0.19406000", "time": "2025-07-15T16:35:38.308406Z", "fetched_at": "2025-07-15T16:39:33.450387+00:00", "symbol": "DOGE-USD"}, {"trade_id": 139143099, "side": "buy", "size": "6127.40000000", "price": "0.19406000", "time": "2025-07-15T16:35:32.630773Z", "fetched_at": "2025-07-15T16:39:33.450387+00:00", "symbol": "DOGE-USD"}, {"trade_id": 139143098, "side": "buy", "size": "931.30000000", "price": "0.19406000", "time": "2025-07-15T16:35:32.630773Z", "fetched_at": "2025-07-15T16:39:33.450387+00:00", "symbol": "DOGE-USD"}, {"trade_id": 139143097, "side": "buy", "size": "57.80000000", "price": "0.19407000", "time": "2025-07-15T16:35:32.630773Z", "fetched_at": "2025-07-15T16:39:33.450387+00:00", "symbol": "DOGE-USD"}, {"trade_id": 139143096, "side": "buy", "size": "1634.60000000", "price": "0.19407000", "time": "2025-07-15T16:35:32.630773Z", "fetched_at": "2025-07-15T16:39:33.450387+00:00", "symbol": "DOGE-USD"}, {"trade_id": 139143095, "side": "buy", "size": "1692.00000000", "price": "0.19408000", "time": "2025-07-15T16:35:32.630773Z", "fetched_at": "2025-07-15T16:39:33.450387+00:00", "symbol": "DOGE-USD"}, {"trade_id": 139143094, "side": "buy", "size": "5.70000000", "price": "0.19408000", "time": "2025-07-15T16:35:32.630773Z", "fetched_at": "2025-07-15T16:39:33.450387+00:00", "symbol": "DOGE-USD"}, {"trade_id": 139143093, "side": "sell", "size": "1242.10000000", "price": "0.19413000", "time": "2025-07-15T16:35:29.014735Z", "fetched_at": "2025-07-15T16:39:33.450387+00:00", "symbol": "DOGE-USD"}, {"trade_id": 139143092, "side": "sell", "size": "10.10000000", "price": "0.19412000", "time": "2025-07-15T16:35:29.014735Z", "fetched_at": "2025-07-15T16:39:33.450387+00:00", "symbol": "DOGE-USD"}, {"trade_id": 139143091, "side": "buy", "size": "188.90000000", "price": "0.19410000", "time": "2025-07-15T16:35:28.773889Z", "fetched_at": "2025-07-15T16:39:33.450387+00:00", "symbol": "DOGE-USD"}, {"trade_id": 139143090, "side": "buy", "size": "57.80000000", "price": "0.19410000", "time": "2025-07-15T16:35:28.773889Z", "fetched_at": "2025-07-15T16:39:33.450387+00:00", "symbol": "DOGE-USD"}, {"trade_id": 139143089, "side": "sell", "size": "9.00000000", "price": "0.19414000", "time": "2025-07-15T16:35:27.515042Z", "fetched_at": "2025-07-15T16:39:33.450387+00:00", "symbol": "DOGE-USD"}, {"trade_id": 139143088, "side": "sell", "size": "32.10000000", "price": "0.19415000", "time": "2025-07-15T16:35:27.506120Z", "fetched_at": "2025-07-15T16:39:33.450387+00:00", "symbol": "DOGE-USD"}, {"trade_id": 139143087, "side": "sell", "size": "9.00000000", "price": "0.19414000", "time": "2025-07-15T16:35:27.506120Z", "fetched_at": "2025-07-15T16:39:33.450387+00:00", "symbol": "DOGE-USD"}, {"trade_id": 139143086, "side": "sell", "size": "5.70000000", "price": "0.19414000", "time": "2025-07-15T16:35:27.506120Z", "fetched_at": "2025-07-15T16:39:33.450387+00:00", "symbol": "DOGE-USD"}, {"trade_id": 139143085, "side": "sell", "size": "86.40000000", "price": "0.19412000", "time": "2025-07-15T16:35:26.656928Z", "fetched_at": "2025-07-15T16:39:33.450387+00:00", "symbol": "DOGE-USD"}, {"trade_id": 139143084, "side": "sell", "size": "5.70000000", "price": "0.19412000", "time": "2025-07-15T16:35:26.656928Z", "fetched_at": "2025-07-15T16:39:33.450387+00:00", "symbol": "DOGE-USD"}, {"trade_id": 139143083, "side": "sell", "size": "5.70000000", "price": "0.19410000", "time": "2025-07-15T16:35:26.656928Z", "fetched_at": "2025-07-15T16:39:33.450387+00:00", "symbol": "DOGE-USD"}, {"trade_id": 139143082, "side": "sell", "size": "5.70000000", "price": "0.19408000", "time": "2025-07-15T16:35:23.539139Z", "fetched_at": "2025-07-15T16:39:33.450387+00:00", "symbol": "DOGE-USD"}, {"trade_id": 139143081, "side": "sell", "size": "5.70000000", "price": "0.19406000", "time": "2025-07-15T16:35:23.496309Z", "fetched_at": "2025-07-15T16:39:33.450387+00:00", "symbol": "DOGE-USD"}, {"trade_id": 139143080, "side": "sell", "size": "5.70000000", "price": "0.19404000", "time": "2025-07-15T16:35:22.703337Z", "fetched_at": "2025-07-15T16:39:33.450387+00:00", "symbol": "DOGE-USD"}, {"trade_id": 139143079, "side": "sell", "size": "5.70000000", "price": "0.19402000", "time": "2025-07-15T16:35:20.689458Z", "fetched_at": "2025-07-15T16:39:33.450387+00:00", "symbol": "DOGE-USD"}, {"trade_id": 139143078, "side": "buy", "size": "192.00000000", "price": "0.19400000", "time": "2025-07-15T16:35:17.330506Z", "fetched_at": "2025-07-15T16:39:33.450387+00:00", "symbol": "DOGE-USD"}, {"trade_id": 139143077, "side": "sell", "size": "931.30000000", "price": "0.19400000", "time": "2025-07-15T16:35:16.366069Z", "fetched_at": "2025-07-15T16:39:33.450387+00:00", "symbol": "DOGE-USD"}, {"trade_id": 139143076, "side": "sell", "size": "1566.00000000", "price": "0.19400000", "time": "2025-07-15T16:35:16.366069Z", "fetched_at": "2025-07-15T16:39:33.450387+00:00", "symbol": "DOGE-USD"}, {"trade_id": 139143075, "side": "sell", "size": "539.40000000", "price": "0.19400000", "time": "2025-07-15T16:35:16.366069Z", "fetched_at": "2025-07-15T16:39:33.450387+00:00", "symbol": "DOGE-USD"}, {"trade_id": 139143074, "side": "sell", "size": "5.70000000", "price": "0.19400000", "time": "2025-07-15T16:35:16.366069Z", "fetched_at": "2025-07-15T16:39:33.450387+00:00", "symbol": "DOGE-USD"}, {"trade_id": 139143073, "side": "sell", "size": "57.80000000", "price": "0.19398000", "time": "2025-07-15T16:35:16.366005Z", "fetched_at": "2025-07-15T16:39:33.450387+00:00", "symbol": "DOGE-USD"}, {"trade_id": 139143072, "side": "sell", "size": "5.70000000", "price": "0.19398000", "time": "2025-07-15T16:35:16.366005Z", "fetched_at": "2025-07-15T16:39:33.450387+00:00", "symbol": "DOGE-USD"}, {"trade_id": 139143071, "side": "buy", "size": "36.80000000", "price": "0.19397000", "time": "2025-07-15T16:35:14.080304Z", "fetched_at": "2025-07-15T16:39:33.450387+00:00", "symbol": "DOGE-USD"}, {"trade_id": 139143070, "side": "buy", "size": "183.00000000", "price": "0.19397000", "time": "2025-07-15T16:35:14.080304Z", "fetched_at": "2025-07-15T16:39:33.450387+00:00", "symbol": "DOGE-USD"}, {"trade_id": 139143069, "side": "buy", "size": "536.20000000", "price": "0.19397000", "time": "2025-07-15T16:35:14.080304Z", "fetched_at": "2025-07-15T16:39:33.450387+00:00", "symbol": "DOGE-USD"}, {"trade_id": 139143068, "side": "buy", "size": "536.20000000", "price": "0.19397000", "time": "2025-07-15T16:35:12.683026Z", "fetched_at": "2025-07-15T16:39:33.450387+00:00", "symbol": "DOGE-USD"}, {"trade_id": 139143067, "side": "sell", "size": "5.70000000", "price": "0.19396000", "time": "2025-07-15T16:35:12.487447Z", "fetched_at": "2025-07-15T16:39:33.450387+00:00", "symbol": "DOGE-USD"}, {"trade_id": 139143066, "side": "sell", "size": "57.90000000", "price": "0.19394000", "time": "2025-07-15T16:35:11.498254Z", "fetched_at": "2025-07-15T16:39:33.450387+00:00", "symbol": "DOGE-USD"}, {"trade_id": 139143065, "side": "sell", "size": "5.70000000", "price": "0.19394000", "time": "2025-07-15T16:35:11.498254Z", "fetched_at": "2025-07-15T16:39:33.450387+00:00", "symbol": "DOGE-USD"}, {"trade_id": 139143064, "side": "buy", "size": "4.60000000", "price": "0.19393000", "time": "2025-07-15T16:35:09.924354Z", "fetched_at": "2025-07-15T16:39:33.450387+00:00", "symbol": "DOGE-USD"}, {"trade_id": 139143063, "side": "sell", "size": "103.40000000", "price": "0.19392000", "time": "2025-07-15T16:35:09.125814Z", "fetched_at": "2025-07-15T16:39:33.450387+00:00", "symbol": "DOGE-USD"}, {"trade_id": 139143062, "side": "sell", "size": "5.70000000", "price": "0.19392000", "time": "2025-07-15T16:35:09.125814Z", "fetched_at": "2025-07-15T16:39:33.450387+00:00", "symbol": "DOGE-USD"}, {"trade_id": 139143061, "side": "sell", "size": "57.90000000", "price": "0.19391000", "time": "2025-07-15T16:35:08.609024Z", "fetched_at": "2025-07-15T16:39:33.450387+00:00", "symbol": "DOGE-USD"}, {"trade_id": 139143060, "side": "buy", "size": "5273.90000000", "price": "0.19388000", "time": "2025-07-15T16:35:07.677281Z", "fetched_at": "2025-07-15T16:39:33.450387+00:00", "symbol": "DOGE-USD"}, {"trade_id": 139143059, "side": "buy", "size": "29.30000000", "price": "0.19389000", "time": "2025-07-15T16:35:07.677281Z", "fetched_at": "2025-07-15T16:39:33.450387+00:00", "symbol": "DOGE-USD"}, {"trade_id": 139143058, "side": "buy", "size": "1536.00000000", "price": "0.19390000", "time": "2025-07-15T16:35:07.677281Z", "fetched_at": "2025-07-15T16:39:33.450387+00:00", "symbol": "DOGE-USD"}, {"trade_id": 139143057, "side": "buy", "size": "931.30000000", "price": "0.19391000", "time": "2025-07-15T16:35:07.677281Z", "fetched_at": "2025-07-15T16:39:33.450387+00:00", "symbol": "DOGE-USD"}, {"trade_id": 139143056, "side": "buy", "size": "668.80000000", "price": "0.19391000", "time": "2025-07-15T16:35:07.677281Z", "fetched_at": "2025-07-15T16:39:33.450387+00:00", "symbol": "DOGE-USD"}, {"trade_id": 139143055, "side": "buy", "size": "536.20000000", "price": "0.19391000", "time": "2025-07-15T16:35:07.677281Z", "fetched_at": "2025-07-15T16:39:33.450387+00:00", "symbol": "DOGE-USD"}, {"trade_id": 139143054, "side": "sell", "size": "5.70000000", "price": "0.19390000", "time": "2025-07-15T16:35:07.083726Z", "fetched_at": "2025-07-15T16:39:33.450387+00:00", "symbol": "DOGE-USD"}, {"trade_id": 139143053, "side": "sell", "size": "5.70000000", "price": "0.19388000", "time": "2025-07-15T16:35:06.949425Z", "fetched_at": "2025-07-15T16:39:33.450387+00:00", "symbol": "DOGE-USD"}, {"trade_id": 139143052, "side": "sell", "size": "57.90000000", "price": "0.19385000", "time": "2025-07-15T16:35:06.575507Z", "fetched_at": "2025-07-15T16:39:33.450387+00:00", "symbol": "DOGE-USD"}, {"trade_id": 139143051, "side": "sell", "size": "57.90000000", "price": "0.19381000", "time": "2025-07-15T16:35:05.603325Z", "fetched_at": "2025-07-15T16:39:33.450387+00:00", "symbol": "DOGE-USD"}, {"trade_id": 139143050, "side": "sell", "size": "24.50000000", "price": "0.19381000", "time": "2025-07-15T16:35:05.420300Z", "fetched_at": "2025-07-15T16:39:33.450387+00:00", "symbol": "DOGE-USD"}, {"trade_id": 139143049, "side": "buy", "size": "5.70000000", "price": "0.19378000", "time": "2025-07-15T16:35:03.652812Z", "fetched_at": "2025-07-15T16:39:33.450387+00:00", "symbol": "DOGE-USD"}, {"trade_id": 139143048, "side": "buy", "size": "29.10000000", "price": "0.19380000", "time": "2025-07-15T16:35:03.297619Z", "fetched_at": "2025-07-15T16:39:33.450387+00:00", "symbol": "DOGE-USD"}, {"trade_id": 139143047, "side": "buy", "size": "5.70000000", "price": "0.19380000", "time": "2025-07-15T16:35:03.297619Z", "fetched_at": "2025-07-15T16:39:33.450387+00:00", "symbol": "DOGE-USD"}, {"trade_id": 139143046, "side": "buy", "size": "5.70000000", "price": "0.19382000", "time": "2025-07-15T16:35:03.159262Z", "fetched_at": "2025-07-15T16:39:33.450387+00:00", "symbol": "DOGE-USD"}, {"trade_id": 139143045, "side": "buy", "size": "931.30000000", "price": "0.19383000", "time": "2025-07-15T16:35:03.159262Z", "fetched_at": "2025-07-15T16:39:33.450387+00:00", "symbol": "DOGE-USD"}, {"trade_id": 139143044, "side": "sell", "size": "57.90000000", "price": "0.19385000", "time": "2025-07-15T16:35:02.164732Z", "fetched_at": "2025-07-15T16:39:33.450387+00:00", "symbol": "DOGE-USD"}, {"trade_id": 139143043, "side": "sell", "size": "57.90000000", "price": "0.19383000", "time": "2025-07-15T16:35:02.079615Z", "fetched_at": "2025-07-15T16:39:33.450387+00:00", "symbol": "DOGE-USD"}, {"trade_id": 139143042, "side": "buy", "size": "931.30000000", "price": "0.19382000", "time": "2025-07-15T16:35:01.300467Z", "fetched_at": "2025-07-15T16:39:33.450387+00:00", "symbol": "DOGE-USD"}, {"trade_id": 139143041, "side": "buy", "size": "5.70000000", "price": "0.19382000", "time": "2025-07-15T16:35:01.300467Z", "fetched_at": "2025-07-15T16:39:33.450387+00:00", "symbol": "DOGE-USD"}, {"trade_id": 139143040, "side": "buy", "size": "931.30000000", "price": "0.19383000", "time": "2025-07-15T16:35:01.300467Z", "fetched_at": "2025-07-15T16:39:33.450387+00:00", "symbol": "DOGE-USD"}, {"trade_id": 139143039, "side": "buy", "size": "5.70000000", "price": "0.19384000", "time": "2025-07-15T16:35:01.300467Z", "fetched_at": "2025-07-15T16:39:33.450387+00:00", "symbol": "DOGE-USD"}, {"trade_id": 139143038, "side": "buy", "size": "5.70000000", "price": "0.19386000", "time": "2025-07-15T16:34:57.845369Z", "fetched_at": "2025-07-15T16:39:33.450387+00:00", "symbol": "DOGE-USD"}, {"trade_id": 139143037, "side": "buy", "size": "419.10000000", "price": "0.19387000", "time": "2025-07-15T16:34:53.973515Z", "fetched_at": "2025-07-15T16:39:33.450387+00:00", "symbol": "DOGE-USD"}, {"trade_id": 139143036, "side": "buy", "size": "57.90000000", "price": "0.19388000", "time": "2025-07-15T16:34:53.973515Z", "fetched_at": "2025-07-15T16:39:33.450387+00:00", "symbol": "DOGE-USD"}, {"trade_id": 139143035, "side": "buy", "size": "5.70000000", "price": "0.19388000", "time": "2025-07-15T16:34:53.973515Z", "fetched_at": "2025-07-15T16:39:33.450387+00:00", "symbol": "DOGE-USD"}, {"trade_id": 139143034, "side": "buy", "size": "5.70000000", "price": "0.19390000", "time": "2025-07-15T16:34:53.973515Z", "fetched_at": "2025-07-15T16:39:33.450387+00:00", "symbol": "DOGE-USD"}, {"trade_id": 139143033, "side": "buy", "size": "5.60000000", "price": "0.19392000", "time": "2025-07-15T16:34:53.973515Z", "fetched_at": "2025-07-15T16:39:33.450387+00:00", "symbol": "DOGE-USD"}, {"trade_id": 139143032, "side": "buy", "size": "770.70000000", "price": "0.19394000", "time": "2025-07-15T16:34:53.893070Z", "fetched_at": "2025-07-15T16:39:33.450387+00:00", "symbol": "DOGE-USD"}, {"trade_id": 139143031, "side": "buy", "size": "789.70000000", "price": "0.19394000", "time": "2025-07-15T16:34:52.753923Z", "fetched_at": "2025-07-15T16:39:33.450387+00:00", "symbol": "DOGE-USD"}, {"trade_id": 139143030, "side": "sell", "size": "1449.70000000", "price": "0.19399000", "time": "2025-07-15T16:34:51.775357Z", "fetched_at": "2025-07-15T16:39:33.450387+00:00", "symbol": "DOGE-USD"}, {"trade_id": 139143029, "side": "sell", "size": "6614.00000000", "price": "0.19398000", "time": "2025-07-15T16:34:51.775357Z", "fetched_at": "2025-07-15T16:39:33.450387+00:00", "symbol": "DOGE-USD"}, {"trade_id": 139143028, "side": "sell", "size": "1663.10000000", "price": "0.19398000", "time": "2025-07-15T16:34:51.775357Z", "fetched_at": "2025-07-15T16:39:33.450387+00:00", "symbol": "DOGE-USD"}, {"trade_id": 139143027, "side": "sell", "size": "1566.00000000", "price": "0.19398000", "time": "2025-07-15T16:34:51.775357Z", "fetched_at": "2025-07-15T16:39:33.450387+00:00", "symbol": "DOGE-USD"}, {"trade_id": 139143026, "side": "sell", "size": "2209.70000000", "price": "0.19398000", "time": "2025-07-15T16:34:51.775357Z", "fetched_at": "2025-07-15T16:39:33.450387+00:00", "symbol": "DOGE-USD"}, {"trade_id": 139143025, "side": "sell", "size": "1759.10000000", "price": "0.19398000", "time": "2025-07-15T16:34:51.775357Z", "fetched_at": "2025-07-15T16:39:33.450387+00:00", "symbol": "DOGE-USD"}, {"trade_id": 139143024, "side": "sell", "size": "5.70000000", "price": "0.19398000", "time": "2025-07-15T16:34:51.775357Z", "fetched_at": "2025-07-15T16:39:33.450387+00:00", "symbol": "DOGE-USD"}, {"trade_id": 139143023, "side": "sell", "size": "3930.30000000", "price": "0.19397000", "time": "2025-07-15T16:34:51.775357Z", "fetched_at": "2025-07-15T16:39:33.450387+00:00", "symbol": "DOGE-USD"}, {"trade_id": 139143022, "side": "sell", "size": "1759.10000000", "price": "0.19397000", "time": "2025-07-15T16:34:51.775357Z", "fetched_at": "2025-07-15T16:39:33.450387+00:00", "symbol": "DOGE-USD"}, {"trade_id": 139143021, "side": "sell", "size": "1566.00000000", "price": "0.19396000", "time": "2025-07-15T16:34:51.775357Z", "fetched_at": "2025-07-15T16:39:33.450387+00:00", "symbol": "DOGE-USD"}, {"trade_id": 139143020, "side": "sell", "size": "1503.00000000", "price": "0.19396000", "time": "2025-07-15T16:34:51.775357Z", "fetched_at": "2025-07-15T16:39:33.450387+00:00", "symbol": "DOGE-USD"}, {"trade_id": 139143019, "side": "sell", "size": "1564.40000000", "price": "0.19395000", "time": "2025-07-15T16:34:51.775357Z", "fetched_at": "2025-07-15T16:39:33.450387+00:00", "symbol": "DOGE-USD"}, {"trade_id": 139143018, "side": "sell", "size": "57.90000000", "price": "0.19395000", "time": "2025-07-15T16:34:51.775357Z", "fetched_at": "2025-07-15T16:39:33.450387+00:00", "symbol": "DOGE-USD"}, {"trade_id": 139143017, "side": "sell", "size": "10312.60000000", "price": "0.19395000", "time": "2025-07-15T16:34:50.690924Z", "fetched_at": "2025-07-15T16:39:33.450387+00:00", "symbol": "DOGE-USD"}, {"trade_id": 139143016, "side": "sell", "size": "57.90000000", "price": "0.19394000", "time": "2025-07-15T16:34:50.682536Z", "fetched_at": "2025-07-15T16:39:33.450387+00:00", "symbol": "DOGE-USD"}, {"trade_id": 139143015, "side": "sell", "size": "2925.70000000", "price": "0.19394000", "time": "2025-07-15T16:34:50.682536Z", "fetched_at": "2025-07-15T16:39:33.450387+00:00", "symbol": "DOGE-USD"}, {"trade_id": 139143014, "side": "buy", "size": "0.10000000", "price": "0.19392000", "time": "2025-07-15T16:34:48.035809Z", "fetched_at": "2025-07-15T16:39:33.450387+00:00", "symbol": "DOGE-USD"}, {"trade_id": 139143013, "side": "buy", "size": "53.10000000", "price": "0.19394000", "time": "2025-07-15T16:34:47.631309Z", "fetched_at": "2025-07-15T16:39:33.450387+00:00", "symbol": "DOGE-USD"}, {"trade_id": 139143012, "side": "buy", "size": "5.70000000", "price": "0.19394000", "time": "2025-07-15T16:34:47.631309Z", "fetched_at": "2025-07-15T16:39:33.450387+00:00", "symbol": "DOGE-USD"}, {"trade_id": 139143011, "side": "buy", "size": "5.70000000", "price": "0.19396000", "time": "2025-07-15T16:34:47.631309Z", "fetched_at": "2025-07-15T16:39:33.450387+00:00", "symbol": "DOGE-USD"}, {"trade_id": 139143010, "side": "buy", "size": "57.80000000", "price": "0.19397000", "time": "2025-07-15T16:34:45.974922Z", "fetched_at": "2025-07-15T16:39:33.450387+00:00", "symbol": "DOGE-USD"}, {"trade_id": 139143009, "side": "buy", "size": "5.70000000", "price": "0.19398000", "time": "2025-07-15T16:34:45.974922Z", "fetched_at": "2025-07-15T16:39:33.450387+00:00", "symbol": "DOGE-USD"}, {"trade_id": 139143008, "side": "buy", "size": "5.70000000", "price": "0.19400000", "time": "2025-07-15T16:34:45.974922Z", "fetched_at": "2025-07-15T16:39:33.450387+00:00", "symbol": "DOGE-USD"}, {"trade_id": 139143007, "side": "buy", "size": "5.70000000", "price": "0.19402000", "time": "2025-07-15T16:34:43.570883Z", "fetched_at": "2025-07-15T16:39:33.450387+00:00", "symbol": "DOGE-USD"}, {"trade_id": 139143006, "side": "buy", "size": "57.80000000", "price": "0.19403000", "time": "2025-07-15T16:34:41.571359Z", "fetched_at": "2025-07-15T16:39:33.450387+00:00", "symbol": "DOGE-USD"}, {"trade_id": 139143005, "side": "buy", "size": "57.30000000", "price": "0.19404000", "time": "2025-07-15T16:34:37.127350Z", "fetched_at": "2025-07-15T16:39:33.450387+00:00", "symbol": "DOGE-USD"}, {"trade_id": 139143004, "side": "buy", "size": "5.70000000", "price": "0.19404000", "time": "2025-07-15T16:34:37.127350Z", "fetched_at": "2025-07-15T16:39:33.450387+00:00", "symbol": "DOGE-USD"}, {"trade_id": 139143003, "side": "buy", "size": "5.70000000", "price": "0.19406000", "time": "2025-07-15T16:34:37.127350Z", "fetched_at": "2025-07-15T16:39:33.450387+00:00", "symbol": "DOGE-USD"}, {"trade_id": 139143002, "side": "buy", "size": "5.70000000", "price": "0.19408000", "time": "2025-07-15T16:34:37.127350Z", "fetched_at": "2025-07-15T16:39:33.450387+00:00", "symbol": "DOGE-USD"}, {"trade_id": 139143001, "side": "sell", "size": "48.80000000", "price": "0.19409000", "time": "2025-07-15T16:34:36.138522Z", "fetched_at": "2025-07-15T16:39:33.450387+00:00", "symbol": "DOGE-USD"}, {"trade_id": 139143000, "side": "buy", "size": "789.70000000", "price": "0.19411000", "time": "2025-07-15T16:34:35.616227Z", "fetched_at": "2025-07-15T16:39:33.450387+00:00", "symbol": "DOGE-USD"}, {"trade_id": 139142999, "side": "sell", "size": "443.30000000", "price": "0.19412000", "time": "2025-07-15T16:34:34.211145Z", "fetched_at": "2025-07-15T16:39:33.450387+00:00", "symbol": "DOGE-USD"}, {"trade_id": 139142998, "side": "sell", "size": "57.00000000", "price": "0.19411000", "time": "2025-07-15T16:34:34.211145Z", "fetched_at": "2025-07-15T16:39:33.450387+00:00", "symbol": "DOGE-USD"}, {"trade_id": 139142997, "side": "sell", "size": "6.10000000", "price": "0.19410000", "time": "2025-07-15T16:34:33.519285Z", "fetched_at": "2025-07-15T16:39:33.450387+00:00", "symbol": "DOGE-USD"}, {"trade_id": 139142996, "side": "buy", "size": "572.20000000", "price": "0.19409000", "time": "2025-07-15T16:34:33.352229Z", "fetched_at": "2025-07-15T16:39:33.450387+00:00", "symbol": "DOGE-USD"}, {"trade_id": 139142995, "side": "buy", "size": "44.30000000", "price": "0.19408000", "time": "2025-07-15T16:34:33.121521Z", "fetched_at": "2025-07-15T16:39:33.450387+00:00", "symbol": "DOGE-USD"}, {"trade_id": 139142994, "side": "buy", "size": "5.70000000", "price": "0.19408000", "time": "2025-07-15T16:34:33.121521Z", "fetched_at": "2025-07-15T16:39:33.450387+00:00", "symbol": "DOGE-USD"}, {"trade_id": 139142993, "side": "buy", "size": "927.60000000", "price": "0.19409000", "time": "2025-07-15T16:34:31.134510Z", "fetched_at": "2025-07-15T16:39:33.450387+00:00", "symbol": "DOGE-USD"}, {"trade_id": 139142992, "side": "buy", "size": "18813.50000000", "price": "0.19409000", "time": "2025-07-15T16:34:31.134510Z", "fetched_at": "2025-07-15T16:39:33.450387+00:00", "symbol": "DOGE-USD"}, {"trade_id": 139142991, "side": "buy", "size": "57.80000000", "price": "0.19410000", "time": "2025-07-15T16:34:31.134510Z", "fetched_at": "2025-07-15T16:39:33.450387+00:00", "symbol": "DOGE-USD"}, {"trade_id": 139142990, "side": "buy", "size": "5.70000000", "price": "0.19410000", "time": "2025-07-15T16:34:31.134510Z", "fetched_at": "2025-07-15T16:39:33.450387+00:00", "symbol": "DOGE-USD"}, {"trade_id": 139142989, "side": "buy", "size": "5.70000000", "price": "0.19412000", "time": "2025-07-15T16:34:31.134510Z", "fetched_at": "2025-07-15T16:39:33.450387+00:00", "symbol": "DOGE-USD"}, {"trade_id": 139142988, "side": "buy", "size": "5.70000000", "price": "0.19414000", "time": "2025-07-15T16:34:31.133124Z", "fetched_at": "2025-07-15T16:39:33.450387+00:00", "symbol": "DOGE-USD"}, {"trade_id": 139142987, "side": "sell", "size": "42.30000000", "price": "0.19415000", "time": "2025-07-15T16:34:30.584191Z", "fetched_at": "2025-07-15T16:39:33.450387+00:00", "symbol": "DOGE-USD"}, {"trade_id": 139142986, "side": "sell", "size": "57.80000000", "price": "0.19415000", "time": "2025-07-15T16:34:30.584191Z", "fetched_at": "2025-07-15T16:39:33.450387+00:00", "symbol": "DOGE-USD"}, {"trade_id": 139142985, "side": "buy", "size": "5.70000000", "price": "0.19416000", "time": "2025-07-15T16:34:29.880637Z", "fetched_at": "2025-07-15T16:39:33.450387+00:00", "symbol": "DOGE-USD"}, {"trade_id": 139142984, "side": "sell", "size": "5.30000000", "price": "0.19417000", "time": "2025-07-15T16:34:29.700556Z", "fetched_at": "2025-07-15T16:39:33.450387+00:00", "symbol": "DOGE-USD"}, {"trade_id": 139142983, "side": "buy", "size": "5.70000000", "price": "0.19418000", "time": "2025-07-15T16:34:28.189008Z", "fetched_at": "2025-07-15T16:39:33.450387+00:00", "symbol": "DOGE-USD"}, {"trade_id": 139142982, "side": "sell", "size": "500.30000000", "price": "0.19421000", "time": "2025-07-15T16:34:23.831053Z", "fetched_at": "2025-07-15T16:39:33.450387+00:00", "symbol": "DOGE-USD"}, {"trade_id": 139142981, "side": "sell", "size": "24.20000000", "price": "0.19423000", "time": "2025-07-15T16:34:22.742424Z", "fetched_at": "2025-07-15T16:39:33.450387+00:00", "symbol": "DOGE-USD"}, {"trade_id": 139142980, "side": "sell", "size": "24.20000000", "price": "0.19421000", "time": "2025-07-15T16:34:21.838726Z", "fetched_at": "2025-07-15T16:39:33.450387+00:00", "symbol": "DOGE-USD"}, {"trade_id": 139142979, "side": "sell", "size": "851.60000000", "price": "0.19424000", "time": "2025-07-15T16:34:21.425512Z", "fetched_at": "2025-07-15T16:39:33.450387+00:00", "symbol": "DOGE-USD"}, {"trade_id": 139142978, "side": "sell", "size": "6604.80000000", "price": "0.19424000", "time": "2025-07-15T16:34:21.425512Z", "fetched_at": "2025-07-15T16:39:33.450387+00:00", "symbol": "DOGE-USD"}, {"trade_id": 139142977, "side": "sell", "size": "18816.80000000", "price": "0.19424000", "time": "2025-07-15T16:34:21.425512Z", "fetched_at": "2025-07-15T16:39:33.450387+00:00", "symbol": "DOGE-USD"}, {"trade_id": 139142976, "side": "sell", "size": "2203.50000000", "price": "0.19424000", "time": "2025-07-15T16:34:21.425512Z", "fetched_at": "2025-07-15T16:39:33.450387+00:00", "symbol": "DOGE-USD"}, {"trade_id": 139142975, "side": "sell", "size": "1759.10000000", "price": "0.19424000", "time": "2025-07-15T16:34:21.425512Z", "fetched_at": "2025-07-15T16:39:33.450387+00:00", "symbol": "DOGE-USD"}, {"trade_id": 139142974, "side": "sell", "size": "4243.30000000", "price": "0.19423000", "time": "2025-07-15T16:34:21.425512Z", "fetched_at": "2025-07-15T16:39:33.450387+00:00", "symbol": "DOGE-USD"}, {"trade_id": 139142973, "side": "sell", "size": "927.60000000", "price": "0.19423000", "time": "2025-07-15T16:34:21.425512Z", "fetched_at": "2025-07-15T16:39:33.450387+00:00", "symbol": "DOGE-USD"}, {"trade_id": 139142972, "side": "sell", "size": "6605.40000000", "price": "0.19423000", "time": "2025-07-15T16:34:21.425512Z", "fetched_at": "2025-07-15T16:39:33.450387+00:00", "symbol": "DOGE-USD"}, {"trade_id": 139142971, "side": "sell", "size": "1643.70000000", "price": "0.19423000", "time": "2025-07-15T16:34:21.425512Z", "fetched_at": "2025-07-15T16:39:33.450387+00:00", "symbol": "DOGE-USD"}, {"trade_id": 139142970, "side": "sell", "size": "5097.00000000", "price": "0.19423000", "time": "2025-07-15T16:34:21.425512Z", "fetched_at": "2025-07-15T16:39:33.450387+00:00", "symbol": "DOGE-USD"}, {"trade_id": 139142969, "side": "sell", "size": "9531.00000000", "price": "0.19423000", "time": "2025-07-15T16:34:21.425512Z", "fetched_at": "2025-07-15T16:39:33.450387+00:00", "symbol": "DOGE-USD"}, {"trade_id": 139142968, "side": "sell", "size": "1759.10000000", "price": "0.19423000", "time": "2025-07-15T16:34:21.425512Z", "fetched_at": "2025-07-15T16:39:33.450387+00:00", "symbol": "DOGE-USD"}, {"trade_id": 139142967, "side": "sell", "size": "3190.40000000", "price": "0.19422000", "time": "2025-07-15T16:34:21.425512Z", "fetched_at": "2025-07-15T16:39:33.450387+00:00", "symbol": "DOGE-USD"}, {"trade_id": 139142966, "side": "sell", "size": "1759.10000000", "price": "0.19422000", "time": "2025-07-15T16:34:21.425512Z", "fetched_at": "2025-07-15T16:39:33.450387+00:00", "symbol": "DOGE-USD"}, {"trade_id": 139142965, "side": "sell", "size": "1504.30000000", "price": "0.19421000", "time": "2025-07-15T16:34:21.425512Z", "fetched_at": "2025-07-15T16:39:33.450387+00:00", "symbol": "DOGE-USD"}, {"trade_id": 139142964, "side": "sell", "size": "57.70000000", "price": "0.19420000", "time": "2025-07-15T16:34:21.425512Z", "fetched_at": "2025-07-15T16:39:33.450387+00:00", "symbol": "DOGE-USD"}, {"trade_id": 139142963, "side": "sell", "size": "1533.20000000", "price": "0.19420000", "time": "2025-07-15T16:34:21.425512Z", "fetched_at": "2025-07-15T16:39:33.450387+00:00", "symbol": "DOGE-USD"}, {"trade_id": 139142962, "side": "sell", "size": "31.50000000", "price": "0.19420000", "time": "2025-07-15T16:34:21.139286Z", "fetched_at": "2025-07-15T16:39:33.450387+00:00", "symbol": "DOGE-USD"}, {"trade_id": 139142961, "side": "sell", "size": "286.00000000", "price": "0.19420000", "time": "2025-07-15T16:34:21.139286Z", "fetched_at": "2025-07-15T16:39:33.450387+00:00", "symbol": "DOGE-USD"}, {"trade_id": 139142960, "side": "sell", "size": "183.00000000", "price": "0.19420000", "time": "2025-07-15T16:34:21.139286Z", "fetched_at": "2025-07-15T16:39:33.450387+00:00", "symbol": "DOGE-USD"}, {"trade_id": 139142959, "side": "buy", "size": "927.60000000", "price": "0.19420000", "time": "2025-07-15T16:34:20.593109Z", "fetched_at": "2025-07-15T16:39:33.450387+00:00", "symbol": "DOGE-USD"}, {"trade_id": 139142958, "side": "buy", "size": "789.70000000", "price": "0.19422000", "time": "2025-07-15T16:34:17.527837Z", "fetched_at": "2025-07-15T16:39:33.450387+00:00", "symbol": "DOGE-USD"}, {"trade_id": 139142957, "side": "sell", "size": "407.60000000", "price": "0.19425000", "time": "2025-07-15T16:34:17.135342Z", "fetched_at": "2025-07-15T16:39:33.450387+00:00", "symbol": "DOGE-USD"}, {"trade_id": 139142956, "side": "sell", "size": "183.00000000", "price": "0.19424000", "time": "2025-07-15T16:34:17.135342Z", "fetched_at": "2025-07-15T16:39:33.450387+00:00", "symbol": "DOGE-USD"}, {"trade_id": 139142955, "side": "sell", "size": "57.80000000", "price": "0.19424000", "time": "2025-07-15T16:34:17.135342Z", "fetched_at": "2025-07-15T16:39:33.450387+00:00", "symbol": "DOGE-USD"}, {"trade_id": 139142954, "side": "sell", "size": "1694.40000000", "price": "0.19424000", "time": "2025-07-15T16:34:17.135342Z", "fetched_at": "2025-07-15T16:39:33.450387+00:00", "symbol": "DOGE-USD"}, {"trade_id": 139142953, "side": "sell", "size": "30.90000000", "price": "0.19425000", "time": "2025-07-15T16:34:16.427350Z", "fetched_at": "2025-07-15T16:39:33.450387+00:00", "symbol": "DOGE-USD"}, {"trade_id": 139142952, "side": "sell", "size": "15423.30000000", "price": "0.19421000", "time": "2025-07-15T16:34:15.758983Z", "fetched_at": "2025-07-15T16:39:33.450387+00:00", "symbol": "DOGE-USD"}, {"trade_id": 139142951, "side": "buy", "size": "1822.90000000", "price": "0.19414000", "time": "2025-07-15T16:34:13.779781Z", "fetched_at": "2025-07-15T16:39:33.450387+00:00", "symbol": "DOGE-USD"}, {"trade_id": 139142950, "side": "buy", "size": "1759.10000000", "price": "0.19414000", "time": "2025-07-15T16:34:13.779781Z", "fetched_at": "2025-07-15T16:39:33.450387+00:00", "symbol": "DOGE-USD"}, {"trade_id": 139142949, "side": "buy", "size": "1566.00000000", "price": "0.19414000", "time": "2025-07-15T16:34:13.779781Z", "fetched_at": "2025-07-15T16:39:33.450387+00:00", "symbol": "DOGE-USD"}, {"trade_id": 139142948, "side": "buy", "size": "5.70000000", "price": "0.19414000", "time": "2025-07-15T16:34:13.779781Z", "fetched_at": "2025-07-15T16:39:33.450387+00:00", "symbol": "DOGE-USD"}, {"trade_id": 139142947, "side": "buy", "size": "927.60000000", "price": "0.19415000", "time": "2025-07-15T16:34:13.779781Z", "fetched_at": "2025-07-15T16:39:33.450387+00:00", "symbol": "DOGE-USD"}, {"trade_id": 139142946, "side": "buy", "size": "1665.30000000", "price": "0.19415000", "time": "2025-07-15T16:34:13.779781Z", "fetched_at": "2025-07-15T16:39:33.450387+00:00", "symbol": "DOGE-USD"}, {"trade_id": 139142945, "side": "buy", "size": "43.80000000", "price": "0.19416000", "time": "2025-07-15T16:34:13.779781Z", "fetched_at": "2025-07-15T16:39:33.450387+00:00", "symbol": "DOGE-USD"}, {"trade_id": 139142944, "side": "buy", "size": "927.60000000", "price": "0.19416000", "time": "2025-07-15T16:34:13.779781Z", "fetched_at": "2025-07-15T16:39:33.450387+00:00", "symbol": "DOGE-USD"}, {"trade_id": 139142943, "side": "buy", "size": "5.70000000", "price": "0.19416000", "time": "2025-07-15T16:34:13.779781Z", "fetched_at": "2025-07-15T16:39:33.450387+00:00", "symbol": "DOGE-USD"}, {"trade_id": 139142942, "side": "buy", "size": "1575.00000000", "price": "0.19417000", "time": "2025-07-15T16:34:13.779781Z", "fetched_at": "2025-07-15T16:39:33.450387+00:00", "symbol": "DOGE-USD"}, {"trade_id": 139142941, "side": "sell", "size": "7240.90000000", "price": "0.19419000", "time": "2025-07-15T16:34:12.879933Z", "fetched_at": "2025-07-15T16:39:33.450387+00:00", "symbol": "DOGE-USD"}, {"trade_id": 139142940, "side": "sell", "size": "4527.70000000", "price": "0.19419000", "time": "2025-07-15T16:34:12.879933Z", "fetched_at": "2025-07-15T16:39:33.450387+00:00", "symbol": "DOGE-USD"}, {"trade_id": 139142939, "side": "sell", "size": "1759.10000000", "price": "0.19419000", "time": "2025-07-15T16:34:12.879933Z", "fetched_at": "2025-07-15T16:39:33.450387+00:00", "symbol": "DOGE-USD"}, {"trade_id": 139142938, "side": "sell", "size": "1566.00000000", "price": "0.19419000", "time": "2025-07-15T16:34:12.879933Z", "fetched_at": "2025-07-15T16:39:33.450387+00:00", "symbol": "DOGE-USD"}, {"trade_id": 139142937, "side": "sell", "size": "57.80000000", "price": "0.19418000", "time": "2025-07-15T16:34:12.879933Z", "fetched_at": "2025-07-15T16:39:33.450387+00:00", "symbol": "DOGE-USD"}, {"trade_id": 139142936, "side": "sell", "size": "1643.70000000", "price": "0.19418000", "time": "2025-07-15T16:34:12.879933Z", "fetched_at": "2025-07-15T16:39:33.450387+00:00", "symbol": "DOGE-USD"}, {"trade_id": 139142935, "side": "sell", "size": "183.00000000", "price": "0.19417000", "time": "2025-07-15T16:34:12.879933Z", "fetched_at": "2025-07-15T16:39:33.450387+00:00", "symbol": "DOGE-USD"}, {"trade_id": 139142934, "side": "sell", "size": "1687.80000000", "price": "0.19417000", "time": "2025-07-15T16:34:12.879933Z", "fetched_at": "2025-07-15T16:39:33.450387+00:00", "symbol": "DOGE-USD"}, {"trade_id": 139142933, "side": "sell", "size": "1444.30000000", "price": "0.19417000", "time": "2025-07-15T16:34:12.879933Z", "fetched_at": "2025-07-15T16:39:33.450387+00:00", "symbol": "DOGE-USD"}, {"trade_id": 139142932, "side": "buy", "size": "193.80000000", "price": "0.19417000", "time": "2025-07-15T16:34:08.310452Z", "fetched_at": "2025-07-15T16:39:33.450387+00:00", "symbol": "DOGE-USD"}, {"trade_id": 139142931, "side": "buy", "size": "38.50000000", "price": "0.19418000", "time": "2025-07-15T16:34:08.310452Z", "fetched_at": "2025-07-15T16:39:33.450387+00:00", "symbol": "DOGE-USD"}, {"trade_id": 139142930, "side": "buy", "size": "789.70000000", "price": "0.19421000", "time": "2025-07-15T16:34:08.207677Z", "fetched_at": "2025-07-15T16:39:33.450387+00:00", "symbol": "DOGE-USD"}, {"trade_id": 139142929, "side": "buy", "size": "2839.90000000", "price": "0.19423000", "time": "2025-07-15T16:34:08.192764Z", "fetched_at": "2025-07-15T16:39:33.450387+00:00", "symbol": "DOGE-USD"}, {"trade_id": 139142928, "side": "buy", "size": "536.20000000", "price": "0.19423000", "time": "2025-07-15T16:34:08.192764Z", "fetched_at": "2025-07-15T16:39:33.450387+00:00", "symbol": "DOGE-USD"}, {"trade_id": 139142927, "side": "sell", "size": "6561.20000000", "price": "0.19420000", "time": "2025-07-15T16:34:07.822157Z", "fetched_at": "2025-07-15T16:39:33.450387+00:00", "symbol": "DOGE-USD"}, {"trade_id": 139142926, "side": "buy", "size": "16.10000000", "price": "0.19417000", "time": "2025-07-15T16:34:05.595064Z", "fetched_at": "2025-07-15T16:39:33.450387+00:00", "symbol": "DOGE-USD"}, {"trade_id": 139142925, "side": "buy", "size": "5.70000000", "price": "0.19418000", "time": "2025-07-15T16:34:05.595064Z", "fetched_at": "2025-07-15T16:39:33.450387+00:00", "symbol": "DOGE-USD"}, {"trade_id": 139142924, "side": "buy", "size": "5.70000000", "price": "0.19420000", "time": "2025-07-15T16:34:04.308329Z", "fetched_at": "2025-07-15T16:39:33.450387+00:00", "symbol": "DOGE-USD"}, {"trade_id": 139142923, "side": "buy", "size": "5.70000000", "price": "0.19422000", "time": "2025-07-15T16:34:04.308329Z", "fetched_at": "2025-07-15T16:39:33.450387+00:00", "symbol": "DOGE-USD"}, {"trade_id": 139142922, "side": "buy", "size": "5.70000000", "price": "0.19424000", "time": "2025-07-15T16:34:03.639761Z", "fetched_at": "2025-07-15T16:39:33.450387+00:00", "symbol": "DOGE-USD"}, {"trade_id": 139142921, "side": "buy", "size": "536.20000000", "price": "0.19425000", "time": "2025-07-15T16:34:03.639761Z", "fetched_at": "2025-07-15T16:39:33.450387+00:00", "symbol": "DOGE-USD"}, {"trade_id": 139142920, "side": "buy", "size": "57.80000000", "price": "0.19425000", "time": "2025-07-15T16:34:03.639761Z", "fetched_at": "2025-07-15T16:39:33.450387+00:00", "symbol": "DOGE-USD"}, {"trade_id": 139142919, "side": "buy", "size": "5.70000000", "price": "0.19426000", "time": "2025-07-15T16:34:03.577841Z", "fetched_at": "2025-07-15T16:39:33.450387+00:00", "symbol": "DOGE-USD"}, {"trade_id": 139142918, "side": "buy", "size": "57.70000000", "price": "0.19428000", "time": "2025-07-15T16:34:03.577841Z", "fetched_at": "2025-07-15T16:39:33.450387+00:00", "symbol": "DOGE-USD"}, {"trade_id": 139142917, "side": "buy", "size": "18812.50000000", "price": "0.19427000", "time": "2025-07-15T16:34:03.573255Z", "fetched_at": "2025-07-15T16:39:33.450387+00:00", "symbol": "DOGE-USD"}, {"trade_id": 139142916, "side": "buy", "size": "536.20000000", "price": "0.19428000", "time": "2025-07-15T16:34:03.573255Z", "fetched_at": "2025-07-15T16:39:33.450387+00:00", "symbol": "DOGE-USD"}, {"trade_id": 139142915, "side": "buy", "size": "5.70000000", "price": "0.19428000", "time": "2025-07-15T16:34:03.539591Z", "fetched_at": "2025-07-15T16:39:33.450387+00:00", "symbol": "DOGE-USD"}, {"trade_id": 139142914, "side": "buy", "size": "57.70000000", "price": "0.19429000", "time": "2025-07-15T16:34:03.539591Z", "fetched_at": "2025-07-15T16:39:33.450387+00:00", "symbol": "DOGE-USD"}, {"trade_id": 139142913, "side": "buy", "size": "536.20000000", "price": "0.19430000", "time": "2025-07-15T16:34:03.539591Z", "fetched_at": "2025-07-15T16:39:33.450387+00:00", "symbol": "DOGE-USD"}