[{"trade_id": 139132993, "side": "sell", "size": "2726.90000000", "price": "0.19051000", "time": "2025-07-15T15:10:48.212422Z", "fetched_at": "2025-07-15T15:10:50.078717+00:00", "symbol": "DOGE-USD"}, {"trade_id": 139132992, "side": "buy", "size": "234.20000000", "price": "0.19050000", "time": "2025-07-15T15:10:47.655126Z", "fetched_at": "2025-07-15T15:10:50.078717+00:00", "symbol": "DOGE-USD"}, {"trade_id": 139132991, "side": "buy", "size": "97.00000000", "price": "0.19054000", "time": "2025-07-15T15:10:41.999292Z", "fetched_at": "2025-07-15T15:10:50.078717+00:00", "symbol": "DOGE-USD"}, {"trade_id": 139132990, "side": "buy", "size": "183.00000000", "price": "0.19055000", "time": "2025-07-15T15:10:41.999292Z", "fetched_at": "2025-07-15T15:10:50.078717+00:00", "symbol": "DOGE-USD"}, {"trade_id": 139132989, "side": "sell", "size": "15.60000000", "price": "0.19056000", "time": "2025-07-15T15:10:39.608629Z", "fetched_at": "2025-07-15T15:10:50.078717+00:00", "symbol": "DOGE-USD"}, {"trade_id": 139132988, "side": "buy", "size": "34.90000000", "price": "0.19056000", "time": "2025-07-15T15:10:39.151247Z", "fetched_at": "2025-07-15T15:10:50.078717+00:00", "symbol": "DOGE-USD"}, {"trade_id": 139132987, "side": "buy", "size": "131.20000000", "price": "0.19055000", "time": "2025-07-15T15:10:39.109862Z", "fetched_at": "2025-07-15T15:10:50.078717+00:00", "symbol": "DOGE-USD"}, {"trade_id": 139132986, "side": "buy", "size": "35.00000000", "price": "0.19056000", "time": "2025-07-15T15:10:39.095539Z", "fetched_at": "2025-07-15T15:10:50.078717+00:00", "symbol": "DOGE-USD"}, {"trade_id": 139132985, "side": "buy", "size": "34.70000000", "price": "0.19056000", "time": "2025-07-15T15:10:39.059752Z", "fetched_at": "2025-07-15T15:10:50.078717+00:00", "symbol": "DOGE-USD"}, {"trade_id": 139132984, "side": "buy", "size": "34.70000000", "price": "0.19056000", "time": "2025-07-15T15:10:39.037648Z", "fetched_at": "2025-07-15T15:10:50.078717+00:00", "symbol": "DOGE-USD"}, {"trade_id": 139132983, "side": "buy", "size": "1518.90000000", "price": "0.19056000", "time": "2025-07-15T15:10:39.037648Z", "fetched_at": "2025-07-15T15:10:50.078717+00:00", "symbol": "DOGE-USD"}, {"trade_id": 139132982, "side": "buy", "size": "37.70000000", "price": "0.19056000", "time": "2025-07-15T15:10:38.998623Z", "fetched_at": "2025-07-15T15:10:50.078717+00:00", "symbol": "DOGE-USD"}, {"trade_id": 139132981, "side": "buy", "size": "37.70000000", "price": "0.19056000", "time": "2025-07-15T15:10:38.982959Z", "fetched_at": "2025-07-15T15:10:50.078717+00:00", "symbol": "DOGE-USD"}, {"trade_id": 139132980, "side": "buy", "size": "37.70000000", "price": "0.19056000", "time": "2025-07-15T15:10:38.963474Z", "fetched_at": "2025-07-15T15:10:50.078717+00:00", "symbol": "DOGE-USD"}, {"trade_id": 139132979, "side": "sell", "size": "5.80000000", "price": "0.19056000", "time": "2025-07-15T15:10:38.858804Z", "fetched_at": "2025-07-15T15:10:50.078717+00:00", "symbol": "DOGE-USD"}, {"trade_id": 139132978, "side": "sell", "size": "2647.80000000", "price": "0.19054000", "time": "2025-07-15T15:10:38.081291Z", "fetched_at": "2025-07-15T15:10:50.078717+00:00", "symbol": "DOGE-USD"}, {"trade_id": 139132977, "side": "sell", "size": "2.50000000", "price": "0.19054000", "time": "2025-07-15T15:10:38.081291Z", "fetched_at": "2025-07-15T15:10:50.078717+00:00", "symbol": "DOGE-USD"}, {"trade_id": 139132976, "side": "sell", "size": "375.50000000", "price": "0.19049000", "time": "2025-07-15T15:10:36.927181Z", "fetched_at": "2025-07-15T15:10:50.078717+00:00", "symbol": "DOGE-USD"}, {"trade_id": 139132975, "side": "sell", "size": "1083.30000000", "price": "0.19049000", "time": "2025-07-15T15:10:36.916407Z", "fetched_at": "2025-07-15T15:10:50.078717+00:00", "symbol": "DOGE-USD"}, {"trade_id": 139132974, "side": "buy", "size": "1605.50000000", "price": "0.19049000", "time": "2025-07-15T15:10:36.664207Z", "fetched_at": "2025-07-15T15:10:50.078717+00:00", "symbol": "DOGE-USD"}, {"trade_id": 139132973, "side": "sell", "size": "3531.20000000", "price": "0.19046000", "time": "2025-07-15T15:10:36.400742Z", "fetched_at": "2025-07-15T15:10:50.078717+00:00", "symbol": "DOGE-USD"}, {"trade_id": 139132972, "side": "sell", "size": "0.10000000", "price": "0.19046000", "time": "2025-07-15T15:10:35.360494Z", "fetched_at": "2025-07-15T15:10:50.078717+00:00", "symbol": "DOGE-USD"}, {"trade_id": 139132971, "side": "sell", "size": "3.90000000", "price": "0.19046000", "time": "2025-07-15T15:10:33.481381Z", "fetched_at": "2025-07-15T15:10:50.078717+00:00", "symbol": "DOGE-USD"}, {"trade_id": 139132970, "side": "sell", "size": "510.10000000", "price": "0.19047000", "time": "2025-07-15T15:10:32.852046Z", "fetched_at": "2025-07-15T15:10:50.078717+00:00", "symbol": "DOGE-USD"}, {"trade_id": 139132969, "side": "sell", "size": "14.30000000", "price": "0.19047000", "time": "2025-07-15T15:10:32.553942Z", "fetched_at": "2025-07-15T15:10:50.078717+00:00", "symbol": "DOGE-USD"}, {"trade_id": 139132968, "side": "sell", "size": "127.50000000", "price": "0.19048000", "time": "2025-07-15T15:10:32.007014Z", "fetched_at": "2025-07-15T15:10:50.078717+00:00", "symbol": "DOGE-USD"}, {"trade_id": 139132967, "side": "sell", "size": "127.50000000", "price": "0.19046000", "time": "2025-07-15T15:10:31.439241Z", "fetched_at": "2025-07-15T15:10:50.078717+00:00", "symbol": "DOGE-USD"}, {"trade_id": 139132966, "side": "buy", "size": "193.30000000", "price": "0.19045000", "time": "2025-07-15T15:10:31.229085Z", "fetched_at": "2025-07-15T15:10:50.078717+00:00", "symbol": "DOGE-USD"}, {"trade_id": 139132965, "side": "buy", "size": "39.30000000", "price": "0.19046000", "time": "2025-07-15T15:10:31.229085Z", "fetched_at": "2025-07-15T15:10:50.078717+00:00", "symbol": "DOGE-USD"}, {"trade_id": 139132964, "side": "sell", "size": "795.90000000", "price": "0.19047000", "time": "2025-07-15T15:10:29.172740Z", "fetched_at": "2025-07-15T15:10:50.078717+00:00", "symbol": "DOGE-USD"}, {"trade_id": 139132963, "side": "sell", "size": "3.30000000", "price": "0.19054000", "time": "2025-07-15T15:10:28.053671Z", "fetched_at": "2025-07-15T15:10:50.078717+00:00", "symbol": "DOGE-USD"}, {"trade_id": 139132962, "side": "sell", "size": "5.80000000", "price": "0.19052000", "time": "2025-07-15T15:10:28.053671Z", "fetched_at": "2025-07-15T15:10:50.078717+00:00", "symbol": "DOGE-USD"}, {"trade_id": 139132961, "side": "sell", "size": "10000.00000000", "price": "0.19051000", "time": "2025-07-15T15:10:28.005148Z", "fetched_at": "2025-07-15T15:10:50.078717+00:00", "symbol": "DOGE-USD"}, {"trade_id": 139132960, "side": "sell", "size": "795.90000000", "price": "0.19050000", "time": "2025-07-15T15:10:28.005148Z", "fetched_at": "2025-07-15T15:10:50.078717+00:00", "symbol": "DOGE-USD"}, {"trade_id": 139132959, "side": "sell", "size": "61.90000000", "price": "0.19050000", "time": "2025-07-15T15:10:28.005148Z", "fetched_at": "2025-07-15T15:10:50.078717+00:00", "symbol": "DOGE-USD"}, {"trade_id": 139132958, "side": "sell", "size": "5.80000000", "price": "0.19050000", "time": "2025-07-15T15:10:28.005148Z", "fetched_at": "2025-07-15T15:10:50.078717+00:00", "symbol": "DOGE-USD"}, {"trade_id": 139132957, "side": "sell", "size": "5.80000000", "price": "0.19048000", "time": "2025-07-15T15:10:28.005148Z", "fetched_at": "2025-07-15T15:10:50.078717+00:00", "symbol": "DOGE-USD"}, {"trade_id": 139132956, "side": "buy", "size": "70.50000000", "price": "0.19043000", "time": "2025-07-15T15:10:24.044307Z", "fetched_at": "2025-07-15T15:10:50.078717+00:00", "symbol": "DOGE-USD"}, {"trade_id": 139132955, "side": "buy", "size": "23.70000000", "price": "0.19044000", "time": "2025-07-15T15:10:24.044307Z", "fetched_at": "2025-07-15T15:10:50.078717+00:00", "symbol": "DOGE-USD"}, {"trade_id": 139132954, "side": "buy", "size": "5.80000000", "price": "0.19044000", "time": "2025-07-15T15:10:24.044307Z", "fetched_at": "2025-07-15T15:10:50.078717+00:00", "symbol": "DOGE-USD"}, {"trade_id": 139132953, "side": "sell", "size": "183.00000000", "price": "0.19047000", "time": "2025-07-15T15:10:21.079436Z", "fetched_at": "2025-07-15T15:10:50.078717+00:00", "symbol": "DOGE-USD"}, {"trade_id": 139132952, "side": "sell", "size": "795.90000000", "price": "0.19047000", "time": "2025-07-15T15:10:21.079436Z", "fetched_at": "2025-07-15T15:10:50.078717+00:00", "symbol": "DOGE-USD"}, {"trade_id": 139132951, "side": "sell", "size": "795.90000000", "price": "0.19047000", "time": "2025-07-15T15:10:21.079436Z", "fetched_at": "2025-07-15T15:10:50.078717+00:00", "symbol": "DOGE-USD"}, {"trade_id": 139132950, "side": "buy", "size": "1138.60000000", "price": "0.19049000", "time": "2025-07-15T15:10:19.270511Z", "fetched_at": "2025-07-15T15:10:50.078717+00:00", "symbol": "DOGE-USD"}, {"trade_id": 139132949, "side": "buy", "size": "183.00000000", "price": "0.19048000", "time": "2025-07-15T15:10:19.253112Z", "fetched_at": "2025-07-15T15:10:50.078717+00:00", "symbol": "DOGE-USD"}, {"trade_id": 139132948, "side": "buy", "size": "1421.30000000", "price": "0.19048000", "time": "2025-07-15T15:10:19.253112Z", "fetched_at": "2025-07-15T15:10:50.078717+00:00", "symbol": "DOGE-USD"}, {"trade_id": 139132947, "side": "sell", "size": "2735.40000000", "price": "0.19047000", "time": "2025-07-15T15:10:18.325745Z", "fetched_at": "2025-07-15T15:10:50.078717+00:00", "symbol": "DOGE-USD"}, {"trade_id": 139132946, "side": "sell", "size": "26.30000000", "price": "0.19046000", "time": "2025-07-15T15:10:15.467243Z", "fetched_at": "2025-07-15T15:10:50.078717+00:00", "symbol": "DOGE-USD"}, {"trade_id": 139132945, "side": "sell", "size": "2866.20000000", "price": "0.19046000", "time": "2025-07-15T15:10:15.467243Z", "fetched_at": "2025-07-15T15:10:50.078717+00:00", "symbol": "DOGE-USD"}, {"trade_id": 139132944, "side": "sell", "size": "15.60000000", "price": "0.19046000", "time": "2025-07-15T15:10:13.539099Z", "fetched_at": "2025-07-15T15:10:50.078717+00:00", "symbol": "DOGE-USD"}, {"trade_id": 139132943, "side": "sell", "size": "5.80000000", "price": "0.19048000", "time": "2025-07-15T15:10:10.168247Z", "fetched_at": "2025-07-15T15:10:50.078717+00:00", "symbol": "DOGE-USD"}, {"trade_id": 139132942, "side": "sell", "size": "3259.80000000", "price": "0.19046000", "time": "2025-07-15T15:10:10.040298Z", "fetched_at": "2025-07-15T15:10:50.078717+00:00", "symbol": "DOGE-USD"}, {"trade_id": 139132941, "side": "sell", "size": "5.80000000", "price": "0.19046000", "time": "2025-07-15T15:10:10.040298Z", "fetched_at": "2025-07-15T15:10:50.078717+00:00", "symbol": "DOGE-USD"}, {"trade_id": 139132940, "side": "sell", "size": "3485.90000000", "price": "0.19044000", "time": "2025-07-15T15:10:09.057783Z", "fetched_at": "2025-07-15T15:10:50.078717+00:00", "symbol": "DOGE-USD"}, {"trade_id": 139132939, "side": "sell", "size": "5.80000000", "price": "0.19044000", "time": "2025-07-15T15:10:09.057783Z", "fetched_at": "2025-07-15T15:10:50.078717+00:00", "symbol": "DOGE-USD"}, {"trade_id": 139132938, "side": "sell", "size": "425.10000000", "price": "0.19042000", "time": "2025-07-15T15:10:08.686748Z", "fetched_at": "2025-07-15T15:10:50.078717+00:00", "symbol": "DOGE-USD"}, {"trade_id": 139132937, "side": "buy", "size": "795.90000000", "price": "0.19042000", "time": "2025-07-15T15:10:08.678714Z", "fetched_at": "2025-07-15T15:10:50.078717+00:00", "symbol": "DOGE-USD"}, {"trade_id": 139132936, "side": "buy", "size": "14.30000000", "price": "0.19042000", "time": "2025-07-15T15:10:08.678714Z", "fetched_at": "2025-07-15T15:10:50.078717+00:00", "symbol": "DOGE-USD"}, {"trade_id": 139132935, "side": "buy", "size": "1586.80000000", "price": "0.19043000", "time": "2025-07-15T15:10:08.678714Z", "fetched_at": "2025-07-15T15:10:50.078717+00:00", "symbol": "DOGE-USD"}, {"trade_id": 139132934, "side": "sell", "size": "5.80000000", "price": "0.19040000", "time": "2025-07-15T15:10:05.268672Z", "fetched_at": "2025-07-15T15:10:50.078717+00:00", "symbol": "DOGE-USD"}, {"trade_id": 139132933, "side": "sell", "size": "5529.30000000", "price": "0.19039000", "time": "2025-07-15T15:10:05.026851Z", "fetched_at": "2025-07-15T15:10:50.078717+00:00", "symbol": "DOGE-USD"}, {"trade_id": 139132932, "side": "sell", "size": "5.80000000", "price": "0.19038000", "time": "2025-07-15T15:10:05.026851Z", "fetched_at": "2025-07-15T15:10:50.078717+00:00", "symbol": "DOGE-USD"}, {"trade_id": 139132931, "side": "sell", "size": "5.80000000", "price": "0.19034000", "time": "2025-07-15T15:10:04.844369Z", "fetched_at": "2025-07-15T15:10:50.078717+00:00", "symbol": "DOGE-USD"}, {"trade_id": 139132930, "side": "buy", "size": "657.90000000", "price": "0.19032000", "time": "2025-07-15T15:10:04.497132Z", "fetched_at": "2025-07-15T15:10:50.078717+00:00", "symbol": "DOGE-USD"}, {"trade_id": 139132929, "side": "buy", "size": "1712.00000000", "price": "0.19030000", "time": "2025-07-15T15:10:04.477815Z", "fetched_at": "2025-07-15T15:10:50.078717+00:00", "symbol": "DOGE-USD"}, {"trade_id": 139132928, "side": "buy", "size": "28.30000000", "price": "0.19031000", "time": "2025-07-15T15:10:04.477815Z", "fetched_at": "2025-07-15T15:10:50.078717+00:00", "symbol": "DOGE-USD"}, {"trade_id": 139132927, "side": "buy", "size": "28.70000000", "price": "0.19030000", "time": "2025-07-15T15:10:04.434275Z", "fetched_at": "2025-07-15T15:10:50.078717+00:00", "symbol": "DOGE-USD"}, {"trade_id": 139132926, "side": "buy", "size": "28.70000000", "price": "0.19029000", "time": "2025-07-15T15:10:04.415830Z", "fetched_at": "2025-07-15T15:10:50.078717+00:00", "symbol": "DOGE-USD"}, {"trade_id": 139132925, "side": "buy", "size": "28.70000000", "price": "0.19029000", "time": "2025-07-15T15:10:04.395375Z", "fetched_at": "2025-07-15T15:10:50.078717+00:00", "symbol": "DOGE-USD"}, {"trade_id": 139132924, "side": "buy", "size": "1495.70000000", "price": "0.19030000", "time": "2025-07-15T15:10:04.395375Z", "fetched_at": "2025-07-15T15:10:50.078717+00:00", "symbol": "DOGE-USD"}, {"trade_id": 139132923, "side": "sell", "size": "21037.10000000", "price": "0.19032000", "time": "2025-07-15T15:10:04.299667Z", "fetched_at": "2025-07-15T15:10:50.078717+00:00", "symbol": "DOGE-USD"}, {"trade_id": 139132922, "side": "sell", "size": "61.90000000", "price": "0.19030000", "time": "2025-07-15T15:10:04.299667Z", "fetched_at": "2025-07-15T15:10:50.078717+00:00", "symbol": "DOGE-USD"}, {"trade_id": 139132921, "side": "buy", "size": "329.90000000", "price": "0.19026000", "time": "2025-07-15T15:10:03.958567Z", "fetched_at": "2025-07-15T15:10:50.078717+00:00", "symbol": "DOGE-USD"}, {"trade_id": 139132920, "side": "buy", "size": "5.80000000", "price": "0.19026000", "time": "2025-07-15T15:10:03.958567Z", "fetched_at": "2025-07-15T15:10:50.078717+00:00", "symbol": "DOGE-USD"}, {"trade_id": 139132919, "side": "buy", "size": "5.80000000", "price": "0.19028000", "time": "2025-07-15T15:10:03.958567Z", "fetched_at": "2025-07-15T15:10:50.078717+00:00", "symbol": "DOGE-USD"}, {"trade_id": 139132918, "side": "sell", "size": "61.90000000", "price": "0.19029000", "time": "2025-07-15T15:10:01.840700Z", "fetched_at": "2025-07-15T15:10:50.078717+00:00", "symbol": "DOGE-USD"}, {"trade_id": 139132917, "side": "sell", "size": "2000.00000000", "price": "0.19029000", "time": "2025-07-15T15:10:01.840700Z", "fetched_at": "2025-07-15T15:10:50.078717+00:00", "symbol": "DOGE-USD"}, {"trade_id": 139132916, "side": "buy", "size": "5.80000000", "price": "0.19030000", "time": "2025-07-15T15:10:00.884628Z", "fetched_at": "2025-07-15T15:10:50.078717+00:00", "symbol": "DOGE-USD"}, {"trade_id": 139132915, "side": "buy", "size": "5.80000000", "price": "0.19032000", "time": "2025-07-15T15:10:00.884628Z", "fetched_at": "2025-07-15T15:10:50.078717+00:00", "symbol": "DOGE-USD"}, {"trade_id": 139132914, "side": "buy", "size": "5.80000000", "price": "0.19034000", "time": "2025-07-15T15:09:59.863662Z", "fetched_at": "2025-07-15T15:10:50.078717+00:00", "symbol": "DOGE-USD"}, {"trade_id": 139132913, "side": "buy", "size": "6519.20000000", "price": "0.19035000", "time": "2025-07-15T15:09:57.793382Z", "fetched_at": "2025-07-15T15:10:50.078717+00:00", "symbol": "DOGE-USD"}, {"trade_id": 139132912, "side": "buy", "size": "8027.00000000", "price": "0.19035000", "time": "2025-07-15T15:09:57.791408Z", "fetched_at": "2025-07-15T15:10:50.078717+00:00", "symbol": "DOGE-USD"}, {"trade_id": 139132911, "side": "sell", "size": "25.90000000", "price": "0.19036000", "time": "2025-07-15T15:09:57.519521Z", "fetched_at": "2025-07-15T15:10:50.078717+00:00", "symbol": "DOGE-USD"}, {"trade_id": 139132910, "side": "buy", "size": "824.50000000", "price": "0.19035000", "time": "2025-07-15T15:09:55.695650Z", "fetched_at": "2025-07-15T15:10:50.078717+00:00", "symbol": "DOGE-USD"}, {"trade_id": 139132909, "side": "buy", "size": "5.80000000", "price": "0.19036000", "time": "2025-07-15T15:09:55.695650Z", "fetched_at": "2025-07-15T15:10:50.078717+00:00", "symbol": "DOGE-USD"}, {"trade_id": 139132908, "side": "buy", "size": "1621.40000000", "price": "0.19037000", "time": "2025-07-15T15:09:55.695650Z", "fetched_at": "2025-07-15T15:10:50.078717+00:00", "symbol": "DOGE-USD"}, {"trade_id": 139132907, "side": "buy", "size": "12.60000000", "price": "0.19038000", "time": "2025-07-15T15:09:55.695650Z", "fetched_at": "2025-07-15T15:10:50.078717+00:00", "symbol": "DOGE-USD"}, {"trade_id": 139132906, "side": "buy", "size": "5.80000000", "price": "0.19038000", "time": "2025-07-15T15:09:55.695650Z", "fetched_at": "2025-07-15T15:10:50.078717+00:00", "symbol": "DOGE-USD"}, {"trade_id": 139132905, "side": "buy", "size": "5.80000000", "price": "0.19040000", "time": "2025-07-15T15:09:55.695650Z", "fetched_at": "2025-07-15T15:10:50.078717+00:00", "symbol": "DOGE-USD"}, {"trade_id": 139132904, "side": "buy", "size": "5.80000000", "price": "0.19042000", "time": "2025-07-15T15:09:55.173474Z", "fetched_at": "2025-07-15T15:10:50.078717+00:00", "symbol": "DOGE-USD"}, {"trade_id": 139132903, "side": "sell", "size": "114.00000000", "price": "0.19043000", "time": "2025-07-15T15:09:53.891627Z", "fetched_at": "2025-07-15T15:10:50.078717+00:00", "symbol": "DOGE-USD"}, {"trade_id": 139132902, "side": "sell", "size": "39.10000000", "price": "0.19043000", "time": "2025-07-15T15:09:53.891627Z", "fetched_at": "2025-07-15T15:10:50.078717+00:00", "symbol": "DOGE-USD"}, {"trade_id": 139132901, "side": "buy", "size": "99.90000000", "price": "0.19043000", "time": "2025-07-15T15:09:53.858587Z", "fetched_at": "2025-07-15T15:10:50.078717+00:00", "symbol": "DOGE-USD"}, {"trade_id": 139132900, "side": "buy", "size": "5.80000000", "price": "0.19044000", "time": "2025-07-15T15:09:53.858587Z", "fetched_at": "2025-07-15T15:10:50.078717+00:00", "symbol": "DOGE-USD"}, {"trade_id": 139132899, "side": "sell", "size": "88.90000000", "price": "0.19045000", "time": "2025-07-15T15:09:51.482047Z", "fetched_at": "2025-07-15T15:10:50.078717+00:00", "symbol": "DOGE-USD"}, {"trade_id": 139132898, "side": "sell", "size": "129.90000000", "price": "0.19046000", "time": "2025-07-15T15:09:49.848955Z", "fetched_at": "2025-07-15T15:10:50.078717+00:00", "symbol": "DOGE-USD"}, {"trade_id": 139132897, "side": "sell", "size": "3150.90000000", "price": "0.19048000", "time": "2025-07-15T15:09:47.188661Z", "fetched_at": "2025-07-15T15:10:50.078717+00:00", "symbol": "DOGE-USD"}, {"trade_id": 139132896, "side": "sell", "size": "800.50000000", "price": "0.19048000", "time": "2025-07-15T15:09:47.188661Z", "fetched_at": "2025-07-15T15:10:50.078717+00:00", "symbol": "DOGE-USD"}, {"trade_id": 139132895, "side": "sell", "size": "2000.00000000", "price": "0.19048000", "time": "2025-07-15T15:09:47.188661Z", "fetched_at": "2025-07-15T15:10:50.078717+00:00", "symbol": "DOGE-USD"}, {"trade_id": 139132894, "side": "sell", "size": "2499.70000000", "price": "0.19046000", "time": "2025-07-15T15:09:44.750488Z", "fetched_at": "2025-07-15T15:10:50.078717+00:00", "symbol": "DOGE-USD"}, {"trade_id": 139132893, "side": "sell", "size": "21053.70000000", "price": "0.19048000", "time": "2025-07-15T15:09:40.402515Z", "fetched_at": "2025-07-15T15:10:50.078717+00:00", "symbol": "DOGE-USD"}, {"trade_id": 139132892, "side": "sell", "size": "2291.60000000", "price": "0.19048000", "time": "2025-07-15T15:09:37.506393Z", "fetched_at": "2025-07-15T15:10:50.078717+00:00", "symbol": "DOGE-USD"}, {"trade_id": 139132891, "side": "sell", "size": "5.80000000", "price": "0.19048000", "time": "2025-07-15T15:09:37.506393Z", "fetched_at": "2025-07-15T15:10:50.078717+00:00", "symbol": "DOGE-USD"}, {"trade_id": 139132890, "side": "sell", "size": "800.50000000", "price": "0.19047000", "time": "2025-07-15T15:09:37.504904Z", "fetched_at": "2025-07-15T15:10:50.078717+00:00", "symbol": "DOGE-USD"}, {"trade_id": 139132889, "side": "sell", "size": "43.50000000", "price": "0.19046000", "time": "2025-07-15T15:09:37.504904Z", "fetched_at": "2025-07-15T15:10:50.078717+00:00", "symbol": "DOGE-USD"}, {"trade_id": 139132888, "side": "sell", "size": "2624.60000000", "price": "0.19044000", "time": "2025-07-15T15:09:36.310300Z", "fetched_at": "2025-07-15T15:10:50.078717+00:00", "symbol": "DOGE-USD"}, {"trade_id": 139132887, "side": "sell", "size": "26.30000000", "price": "0.19044000", "time": "2025-07-15T15:09:36.310300Z", "fetched_at": "2025-07-15T15:10:50.078717+00:00", "symbol": "DOGE-USD"}, {"trade_id": 139132886, "side": "buy", "size": "121.30000000", "price": "0.19042000", "time": "2025-07-15T15:09:34.174634Z", "fetched_at": "2025-07-15T15:10:50.078717+00:00", "symbol": "DOGE-USD"}, {"trade_id": 139132885, "side": "buy", "size": "5.80000000", "price": "0.19042000", "time": "2025-07-15T15:09:34.174634Z", "fetched_at": "2025-07-15T15:10:50.078717+00:00", "symbol": "DOGE-USD"}, {"trade_id": 139132884, "side": "buy", "size": "18.90000000", "price": "0.19043000", "time": "2025-07-15T15:09:34.174634Z", "fetched_at": "2025-07-15T15:10:50.078717+00:00", "symbol": "DOGE-USD"}, {"trade_id": 139132883, "side": "buy", "size": "5.80000000", "price": "0.19044000", "time": "2025-07-15T15:09:34.174634Z", "fetched_at": "2025-07-15T15:10:50.078717+00:00", "symbol": "DOGE-USD"}, {"trade_id": 139132882, "side": "buy", "size": "5.80000000", "price": "0.19046000", "time": "2025-07-15T15:09:33.455681Z", "fetched_at": "2025-07-15T15:10:50.078717+00:00", "symbol": "DOGE-USD"}, {"trade_id": 139132881, "side": "buy", "size": "5.80000000", "price": "0.19048000", "time": "2025-07-15T15:09:31.769405Z", "fetched_at": "2025-07-15T15:10:50.078717+00:00", "symbol": "DOGE-USD"}, {"trade_id": 139132880, "side": "buy", "size": "5.80000000", "price": "0.19050000", "time": "2025-07-15T15:09:29.086418Z", "fetched_at": "2025-07-15T15:10:50.078717+00:00", "symbol": "DOGE-USD"}, {"trade_id": 139132879, "side": "buy", "size": "35730.80000000", "price": "0.19051000", "time": "2025-07-15T15:09:29.084946Z", "fetched_at": "2025-07-15T15:10:50.078717+00:00", "symbol": "DOGE-USD"}, {"trade_id": 139132878, "side": "buy", "size": "38625.10000000", "price": "0.19051000", "time": "2025-07-15T15:09:29.083564Z", "fetched_at": "2025-07-15T15:10:50.078717+00:00", "symbol": "DOGE-USD"}, {"trade_id": 139132877, "side": "buy", "size": "2623.60000000", "price": "0.19051000", "time": "2025-07-15T15:09:29.083467Z", "fetched_at": "2025-07-15T15:10:50.078717+00:00", "symbol": "DOGE-USD"}, {"trade_id": 139132876, "side": "buy", "size": "6357.20000000", "price": "0.19051000", "time": "2025-07-15T15:09:29.083337Z", "fetched_at": "2025-07-15T15:10:50.078717+00:00", "symbol": "DOGE-USD"}, {"trade_id": 139132875, "side": "buy", "size": "12184.20000000", "price": "0.19051000", "time": "2025-07-15T15:09:29.083172Z", "fetched_at": "2025-07-15T15:10:50.078717+00:00", "symbol": "DOGE-USD"}, {"trade_id": 139132874, "side": "buy", "size": "13833.70000000", "price": "0.19051000", "time": "2025-07-15T15:09:29.083053Z", "fetched_at": "2025-07-15T15:10:50.078717+00:00", "symbol": "DOGE-USD"}, {"trade_id": 139132873, "side": "buy", "size": "3147.40000000", "price": "0.19051000", "time": "2025-07-15T15:09:29.082608Z", "fetched_at": "2025-07-15T15:10:50.078717+00:00", "symbol": "DOGE-USD"}, {"trade_id": 139132872, "side": "buy", "size": "30998.60000000", "price": "0.19051000", "time": "2025-07-15T15:09:29.082534Z", "fetched_at": "2025-07-15T15:10:50.078717+00:00", "symbol": "DOGE-USD"}, {"trade_id": 139132871, "side": "buy", "size": "24548.30000000", "price": "0.19051000", "time": "2025-07-15T15:09:29.082438Z", "fetched_at": "2025-07-15T15:10:50.078717+00:00", "symbol": "DOGE-USD"}, {"trade_id": 139132870, "side": "buy", "size": "7690.20000000", "price": "0.19051000", "time": "2025-07-15T15:09:29.008413Z", "fetched_at": "2025-07-15T15:10:50.078717+00:00", "symbol": "DOGE-USD"}, {"trade_id": 139132869, "side": "buy", "size": "3907.00000000", "price": "0.19051000", "time": "2025-07-15T15:09:29.006917Z", "fetched_at": "2025-07-15T15:10:50.078717+00:00", "symbol": "DOGE-USD"}, {"trade_id": 139132868, "side": "buy", "size": "5.80000000", "price": "0.19052000", "time": "2025-07-15T15:09:29.006917Z", "fetched_at": "2025-07-15T15:10:50.078717+00:00", "symbol": "DOGE-USD"}, {"trade_id": 139132867, "side": "buy", "size": "5.80000000", "price": "0.19054000", "time": "2025-07-15T15:09:28.997359Z", "fetched_at": "2025-07-15T15:10:50.078717+00:00", "symbol": "DOGE-USD"}, {"trade_id": 139132866, "side": "buy", "size": "5.80000000", "price": "0.19056000", "time": "2025-07-15T15:09:26.337509Z", "fetched_at": "2025-07-15T15:10:50.078717+00:00", "symbol": "DOGE-USD"}, {"trade_id": 139132865, "side": "sell", "size": "248.80000000", "price": "0.19057000", "time": "2025-07-15T15:09:26.014307Z", "fetched_at": "2025-07-15T15:10:50.078717+00:00", "symbol": "DOGE-USD"}, {"trade_id": 139132864, "side": "sell", "size": "1503.60000000", "price": "0.19060000", "time": "2025-07-15T15:09:24.745041Z", "fetched_at": "2025-07-15T15:10:50.078717+00:00", "symbol": "DOGE-USD"}, {"trade_id": 139132863, "side": "sell", "size": "1715.40000000", "price": "0.19059000", "time": "2025-07-15T15:09:24.745041Z", "fetched_at": "2025-07-15T15:10:50.078717+00:00", "symbol": "DOGE-USD"}, {"trade_id": 139132862, "side": "sell", "size": "61.80000000", "price": "0.19058000", "time": "2025-07-15T15:09:24.745041Z", "fetched_at": "2025-07-15T15:10:50.078717+00:00", "symbol": "DOGE-USD"}, {"trade_id": 139132861, "side": "sell", "size": "183.00000000", "price": "0.19057000", "time": "2025-07-15T15:09:24.745041Z", "fetched_at": "2025-07-15T15:10:50.078717+00:00", "symbol": "DOGE-USD"}, {"trade_id": 139132860, "side": "sell", "size": "1424.20000000", "price": "0.19060000", "time": "2025-07-15T15:09:24.339430Z", "fetched_at": "2025-07-15T15:10:50.078717+00:00", "symbol": "DOGE-USD"}, {"trade_id": 139132859, "side": "sell", "size": "1982.30000000", "price": "0.19059000", "time": "2025-07-15T15:09:24.244160Z", "fetched_at": "2025-07-15T15:10:50.078717+00:00", "symbol": "DOGE-USD"}, {"trade_id": 139132858, "side": "sell", "size": "2.60000000", "price": "0.19056000", "time": "2025-07-15T15:09:23.949952Z", "fetched_at": "2025-07-15T15:10:50.078717+00:00", "symbol": "DOGE-USD"}, {"trade_id": 139132857, "side": "sell", "size": "1010.30000000", "price": "0.19057000", "time": "2025-07-15T15:09:22.757677Z", "fetched_at": "2025-07-15T15:10:50.078717+00:00", "symbol": "DOGE-USD"}, {"trade_id": 139132856, "side": "buy", "size": "5.80000000", "price": "0.19056000", "time": "2025-07-15T15:09:22.536060Z", "fetched_at": "2025-07-15T15:10:50.078717+00:00", "symbol": "DOGE-USD"}, {"trade_id": 139132855, "side": "buy", "size": "1618.70000000", "price": "0.19056000", "time": "2025-07-15T15:09:22.536060Z", "fetched_at": "2025-07-15T15:10:50.078717+00:00", "symbol": "DOGE-USD"}, {"trade_id": 139132854, "side": "sell", "size": "183.00000000", "price": "0.19059000", "time": "2025-07-15T15:09:21.743014Z", "fetched_at": "2025-07-15T15:10:50.078717+00:00", "symbol": "DOGE-USD"}, {"trade_id": 139132853, "side": "sell", "size": "1676.40000000", "price": "0.19060000", "time": "2025-07-15T15:09:19.306264Z", "fetched_at": "2025-07-15T15:10:50.078717+00:00", "symbol": "DOGE-USD"}, {"trade_id": 139132852, "side": "sell", "size": "2.60000000", "price": "0.19060000", "time": "2025-07-15T15:09:19.306264Z", "fetched_at": "2025-07-15T15:10:50.078717+00:00", "symbol": "DOGE-USD"}, {"trade_id": 139132851, "side": "buy", "size": "70.60000000", "price": "0.19058000", "time": "2025-07-15T15:09:19.152915Z", "fetched_at": "2025-07-15T15:10:50.078717+00:00", "symbol": "DOGE-USD"}, {"trade_id": 139132850, "side": "sell", "size": "1907.10000000", "price": "0.19059000", "time": "2025-07-15T15:09:16.590372Z", "fetched_at": "2025-07-15T15:10:50.078717+00:00", "symbol": "DOGE-USD"}, {"trade_id": 139132849, "side": "sell", "size": "2020.40000000", "price": "0.19056000", "time": "2025-07-15T15:09:15.442566Z", "fetched_at": "2025-07-15T15:10:50.078717+00:00", "symbol": "DOGE-USD"}, {"trade_id": 139132848, "side": "sell", "size": "254.70000000", "price": "0.19056000", "time": "2025-07-15T15:09:15.257045Z", "fetched_at": "2025-07-15T15:10:50.078717+00:00", "symbol": "DOGE-USD"}, {"trade_id": 139132847, "side": "buy", "size": "0.60000000", "price": "0.19056000", "time": "2025-07-15T15:09:14.110867Z", "fetched_at": "2025-07-15T15:10:50.078717+00:00", "symbol": "DOGE-USD"}, {"trade_id": 139132846, "side": "buy", "size": "5.20000000", "price": "0.19056000", "time": "2025-07-15T15:09:13.954279Z", "fetched_at": "2025-07-15T15:10:50.078717+00:00", "symbol": "DOGE-USD"}, {"trade_id": 139132845, "side": "buy", "size": "5.80000000", "price": "0.19058000", "time": "2025-07-15T15:09:11.424159Z", "fetched_at": "2025-07-15T15:10:50.078717+00:00", "symbol": "DOGE-USD"}, {"trade_id": 139132844, "side": "buy", "size": "5.80000000", "price": "0.19060000", "time": "2025-07-15T15:09:11.111508Z", "fetched_at": "2025-07-15T15:10:50.078717+00:00", "symbol": "DOGE-USD"}, {"trade_id": 139132843, "side": "sell", "size": "283.40000000", "price": "0.19061000", "time": "2025-07-15T15:09:10.776438Z", "fetched_at": "2025-07-15T15:10:50.078717+00:00", "symbol": "DOGE-USD"}, {"trade_id": 139132842, "side": "buy", "size": "5529.30000000", "price": "0.19062000", "time": "2025-07-15T15:09:10.655610Z", "fetched_at": "2025-07-15T15:10:50.078717+00:00", "symbol": "DOGE-USD"}, {"trade_id": 139132841, "side": "buy", "size": "5.80000000", "price": "0.19062000", "time": "2025-07-15T15:09:10.655610Z", "fetched_at": "2025-07-15T15:10:50.078717+00:00", "symbol": "DOGE-USD"}, {"trade_id": 139132840, "side": "buy", "size": "29.40000000", "price": "0.19063000", "time": "2025-07-15T15:09:10.434495Z", "fetched_at": "2025-07-15T15:10:50.078717+00:00", "symbol": "DOGE-USD"}, {"trade_id": 139132839, "side": "buy", "size": "5.80000000", "price": "0.19064000", "time": "2025-07-15T15:09:10.430480Z", "fetched_at": "2025-07-15T15:10:50.078717+00:00", "symbol": "DOGE-USD"}, {"trade_id": 139132838, "side": "sell", "size": "1547.10000000", "price": "0.19066000", "time": "2025-07-15T15:09:10.042796Z", "fetched_at": "2025-07-15T15:10:50.078717+00:00", "symbol": "DOGE-USD"}, {"trade_id": 139132837, "side": "buy", "size": "3560.90000000", "price": "0.19067000", "time": "2025-07-15T15:09:09.884860Z", "fetched_at": "2025-07-15T15:10:50.078717+00:00", "symbol": "DOGE-USD"}, {"trade_id": 139132836, "side": "buy", "size": "29.40000000", "price": "0.19068000", "time": "2025-07-15T15:09:09.884860Z", "fetched_at": "2025-07-15T15:10:50.078717+00:00", "symbol": "DOGE-USD"}, {"trade_id": 139132835, "side": "buy", "size": "29.40000000", "price": "0.19068000", "time": "2025-07-15T15:09:09.874288Z", "fetched_at": "2025-07-15T15:10:50.078717+00:00", "symbol": "DOGE-USD"}, {"trade_id": 139132834, "side": "buy", "size": "300.60000000", "price": "0.19067000", "time": "2025-07-15T15:09:09.861674Z", "fetched_at": "2025-07-15T15:10:50.078717+00:00", "symbol": "DOGE-USD"}, {"trade_id": 139132833, "side": "buy", "size": "286.50000000", "price": "0.19067000", "time": "2025-07-15T15:09:09.857745Z", "fetched_at": "2025-07-15T15:10:50.078717+00:00", "symbol": "DOGE-USD"}, {"trade_id": 139132832, "side": "buy", "size": "246.30000000", "price": "0.19067000", "time": "2025-07-15T15:09:09.853925Z", "fetched_at": "2025-07-15T15:10:50.078717+00:00", "symbol": "DOGE-USD"}, {"trade_id": 139132831, "side": "buy", "size": "314.20000000", "price": "0.19067000", "time": "2025-07-15T15:09:09.850154Z", "fetched_at": "2025-07-15T15:10:50.078717+00:00", "symbol": "DOGE-USD"}, {"trade_id": 139132830, "side": "buy", "size": "29.40000000", "price": "0.19068000", "time": "2025-07-15T15:09:09.845955Z", "fetched_at": "2025-07-15T15:10:50.078717+00:00", "symbol": "DOGE-USD"}, {"trade_id": 139132829, "side": "sell", "size": "425.10000000", "price": "0.19068000", "time": "2025-07-15T15:09:09.764115Z", "fetched_at": "2025-07-15T15:10:50.078717+00:00", "symbol": "DOGE-USD"}, {"trade_id": 139132828, "side": "buy", "size": "21081.10000000", "price": "0.19068000", "time": "2025-07-15T15:09:09.755415Z", "fetched_at": "2025-07-15T15:10:50.078717+00:00", "symbol": "DOGE-USD"}, {"trade_id": 139132827, "side": "buy", "size": "5.80000000", "price": "0.19068000", "time": "2025-07-15T15:09:09.755415Z", "fetched_at": "2025-07-15T15:10:50.078717+00:00", "symbol": "DOGE-USD"}, {"trade_id": 139132826, "side": "buy", "size": "1545.10000000", "price": "0.19069000", "time": "2025-07-15T15:09:09.755415Z", "fetched_at": "2025-07-15T15:10:50.078717+00:00", "symbol": "DOGE-USD"}, {"trade_id": 139132825, "side": "buy", "size": "33.30000000", "price": "0.19075000", "time": "2025-07-15T15:09:09.634246Z", "fetched_at": "2025-07-15T15:10:50.078717+00:00", "symbol": "DOGE-USD"}, {"trade_id": 139132824, "side": "buy", "size": "3060.30000000", "price": "0.19080000", "time": "2025-07-15T15:09:09.248755Z", "fetched_at": "2025-07-15T15:10:50.078717+00:00", "symbol": "DOGE-USD"}, {"trade_id": 139132823, "side": "sell", "size": "61.80000000", "price": "0.19076000", "time": "2025-07-15T15:09:09.112866Z", "fetched_at": "2025-07-15T15:10:50.078717+00:00", "symbol": "DOGE-USD"}, {"trade_id": 139132822, "side": "sell", "size": "5881.40000000", "price": "0.19082000", "time": "2025-07-15T15:09:09.100410Z", "fetched_at": "2025-07-15T15:10:50.078717+00:00", "symbol": "DOGE-USD"}, {"trade_id": 139132821, "side": "sell", "size": "5.80000000", "price": "0.19082000", "time": "2025-07-15T15:09:09.100410Z", "fetched_at": "2025-07-15T15:10:50.078717+00:00", "symbol": "DOGE-USD"}, {"trade_id": 139132820, "side": "sell", "size": "1851.60000000", "price": "0.19081000", "time": "2025-07-15T15:09:09.100410Z", "fetched_at": "2025-07-15T15:10:50.078717+00:00", "symbol": "DOGE-USD"}, {"trade_id": 139132819, "side": "sell", "size": "1566.00000000", "price": "0.19081000", "time": "2025-07-15T15:09:09.100410Z", "fetched_at": "2025-07-15T15:10:50.078717+00:00", "symbol": "DOGE-USD"}, {"trade_id": 139132818, "side": "sell", "size": "2000.00000000", "price": "0.19080000", "time": "2025-07-15T15:09:09.100410Z", "fetched_at": "2025-07-15T15:10:50.078717+00:00", "symbol": "DOGE-USD"}, {"trade_id": 139132817, "side": "sell", "size": "10000.00000000", "price": "0.19080000", "time": "2025-07-15T15:09:09.100410Z", "fetched_at": "2025-07-15T15:10:50.078717+00:00", "symbol": "DOGE-USD"}, {"trade_id": 139132816, "side": "sell", "size": "1282.40000000", "price": "0.19080000", "time": "2025-07-15T15:09:09.100410Z", "fetched_at": "2025-07-15T15:10:50.078717+00:00", "symbol": "DOGE-USD"}, {"trade_id": 139132815, "side": "sell", "size": "12626.20000000", "price": "0.19080000", "time": "2025-07-15T15:09:09.100410Z", "fetched_at": "2025-07-15T15:10:50.078717+00:00", "symbol": "DOGE-USD"}, {"trade_id": 139132814, "side": "sell", "size": "5.80000000", "price": "0.19080000", "time": "2025-07-15T15:09:09.100410Z", "fetched_at": "2025-07-15T15:10:50.078717+00:00", "symbol": "DOGE-USD"}, {"trade_id": 139132813, "side": "sell", "size": "428.60000000", "price": "0.19078000", "time": "2025-07-15T15:09:09.100410Z", "fetched_at": "2025-07-15T15:10:50.078717+00:00", "symbol": "DOGE-USD"}, {"trade_id": 139132812, "side": "sell", "size": "1566.00000000", "price": "0.19078000", "time": "2025-07-15T15:09:09.100410Z", "fetched_at": "2025-07-15T15:10:50.078717+00:00", "symbol": "DOGE-USD"}, {"trade_id": 139132811, "side": "sell", "size": "5.80000000", "price": "0.19078000", "time": "2025-07-15T15:09:09.100410Z", "fetched_at": "2025-07-15T15:10:50.078717+00:00", "symbol": "DOGE-USD"}, {"trade_id": 139132810, "side": "sell", "size": "3108.50000000", "price": "0.19077000", "time": "2025-07-15T15:09:09.096944Z", "fetched_at": "2025-07-15T15:10:50.078717+00:00", "symbol": "DOGE-USD"}, {"trade_id": 139132809, "side": "sell", "size": "13166.40000000", "price": "0.19077000", "time": "2025-07-15T15:09:09.096944Z", "fetched_at": "2025-07-15T15:10:50.078717+00:00", "symbol": "DOGE-USD"}, {"trade_id": 139132808, "side": "sell", "size": "7881.80000000", "price": "0.19077000", "time": "2025-07-15T15:09:09.093555Z", "fetched_at": "2025-07-15T15:10:50.078717+00:00", "symbol": "DOGE-USD"}, {"trade_id": 139132807, "side": "sell", "size": "1566.00000000", "price": "0.19076000", "time": "2025-07-15T15:09:09.089264Z", "fetched_at": "2025-07-15T15:10:50.078717+00:00", "symbol": "DOGE-USD"}, {"trade_id": 139132806, "side": "sell", "size": "5.80000000", "price": "0.19076000", "time": "2025-07-15T15:09:09.089264Z", "fetched_at": "2025-07-15T15:10:50.078717+00:00", "symbol": "DOGE-USD"}, {"trade_id": 139132805, "side": "sell", "size": "61.80000000", "price": "0.19075000", "time": "2025-07-15T15:09:09.089264Z", "fetched_at": "2025-07-15T15:10:50.078717+00:00", "symbol": "DOGE-USD"}, {"trade_id": 139132804, "side": "sell", "size": "800.50000000", "price": "0.19075000", "time": "2025-07-15T15:09:09.089264Z", "fetched_at": "2025-07-15T15:10:50.078717+00:00", "symbol": "DOGE-USD"}, {"trade_id": 139132803, "side": "sell", "size": "5.80000000", "price": "0.19074000", "time": "2025-07-15T15:09:09.089264Z", "fetched_at": "2025-07-15T15:10:50.078717+00:00", "symbol": "DOGE-USD"}, {"trade_id": 139132802, "side": "sell", "size": "183.00000000", "price": "0.19073000", "time": "2025-07-15T15:09:09.089264Z", "fetched_at": "2025-07-15T15:10:50.078717+00:00", "symbol": "DOGE-USD"}, {"trade_id": 139132801, "side": "sell", "size": "2123.90000000", "price": "0.19071000", "time": "2025-07-15T15:09:08.896148Z", "fetched_at": "2025-07-15T15:10:50.078717+00:00", "symbol": "DOGE-USD"}, {"trade_id": 139132800, "side": "sell", "size": "5.80000000", "price": "0.19072000", "time": "2025-07-15T15:09:08.100490Z", "fetched_at": "2025-07-15T15:10:50.078717+00:00", "symbol": "DOGE-USD"}, {"trade_id": 139132799, "side": "sell", "size": "2362.10000000", "price": "0.19070000", "time": "2025-07-15T15:09:07.539631Z", "fetched_at": "2025-07-15T15:10:50.078717+00:00", "symbol": "DOGE-USD"}, {"trade_id": 139132798, "side": "sell", "size": "5.80000000", "price": "0.19070000", "time": "2025-07-15T15:09:07.539631Z", "fetched_at": "2025-07-15T15:10:50.078717+00:00", "symbol": "DOGE-USD"}, {"trade_id": 139132797, "side": "sell", "size": "2599.20000000", "price": "0.19067000", "time": "2025-07-15T15:09:06.654006Z", "fetched_at": "2025-07-15T15:10:50.078717+00:00", "symbol": "DOGE-USD"}, {"trade_id": 139132796, "side": "sell", "size": "254.80000000", "price": "0.19067000", "time": "2025-07-15T15:09:06.606724Z", "fetched_at": "2025-07-15T15:10:50.078717+00:00", "symbol": "DOGE-USD"}, {"trade_id": 139132795, "side": "sell", "size": "431.90000000", "price": "0.19068000", "time": "2025-07-15T15:09:05.346615Z", "fetched_at": "2025-07-15T15:10:50.078717+00:00", "symbol": "DOGE-USD"}, {"trade_id": 139132794, "side": "sell", "size": "1689.80000000", "price": "0.19068000", "time": "2025-07-15T15:09:05.346615Z", "fetched_at": "2025-07-15T15:10:50.078717+00:00", "symbol": "DOGE-USD"}, {"trade_id": 139132793, "side": "sell", "size": "1452.50000000", "price": "0.19066000", "time": "2025-07-15T15:09:05.346615Z", "fetched_at": "2025-07-15T15:10:50.078717+00:00", "symbol": "DOGE-USD"}, {"trade_id": 139132792, "side": "sell", "size": "156.50000000", "price": "0.19066000", "time": "2025-07-15T15:09:03.816576Z", "fetched_at": "2025-07-15T15:10:50.078717+00:00", "symbol": "DOGE-USD"}, {"trade_id": 139132791, "side": "sell", "size": "313.00000000", "price": "0.19068000", "time": "2025-07-15T15:09:03.162762Z", "fetched_at": "2025-07-15T15:10:50.078717+00:00", "symbol": "DOGE-USD"}, {"trade_id": 139132790, "side": "sell", "size": "1744.70000000", "price": "0.19065000", "time": "2025-07-15T15:09:02.312141Z", "fetched_at": "2025-07-15T15:10:50.078717+00:00", "symbol": "DOGE-USD"}, {"trade_id": 139132789, "side": "sell", "size": "3004.20000000", "price": "0.19063000", "time": "2025-07-15T15:09:02.162862Z", "fetched_at": "2025-07-15T15:10:50.078717+00:00", "symbol": "DOGE-USD"}, {"trade_id": 139132788, "side": "buy", "size": "5.80000000", "price": "0.19060000", "time": "2025-07-15T15:09:00.980531Z", "fetched_at": "2025-07-15T15:10:50.078717+00:00", "symbol": "DOGE-USD"}, {"trade_id": 139132787, "side": "buy", "size": "5.80000000", "price": "0.19062000", "time": "2025-07-15T15:09:00.732393Z", "fetched_at": "2025-07-15T15:10:50.078717+00:00", "symbol": "DOGE-USD"}, {"trade_id": 139132786, "side": "buy", "size": "5.80000000", "price": "0.19064000", "time": "2025-07-15T15:09:00.677926Z", "fetched_at": "2025-07-15T15:10:50.078717+00:00", "symbol": "DOGE-USD"}, {"trade_id": 139132785, "side": "buy", "size": "5.80000000", "price": "0.19066000", "time": "2025-07-15T15:09:00.207905Z", "fetched_at": "2025-07-15T15:10:50.078717+00:00", "symbol": "DOGE-USD"}, {"trade_id": 139132784, "side": "buy", "size": "5.80000000", "price": "0.19068000", "time": "2025-07-15T15:08:58.425662Z", "fetched_at": "2025-07-15T15:10:50.078717+00:00", "symbol": "DOGE-USD"}, {"trade_id": 139132783, "side": "sell", "size": "2418.40000000", "price": "0.19069000", "time": "2025-07-15T15:08:54.563695Z", "fetched_at": "2025-07-15T15:10:50.078717+00:00", "symbol": "DOGE-USD"}, {"trade_id": 139132782, "side": "sell", "size": "505.20000000", "price": "0.19070000", "time": "2025-07-15T15:08:54.043492Z", "fetched_at": "2025-07-15T15:10:50.078717+00:00", "symbol": "DOGE-USD"}, {"trade_id": 139132781, "side": "sell", "size": "800.50000000", "price": "0.19070000", "time": "2025-07-15T15:08:54.043492Z", "fetched_at": "2025-07-15T15:10:50.078717+00:00", "symbol": "DOGE-USD"}, {"trade_id": 139132780, "side": "buy", "size": "5.80000000", "price": "0.19070000", "time": "2025-07-15T15:08:53.801069Z", "fetched_at": "2025-07-15T15:10:50.078717+00:00", "symbol": "DOGE-USD"}, {"trade_id": 139132779, "side": "buy", "size": "5.80000000", "price": "0.19072000", "time": "2025-07-15T15:08:53.611018Z", "fetched_at": "2025-07-15T15:10:50.078717+00:00", "symbol": "DOGE-USD"}, {"trade_id": 139132778, "side": "sell", "size": "58.40000000", "price": "0.19076000", "time": "2025-07-15T15:08:52.117973Z", "fetched_at": "2025-07-15T15:10:50.078717+00:00", "symbol": "DOGE-USD"}, {"trade_id": 139132777, "side": "sell", "size": "5.80000000", "price": "0.19076000", "time": "2025-07-15T15:08:52.117973Z", "fetched_at": "2025-07-15T15:10:50.078717+00:00", "symbol": "DOGE-USD"}, {"trade_id": 139132776, "side": "sell", "size": "183.00000000", "price": "0.19075000", "time": "2025-07-15T15:08:52.117973Z", "fetched_at": "2025-07-15T15:10:50.078717+00:00", "symbol": "DOGE-USD"}, {"trade_id": 139132775, "side": "sell", "size": "1383.00000000", "price": "0.19075000", "time": "2025-07-15T15:08:52.116650Z", "fetched_at": "2025-07-15T15:10:50.078717+00:00", "symbol": "DOGE-USD"}, {"trade_id": 139132774, "side": "sell", "size": "183.00000000", "price": "0.19074000", "time": "2025-07-15T15:08:52.116650Z", "fetched_at": "2025-07-15T15:10:50.078717+00:00", "symbol": "DOGE-USD"}, {"trade_id": 139132773, "side": "sell", "size": "3.90000000", "price": "0.19073000", "time": "2025-07-15T15:08:49.982446Z", "fetched_at": "2025-07-15T15:10:50.078717+00:00", "symbol": "DOGE-USD"}, {"trade_id": 139132772, "side": "buy", "size": "937.20000000", "price": "0.19074000", "time": "2025-07-15T15:08:48.816887Z", "fetched_at": "2025-07-15T15:10:50.078717+00:00", "symbol": "DOGE-USD"}, {"trade_id": 139132771, "side": "buy", "size": "1421.30000000", "price": "0.19074000", "time": "2025-07-15T15:08:48.816887Z", "fetched_at": "2025-07-15T15:10:50.078717+00:00", "symbol": "DOGE-USD"}, {"trade_id": 139132770, "side": "sell", "size": "122.70000000", "price": "0.19075000", "time": "2025-07-15T15:08:48.812081Z", "fetched_at": "2025-07-15T15:10:50.078717+00:00", "symbol": "DOGE-USD"}, {"trade_id": 139132769, "side": "sell", "size": "5.80000000", "price": "0.19074000", "time": "2025-07-15T15:08:48.742501Z", "fetched_at": "2025-07-15T15:10:50.078717+00:00", "symbol": "DOGE-USD"}, {"trade_id": 139132768, "side": "sell", "size": "5.80000000", "price": "0.19072000", "time": "2025-07-15T15:08:48.649788Z", "fetched_at": "2025-07-15T15:10:50.078717+00:00", "symbol": "DOGE-USD"}, {"trade_id": 139132767, "side": "sell", "size": "26.30000000", "price": "0.19069000", "time": "2025-07-15T15:08:48.234285Z", "fetched_at": "2025-07-15T15:10:50.078717+00:00", "symbol": "DOGE-USD"}, {"trade_id": 139132766, "side": "buy", "size": "264.80000000", "price": "0.19068000", "time": "2025-07-15T15:08:47.991780Z", "fetched_at": "2025-07-15T15:10:50.078717+00:00", "symbol": "DOGE-USD"}, {"trade_id": 139132765, "side": "buy", "size": "5.80000000", "price": "0.19068000", "time": "2025-07-15T15:08:46.865670Z", "fetched_at": "2025-07-15T15:10:50.078717+00:00", "symbol": "DOGE-USD"}, {"trade_id": 139132764, "side": "sell", "size": "12.10000000", "price": "0.19074000", "time": "2025-07-15T15:08:44.154714Z", "fetched_at": "2025-07-15T15:10:50.078717+00:00", "symbol": "DOGE-USD"}, {"trade_id": 139132763, "side": "sell", "size": "5.80000000", "price": "0.19074000", "time": "2025-07-15T15:08:44.154714Z", "fetched_at": "2025-07-15T15:10:50.078717+00:00", "symbol": "DOGE-USD"}, {"trade_id": 139132762, "side": "sell", "size": "13.40000000", "price": "0.19074000", "time": "2025-07-15T15:08:44.154714Z", "fetched_at": "2025-07-15T15:10:50.078717+00:00", "symbol": "DOGE-USD"}, {"trade_id": 139132761, "side": "sell", "size": "52.20000000", "price": "0.19074000", "time": "2025-07-15T15:08:44.067255Z", "fetched_at": "2025-07-15T15:10:50.078717+00:00", "symbol": "DOGE-USD"}, {"trade_id": 139132760, "side": "sell", "size": "52.20000000", "price": "0.19074000", "time": "2025-07-15T15:08:44.007058Z", "fetched_at": "2025-07-15T15:10:50.078717+00:00", "symbol": "DOGE-USD"}, {"trade_id": 139132759, "side": "sell", "size": "52.30000000", "price": "0.19071000", "time": "2025-07-15T15:08:43.762548Z", "fetched_at": "2025-07-15T15:10:50.078717+00:00", "symbol": "DOGE-USD"}, {"trade_id": 139132758, "side": "sell", "size": "52.30000000", "price": "0.19071000", "time": "2025-07-15T15:08:43.701201Z", "fetched_at": "2025-07-15T15:10:50.078717+00:00", "symbol": "DOGE-USD"}, {"trade_id": 139132757, "side": "sell", "size": "41.80000000", "price": "0.19071000", "time": "2025-07-15T15:08:43.699132Z", "fetched_at": "2025-07-15T15:10:50.078717+00:00", "symbol": "DOGE-USD"}, {"trade_id": 139132756, "side": "sell", "size": "52.30000000", "price": "0.19071000", "time": "2025-07-15T15:08:43.690526Z", "fetched_at": "2025-07-15T15:10:50.078717+00:00", "symbol": "DOGE-USD"}, {"trade_id": 139132755, "side": "sell", "size": "52.30000000", "price": "0.19071000", "time": "2025-07-15T15:08:43.637177Z", "fetched_at": "2025-07-15T15:10:50.078717+00:00", "symbol": "DOGE-USD"}, {"trade_id": 139132754, "side": "sell", "size": "74.60000000", "price": "0.19073000", "time": "2025-07-15T15:08:39.126203Z", "fetched_at": "2025-07-15T15:10:50.078717+00:00", "symbol": "DOGE-USD"}, {"trade_id": 139132753, "side": "sell", "size": "65.00000000", "price": "0.19073000", "time": "2025-07-15T15:08:36.943001Z", "fetched_at": "2025-07-15T15:10:50.078717+00:00", "symbol": "DOGE-USD"}, {"trade_id": 139132752, "side": "sell", "size": "1494.00000000", "price": "0.19072000", "time": "2025-07-15T15:08:36.872440Z", "fetched_at": "2025-07-15T15:10:50.078717+00:00", "symbol": "DOGE-USD"}, {"trade_id": 139132751, "side": "sell", "size": "5.80000000", "price": "0.19072000", "time": "2025-07-15T15:08:36.872440Z", "fetched_at": "2025-07-15T15:10:50.078717+00:00", "symbol": "DOGE-USD"}, {"trade_id": 139132750, "side": "sell", "size": "91.50000000", "price": "0.19072000", "time": "2025-07-15T15:08:36.872440Z", "fetched_at": "2025-07-15T15:10:50.078717+00:00", "symbol": "DOGE-USD"}, {"trade_id": 139132749, "side": "sell", "size": "559.70000000", "price": "0.19070000", "time": "2025-07-15T15:08:36.027846Z", "fetched_at": "2025-07-15T15:10:50.078717+00:00", "symbol": "DOGE-USD"}, {"trade_id": 139132748, "side": "sell", "size": "559.70000000", "price": "0.19070000", "time": "2025-07-15T15:08:36.016256Z", "fetched_at": "2025-07-15T15:10:50.078717+00:00", "symbol": "DOGE-USD"}, {"trade_id": 139132747, "side": "sell", "size": "418.40000000", "price": "0.19070000", "time": "2025-07-15T15:08:35.931444Z", "fetched_at": "2025-07-15T15:10:50.078717+00:00", "symbol": "DOGE-USD"}, {"trade_id": 139132746, "side": "sell", "size": "1685.40000000", "price": "0.19067000", "time": "2025-07-15T15:08:35.285812Z", "fetched_at": "2025-07-15T15:10:50.078717+00:00", "symbol": "DOGE-USD"}, {"trade_id": 139132745, "side": "sell", "size": "5.80000000", "price": "0.19070000", "time": "2025-07-15T15:08:34.319428Z", "fetched_at": "2025-07-15T15:10:50.078717+00:00", "symbol": "DOGE-USD"}, {"trade_id": 139132744, "side": "sell", "size": "626.00000000", "price": "0.19067000", "time": "2025-07-15T15:08:34.081131Z", "fetched_at": "2025-07-15T15:10:50.078717+00:00", "symbol": "DOGE-USD"}, {"trade_id": 139132743, "side": "buy", "size": "292.40000000", "price": "0.19066000", "time": "2025-07-15T15:08:33.401181Z", "fetched_at": "2025-07-15T15:10:50.078717+00:00", "symbol": "DOGE-USD"}, {"trade_id": 139132742, "side": "buy", "size": "5.80000000", "price": "0.19064000", "time": "2025-07-15T15:08:31.528059Z", "fetched_at": "2025-07-15T15:10:50.078717+00:00", "symbol": "DOGE-USD"}, {"trade_id": 139132741, "side": "buy", "size": "21.40000000", "price": "0.19064000", "time": "2025-07-15T15:08:31.528059Z", "fetched_at": "2025-07-15T15:10:50.078717+00:00", "symbol": "DOGE-USD"}, {"trade_id": 139132740, "side": "buy", "size": "1549.00000000", "price": "0.19064000", "time": "2025-07-15T15:08:31.457368Z", "fetched_at": "2025-07-15T15:10:50.078717+00:00", "symbol": "DOGE-USD"}, {"trade_id": 139132739, "side": "buy", "size": "27.20000000", "price": "0.19065000", "time": "2025-07-15T15:08:31.457368Z", "fetched_at": "2025-07-15T15:10:50.078717+00:00", "symbol": "DOGE-USD"}, {"trade_id": 139132738, "side": "sell", "size": "5.80000000", "price": "0.19070000", "time": "2025-07-15T15:08:29.924817Z", "fetched_at": "2025-07-15T15:10:50.078717+00:00", "symbol": "DOGE-USD"}, {"trade_id": 139132737, "side": "buy", "size": "1190.90000000", "price": "0.19067000", "time": "2025-07-15T15:08:29.713811Z", "fetched_at": "2025-07-15T15:10:50.078717+00:00", "symbol": "DOGE-USD"}, {"trade_id": 139132736, "side": "buy", "size": "54.80000000", "price": "0.19067000", "time": "2025-07-15T15:08:29.662079Z", "fetched_at": "2025-07-15T15:10:50.078717+00:00", "symbol": "DOGE-USD"}, {"trade_id": 139132735, "side": "buy", "size": "128.20000000", "price": "0.19067000", "time": "2025-07-15T15:08:29.662079Z", "fetched_at": "2025-07-15T15:10:50.078717+00:00", "symbol": "DOGE-USD"}, {"trade_id": 139132734, "side": "buy", "size": "27.40000000", "price": "0.19067000", "time": "2025-07-15T15:08:29.641348Z", "fetched_at": "2025-07-15T15:10:50.078717+00:00", "symbol": "DOGE-USD"}, {"trade_id": 139132733, "side": "buy", "size": "27.40000000", "price": "0.19067000", "time": "2025-07-15T15:08:29.617640Z", "fetched_at": "2025-07-15T15:10:50.078717+00:00", "symbol": "DOGE-USD"}, {"trade_id": 139132732, "side": "sell", "size": "422.50000000", "price": "0.19066000", "time": "2025-07-15T15:08:29.519425Z", "fetched_at": "2025-07-15T15:10:50.078717+00:00", "symbol": "DOGE-USD"}, {"trade_id": 139132731, "side": "buy", "size": "30.10000000", "price": "0.19065000", "time": "2025-07-15T15:08:27.984929Z", "fetched_at": "2025-07-15T15:10:50.078717+00:00", "symbol": "DOGE-USD"}, {"trade_id": 139132730, "side": "buy", "size": "20.10000000", "price": "0.19068000", "time": "2025-07-15T15:08:27.278937Z", "fetched_at": "2025-07-15T15:10:50.078717+00:00", "symbol": "DOGE-USD"}, {"trade_id": 139132729, "side": "buy", "size": "9.90000000", "price": "0.19069000", "time": "2025-07-15T15:08:27.278937Z", "fetched_at": "2025-07-15T15:10:50.078717+00:00", "symbol": "DOGE-USD"}, {"trade_id": 139132728, "side": "sell", "size": "238.90000000", "price": "0.19070000", "time": "2025-07-15T15:08:26.977090Z", "fetched_at": "2025-07-15T15:10:50.078717+00:00", "symbol": "DOGE-USD"}, {"trade_id": 139132727, "side": "sell", "size": "283.40000000", "price": "0.19070000", "time": "2025-07-15T15:08:26.977090Z", "fetched_at": "2025-07-15T15:10:50.078717+00:00", "symbol": "DOGE-USD"}, {"trade_id": 139132726, "side": "sell", "size": "183.00000000", "price": "0.19071000", "time": "2025-07-15T15:08:26.373494Z", "fetched_at": "2025-07-15T15:10:50.078717+00:00", "symbol": "DOGE-USD"}, {"trade_id": 139132725, "side": "sell", "size": "1380.40000000", "price": "0.19071000", "time": "2025-07-15T15:08:26.373494Z", "fetched_at": "2025-07-15T15:10:50.078717+00:00", "symbol": "DOGE-USD"}, {"trade_id": 139132724, "side": "sell", "size": "170.20000000", "price": "0.19071000", "time": "2025-07-15T15:08:25.887474Z", "fetched_at": "2025-07-15T15:10:50.078717+00:00", "symbol": "DOGE-USD"}, {"trade_id": 139132723, "side": "sell", "size": "1495.40000000", "price": "0.19068000", "time": "2025-07-15T15:08:25.505752Z", "fetched_at": "2025-07-15T15:10:50.078717+00:00", "symbol": "DOGE-USD"}, {"trade_id": 139132722, "side": "buy", "size": "2.50000000", "price": "0.19067000", "time": "2025-07-15T15:08:24.564827Z", "fetched_at": "2025-07-15T15:10:50.078717+00:00", "symbol": "DOGE-USD"}, {"trade_id": 139132721, "side": "buy", "size": "1172.90000000", "price": "0.19062000", "time": "2025-07-15T15:08:22.887491Z", "fetched_at": "2025-07-15T15:10:50.078717+00:00", "symbol": "DOGE-USD"}, {"trade_id": 139132720, "side": "buy", "size": "1611.50000000", "price": "0.19065000", "time": "2025-07-15T15:08:22.887491Z", "fetched_at": "2025-07-15T15:10:50.078717+00:00", "symbol": "DOGE-USD"}, {"trade_id": 139132719, "side": "buy", "size": "25.70000000", "price": "0.19066000", "time": "2025-07-15T15:08:22.887491Z", "fetched_at": "2025-07-15T15:10:50.078717+00:00", "symbol": "DOGE-USD"}, {"trade_id": 139132718, "side": "sell", "size": "1095.60000000", "price": "0.19071000", "time": "2025-07-15T15:08:21.915823Z", "fetched_at": "2025-07-15T15:10:50.078717+00:00", "symbol": "DOGE-USD"}, {"trade_id": 139132717, "side": "sell", "size": "800.50000000", "price": "0.19070000", "time": "2025-07-15T15:08:21.915823Z", "fetched_at": "2025-07-15T15:10:50.078717+00:00", "symbol": "DOGE-USD"}, {"trade_id": 139132716, "side": "sell", "size": "5.80000000", "price": "0.19070000", "time": "2025-07-15T15:08:21.915823Z", "fetched_at": "2025-07-15T15:10:50.078717+00:00", "symbol": "DOGE-USD"}, {"trade_id": 139132715, "side": "sell", "size": "149.20000000", "price": "0.19070000", "time": "2025-07-15T15:08:21.915823Z", "fetched_at": "2025-07-15T15:10:50.078717+00:00", "symbol": "DOGE-USD"}, {"trade_id": 139132714, "side": "sell", "size": "1393.50000000", "price": "0.19069000", "time": "2025-07-15T15:08:21.915823Z", "fetched_at": "2025-07-15T15:10:50.078717+00:00", "symbol": "DOGE-USD"}, {"trade_id": 139132713, "side": "sell", "size": "212.00000000", "price": "0.19069000", "time": "2025-07-15T15:08:21.915823Z", "fetched_at": "2025-07-15T15:10:50.078717+00:00", "symbol": "DOGE-USD"}, {"trade_id": 139132712, "side": "sell", "size": "61.80000000", "price": "0.19068000", "time": "2025-07-15T15:08:21.915823Z", "fetched_at": "2025-07-15T15:10:50.078717+00:00", "symbol": "DOGE-USD"}, {"trade_id": 139132711, "side": "sell", "size": "91.60000000", "price": "0.19068000", "time": "2025-07-15T15:08:21.915823Z", "fetched_at": "2025-07-15T15:10:50.078717+00:00", "symbol": "DOGE-USD"}, {"trade_id": 139132710, "side": "sell", "size": "5.80000000", "price": "0.19068000", "time": "2025-07-15T15:08:21.915823Z", "fetched_at": "2025-07-15T15:10:50.078717+00:00", "symbol": "DOGE-USD"}, {"trade_id": 139132709, "side": "sell", "size": "81.20000000", "price": "0.19067000", "time": "2025-07-15T15:08:21.915823Z", "fetched_at": "2025-07-15T15:10:50.078717+00:00", "symbol": "DOGE-USD"}, {"trade_id": 139132708, "side": "sell", "size": "1471.60000000", "price": "0.19066000", "time": "2025-07-15T15:08:21.903649Z", "fetched_at": "2025-07-15T15:10:50.078717+00:00", "symbol": "DOGE-USD"}, {"trade_id": 139132707, "side": "sell", "size": "5.80000000", "price": "0.19066000", "time": "2025-07-15T15:08:21.903649Z", "fetched_at": "2025-07-15T15:10:50.078717+00:00", "symbol": "DOGE-USD"}, {"trade_id": 139132706, "side": "sell", "size": "159.70000000", "price": "0.19066000", "time": "2025-07-15T15:08:21.903649Z", "fetched_at": "2025-07-15T15:10:50.078717+00:00", "symbol": "DOGE-USD"}, {"trade_id": 139132705, "side": "sell", "size": "953.70000000", "price": "0.19062000", "time": "2025-07-15T15:08:20.774786Z", "fetched_at": "2025-07-15T15:10:50.078717+00:00", "symbol": "DOGE-USD"}, {"trade_id": 139132704, "side": "sell", "size": "428.20000000", "price": "0.19062000", "time": "2025-07-15T15:08:20.304093Z", "fetched_at": "2025-07-15T15:10:50.078717+00:00", "symbol": "DOGE-USD"}, {"trade_id": 139132703, "side": "sell", "size": "1275.90000000", "price": "0.19064000", "time": "2025-07-15T15:08:17.319077Z", "fetched_at": "2025-07-15T15:10:50.078717+00:00", "symbol": "DOGE-USD"}, {"trade_id": 139132702, "side": "sell", "size": "1566.00000000", "price": "0.19064000", "time": "2025-07-15T15:08:17.319077Z", "fetched_at": "2025-07-15T15:10:50.078717+00:00", "symbol": "DOGE-USD"}, {"trade_id": 139132701, "side": "sell", "size": "5.80000000", "price": "0.19064000", "time": "2025-07-15T15:08:17.319077Z", "fetched_at": "2025-07-15T15:10:50.078717+00:00", "symbol": "DOGE-USD"}, {"trade_id": 139132700, "side": "sell", "size": "1418.10000000", "price": "0.19062000", "time": "2025-07-15T15:08:16.308656Z", "fetched_at": "2025-07-15T15:10:50.078717+00:00", "symbol": "DOGE-USD"}, {"trade_id": 139132699, "side": "sell", "size": "313.90000000", "price": "0.19061000", "time": "2025-07-15T15:08:15.316878Z", "fetched_at": "2025-07-15T15:10:50.078717+00:00", "symbol": "DOGE-USD"}, {"trade_id": 139132698, "side": "sell", "size": "5.80000000", "price": "0.19060000", "time": "2025-07-15T15:08:14.945602Z", "fetched_at": "2025-07-15T15:10:50.078717+00:00", "symbol": "DOGE-USD"}, {"trade_id": 139132697, "side": "sell", "size": "1543.70000000", "price": "0.19058000", "time": "2025-07-15T15:08:14.902646Z", "fetched_at": "2025-07-15T15:10:50.078717+00:00", "symbol": "DOGE-USD"}, {"trade_id": 139132696, "side": "buy", "size": "5.80000000", "price": "0.19052000", "time": "2025-07-15T15:08:12.381858Z", "fetched_at": "2025-07-15T15:10:50.078717+00:00", "symbol": "DOGE-USD"}, {"trade_id": 139132695, "side": "sell", "size": "4737.90000000", "price": "0.19055000", "time": "2025-07-15T15:08:11.661656Z", "fetched_at": "2025-07-15T15:10:50.078717+00:00", "symbol": "DOGE-USD"}, {"trade_id": 139132694, "side": "buy", "size": "5.80000000", "price": "0.19056000", "time": "2025-07-15T15:08:10.956395Z", "fetched_at": "2025-07-15T15:10:50.078717+00:00", "symbol": "DOGE-USD"}, {"trade_id": 139132693, "side": "buy", "size": "7664.50000000", "price": "0.19057000", "time": "2025-07-15T15:08:10.889416Z", "fetched_at": "2025-07-15T15:10:50.078717+00:00", "symbol": "DOGE-USD"}, {"trade_id": 139132692, "side": "buy", "size": "8592.00000000", "price": "0.19057000", "time": "2025-07-15T15:08:10.886030Z", "fetched_at": "2025-07-15T15:10:50.078717+00:00", "symbol": "DOGE-USD"}, {"trade_id": 139132691, "side": "buy", "size": "19.70000000", "price": "0.19058000", "time": "2025-07-15T15:08:10.886030Z", "fetched_at": "2025-07-15T15:10:50.078717+00:00", "symbol": "DOGE-USD"}, {"trade_id": 139132690, "side": "buy", "size": "22.10000000", "price": "0.19061000", "time": "2025-07-15T15:08:10.658892Z", "fetched_at": "2025-07-15T15:10:50.078717+00:00", "symbol": "DOGE-USD"}, {"trade_id": 139132689, "side": "buy", "size": "3146.60000000", "price": "0.19061000", "time": "2025-07-15T15:08:10.646053Z", "fetched_at": "2025-07-15T15:10:50.078717+00:00", "symbol": "DOGE-USD"}, {"trade_id": 139132688, "side": "buy", "size": "22.10000000", "price": "0.19061000", "time": "2025-07-15T15:08:10.646053Z", "fetched_at": "2025-07-15T15:10:50.078717+00:00", "symbol": "DOGE-USD"}, {"trade_id": 139132687, "side": "buy", "size": "23.20000000", "price": "0.19062000", "time": "2025-07-15T15:08:09.809671Z", "fetched_at": "2025-07-15T15:10:50.078717+00:00", "symbol": "DOGE-USD"}, {"trade_id": 139132686, "side": "sell", "size": "1027.00000000", "price": "0.19064000", "time": "2025-07-15T15:08:09.216313Z", "fetched_at": "2025-07-15T15:10:50.078717+00:00", "symbol": "DOGE-USD"}, {"trade_id": 139132685, "side": "sell", "size": "5.80000000", "price": "0.19064000", "time": "2025-07-15T15:08:09.216313Z", "fetched_at": "2025-07-15T15:10:50.078717+00:00", "symbol": "DOGE-USD"}, {"trade_id": 139132684, "side": "sell", "size": "4737.90000000", "price": "0.19062000", "time": "2025-07-15T15:08:08.650602Z", "fetched_at": "2025-07-15T15:10:50.078717+00:00", "symbol": "DOGE-USD"}, {"trade_id": 139132683, "side": "buy", "size": "380.00000000", "price": "0.19058000", "time": "2025-07-15T15:08:07.817885Z", "fetched_at": "2025-07-15T15:10:50.078717+00:00", "symbol": "DOGE-USD"}, {"trade_id": 139132682, "side": "buy", "size": "5865.50000000", "price": "0.19059000", "time": "2025-07-15T15:08:07.817885Z", "fetched_at": "2025-07-15T15:10:50.078717+00:00", "symbol": "DOGE-USD"}, {"trade_id": 139132681, "side": "buy", "size": "2853.40000000", "price": "0.19059000", "time": "2025-07-15T15:08:07.817885Z", "fetched_at": "2025-07-15T15:10:50.078717+00:00", "symbol": "DOGE-USD"}, {"trade_id": 139132680, "side": "buy", "size": "1545.10000000", "price": "0.19059000", "time": "2025-07-15T15:08:07.817885Z", "fetched_at": "2025-07-15T15:10:50.078717+00:00", "symbol": "DOGE-USD"}, {"trade_id": 139132679, "side": "buy", "size": "1974.20000000", "price": "0.19060000", "time": "2025-07-15T15:08:07.817885Z", "fetched_at": "2025-07-15T15:10:50.078717+00:00", "symbol": "DOGE-USD"}, {"trade_id": 139132678, "side": "buy", "size": "1545.10000000", "price": "0.19060000", "time": "2025-07-15T15:08:07.817885Z", "fetched_at": "2025-07-15T15:10:50.078717+00:00", "symbol": "DOGE-USD"}, {"trade_id": 139132677, "side": "buy", "size": "1566.00000000", "price": "0.19060000", "time": "2025-07-15T15:08:07.817885Z", "fetched_at": "2025-07-15T15:10:50.078717+00:00", "symbol": "DOGE-USD"}, {"trade_id": 139132676, "side": "buy", "size": "747.90000000", "price": "0.19060000", "time": "2025-07-15T15:08:07.817885Z", "fetched_at": "2025-07-15T15:10:50.078717+00:00", "symbol": "DOGE-USD"}, {"trade_id": 139132675, "side": "buy", "size": "800.50000000", "price": "0.19061000", "time": "2025-07-15T15:08:07.817885Z", "fetched_at": "2025-07-15T15:10:50.078717+00:00", "symbol": "DOGE-USD"}, {"trade_id": 139132674, "side": "buy", "size": "3148.00000000", "price": "0.19061000", "time": "2025-07-15T15:08:07.817885Z", "fetched_at": "2025-07-15T15:10:50.078717+00:00", "symbol": "DOGE-USD"}, {"trade_id": 139132673, "side": "buy", "size": "1621.70000000", "price": "0.19062000", "time": "2025-07-15T15:08:07.817885Z", "fetched_at": "2025-07-15T15:10:50.078717+00:00", "symbol": "DOGE-USD"}, {"trade_id": 139132672, "side": "buy", "size": "1545.10000000", "price": "0.19062000", "time": "2025-07-15T15:08:07.817885Z", "fetched_at": "2025-07-15T15:10:50.078717+00:00", "symbol": "DOGE-USD"}, {"trade_id": 139132671, "side": "buy", "size": "22.10000000", "price": "0.19063000", "time": "2025-07-15T15:08:07.817885Z", "fetched_at": "2025-07-15T15:10:50.078717+00:00", "symbol": "DOGE-USD"}, {"trade_id": 139132670, "side": "sell", "size": "21201.60000000", "price": "0.19062000", "time": "2025-07-15T15:08:06.462619Z", "fetched_at": "2025-07-15T15:10:50.078717+00:00", "symbol": "DOGE-USD"}, {"trade_id": 139132669, "side": "sell", "size": "5.80000000", "price": "0.19062000", "time": "2025-07-15T15:08:06.462619Z", "fetched_at": "2025-07-15T15:10:50.078717+00:00", "symbol": "DOGE-USD"}, {"trade_id": 139132668, "side": "sell", "size": "5.80000000", "price": "0.19060000", "time": "2025-07-15T15:08:06.462619Z", "fetched_at": "2025-07-15T15:10:50.078717+00:00", "symbol": "DOGE-USD"}, {"trade_id": 139132667, "side": "sell", "size": "5.80000000", "price": "0.19058000", "time": "2025-07-15T15:08:05.862908Z", "fetched_at": "2025-07-15T15:10:50.078717+00:00", "symbol": "DOGE-USD"}, {"trade_id": 139132666, "side": "sell", "size": "878.60000000", "price": "0.19056000", "time": "2025-07-15T15:08:05.826833Z", "fetched_at": "2025-07-15T15:10:50.078717+00:00", "symbol": "DOGE-USD"}, {"trade_id": 139132665, "side": "sell", "size": "5.80000000", "price": "0.19056000", "time": "2025-07-15T15:08:05.826833Z", "fetched_at": "2025-07-15T15:10:50.078717+00:00", "symbol": "DOGE-USD"}, {"trade_id": 139132664, "side": "buy", "size": "771.00000000", "price": "0.19052000", "time": "2025-07-15T15:08:04.926458Z", "fetched_at": "2025-07-15T15:10:50.078717+00:00", "symbol": "DOGE-USD"}, {"trade_id": 139132663, "side": "buy", "size": "18.70000000", "price": "0.19052000", "time": "2025-07-15T15:08:04.926458Z", "fetched_at": "2025-07-15T15:10:50.078717+00:00", "symbol": "DOGE-USD"}, {"trade_id": 139132662, "side": "sell", "size": "4737.90000000", "price": "0.19054000", "time": "2025-07-15T15:08:03.890255Z", "fetched_at": "2025-07-15T15:10:50.078717+00:00", "symbol": "DOGE-USD"}, {"trade_id": 139132661, "side": "sell", "size": "26.30000000", "price": "0.19053000", "time": "2025-07-15T15:08:03.074663Z", "fetched_at": "2025-07-15T15:10:50.078717+00:00", "symbol": "DOGE-USD"}, {"trade_id": 139132660, "side": "sell", "size": "927.80000000", "price": "0.19053000", "time": "2025-07-15T15:08:03.074663Z", "fetched_at": "2025-07-15T15:10:50.078717+00:00", "symbol": "DOGE-USD"}, {"trade_id": 139132659, "side": "sell", "size": "5.20000000", "price": "0.19053000", "time": "2025-07-15T15:08:02.966679Z", "fetched_at": "2025-07-15T15:10:50.078717+00:00", "symbol": "DOGE-USD"}, {"trade_id": 139132658, "side": "buy", "size": "47.00000000", "price": "0.19050000", "time": "2025-07-15T15:08:02.058576Z", "fetched_at": "2025-07-15T15:10:50.078717+00:00", "symbol": "DOGE-USD"}, {"trade_id": 139132657, "side": "buy", "size": "21.00000000", "price": "0.19051000", "time": "2025-07-15T15:08:02.058576Z", "fetched_at": "2025-07-15T15:10:50.078717+00:00", "symbol": "DOGE-USD"}, {"trade_id": 139132656, "side": "buy", "size": "5.60000000", "price": "0.19046000", "time": "2025-07-15T15:08:01.317653Z", "fetched_at": "2025-07-15T15:10:50.078717+00:00", "symbol": "DOGE-USD"}, {"trade_id": 139132655, "side": "buy", "size": "21.70000000", "price": "0.19047000", "time": "2025-07-15T15:08:01.317653Z", "fetched_at": "2025-07-15T15:10:50.078717+00:00", "symbol": "DOGE-USD"}, {"trade_id": 139132654, "side": "buy", "size": "879.50000000", "price": "0.19048000", "time": "2025-07-15T15:08:01.162817Z", "fetched_at": "2025-07-15T15:10:50.078717+00:00", "symbol": "DOGE-USD"}, {"trade_id": 139132653, "side": "buy", "size": "21.70000000", "price": "0.19049000", "time": "2025-07-15T15:08:01.162817Z", "fetched_at": "2025-07-15T15:10:50.078717+00:00", "symbol": "DOGE-USD"}, {"trade_id": 139132652, "side": "buy", "size": "24.20000000", "price": "0.19048000", "time": "2025-07-15T15:08:01.122326Z", "fetched_at": "2025-07-15T15:10:50.078717+00:00", "symbol": "DOGE-USD"}, {"trade_id": 139132651, "side": "buy", "size": "24.20000000", "price": "0.19048000", "time": "2025-07-15T15:08:01.104623Z", "fetched_at": "2025-07-15T15:10:50.078717+00:00", "symbol": "DOGE-USD"}, {"trade_id": 139132650, "side": "buy", "size": "24.20000000", "price": "0.19048000", "time": "2025-07-15T15:08:01.087617Z", "fetched_at": "2025-07-15T15:10:50.078717+00:00", "symbol": "DOGE-USD"}, {"trade_id": 139132649, "side": "sell", "size": "4737.90000000", "price": "0.19048000", "time": "2025-07-15T15:08:00.960109Z", "fetched_at": "2025-07-15T15:10:50.078717+00:00", "symbol": "DOGE-USD"}, {"trade_id": 139132648, "side": "buy", "size": "439.50000000", "price": "0.19046000", "time": "2025-07-15T15:08:00.694560Z", "fetched_at": "2025-07-15T15:10:50.078717+00:00", "symbol": "DOGE-USD"}, {"trade_id": 139132647, "side": "buy", "size": "27.50000000", "price": "0.19047000", "time": "2025-07-15T15:08:00.694560Z", "fetched_at": "2025-07-15T15:10:50.078717+00:00", "symbol": "DOGE-USD"}, {"trade_id": 139132646, "side": "buy", "size": "8955.20000000", "price": "0.19051000", "time": "2025-07-15T15:08:00.593321Z", "fetched_at": "2025-07-15T15:10:50.078717+00:00", "symbol": "DOGE-USD"}, {"trade_id": 139132645, "side": "buy", "size": "1201.00000000", "price": "0.19051000", "time": "2025-07-15T15:08:00.593321Z", "fetched_at": "2025-07-15T15:10:50.078717+00:00", "symbol": "DOGE-USD"}, {"trade_id": 139132644, "side": "buy", "size": "344.10000000", "price": "0.19051000", "time": "2025-07-15T15:08:00.593054Z", "fetched_at": "2025-07-15T15:10:50.078717+00:00", "symbol": "DOGE-USD"}, {"trade_id": 139132643, "side": "buy", "size": "10000.00000000", "price": "0.19052000", "time": "2025-07-15T15:08:00.593054Z", "fetched_at": "2025-07-15T15:10:50.078717+00:00", "symbol": "DOGE-USD"}, {"trade_id": 139132642, "side": "buy", "size": "789.70000000", "price": "0.19052000", "time": "2025-07-15T15:08:00.527375Z", "fetched_at": "2025-07-15T15:10:50.078717+00:00", "symbol": "DOGE-USD"}, {"trade_id": 139132641, "side": "sell", "size": "5.80000000", "price": "0.19052000", "time": "2025-07-15T15:08:00.202288Z", "fetched_at": "2025-07-15T15:10:50.078717+00:00", "symbol": "DOGE-USD"}, {"trade_id": 139132640, "side": "sell", "size": "61.30000000", "price": "0.19051000", "time": "2025-07-15T15:07:59.862299Z", "fetched_at": "2025-07-15T15:10:50.078717+00:00", "symbol": "DOGE-USD"}, {"trade_id": 139132639, "side": "sell", "size": "1070.70000000", "price": "0.19049000", "time": "2025-07-15T15:07:59.852404Z", "fetched_at": "2025-07-15T15:10:50.078717+00:00", "symbol": "DOGE-USD"}, {"trade_id": 139132638, "side": "sell", "size": "135.40000000", "price": "0.19049000", "time": "2025-07-15T15:07:59.707237Z", "fetched_at": "2025-07-15T15:10:50.078717+00:00", "symbol": "DOGE-USD"}, {"trade_id": 139132637, "side": "sell", "size": "5.80000000", "price": "0.19048000", "time": "2025-07-15T15:07:59.631702Z", "fetched_at": "2025-07-15T15:10:50.078717+00:00", "symbol": "DOGE-USD"}, {"trade_id": 139132636, "side": "sell", "size": "5537.10000000", "price": "0.19047000", "time": "2025-07-15T15:07:58.834180Z", "fetched_at": "2025-07-15T15:10:50.078717+00:00", "symbol": "DOGE-USD"}, {"trade_id": 139132635, "side": "sell", "size": "1193.10000000", "price": "0.19046000", "time": "2025-07-15T15:07:58.834180Z", "fetched_at": "2025-07-15T15:10:50.078717+00:00", "symbol": "DOGE-USD"}, {"trade_id": 139132634, "side": "sell", "size": "60.00000000", "price": "0.19046000", "time": "2025-07-15T15:07:58.834180Z", "fetched_at": "2025-07-15T15:10:50.078717+00:00", "symbol": "DOGE-USD"}, {"trade_id": 139132633, "side": "sell", "size": "61.90000000", "price": "0.19039000", "time": "2025-07-15T15:07:57.679298Z", "fetched_at": "2025-07-15T15:10:50.078717+00:00", "symbol": "DOGE-USD"}, {"trade_id": 139132632, "side": "sell", "size": "1294.00000000", "price": "0.19037000", "time": "2025-07-15T15:07:57.640078Z", "fetched_at": "2025-07-15T15:10:50.078717+00:00", "symbol": "DOGE-USD"}, {"trade_id": 139132631, "side": "sell", "size": "4737.90000000", "price": "0.19037000", "time": "2025-07-15T15:07:57.640078Z", "fetched_at": "2025-07-15T15:10:50.078717+00:00", "symbol": "DOGE-USD"}, {"trade_id": 139132630, "side": "sell", "size": "73.30000000", "price": "0.19037000", "time": "2025-07-15T15:07:57.138575Z", "fetched_at": "2025-07-15T15:10:50.078717+00:00", "symbol": "DOGE-USD"}, {"trade_id": 139132629, "side": "buy", "size": "767.60000000", "price": "0.19038000", "time": "2025-07-15T15:07:56.263698Z", "fetched_at": "2025-07-15T15:10:50.078717+00:00", "symbol": "DOGE-USD"}, {"trade_id": 139132628, "side": "buy", "size": "5.80000000", "price": "0.19038000", "time": "2025-07-15T15:07:56.263698Z", "fetched_at": "2025-07-15T15:10:50.078717+00:00", "symbol": "DOGE-USD"}, {"trade_id": 139132627, "side": "buy", "size": "10.50000000", "price": "0.19039000", "time": "2025-07-15T15:07:56.263698Z", "fetched_at": "2025-07-15T15:10:50.078717+00:00", "symbol": "DOGE-USD"}, {"trade_id": 139132626, "side": "buy", "size": "5.80000000", "price": "0.19040000", "time": "2025-07-15T15:07:56.263698Z", "fetched_at": "2025-07-15T15:10:50.078717+00:00", "symbol": "DOGE-USD"}, {"trade_id": 139132625, "side": "buy", "size": "5.80000000", "price": "0.19042000", "time": "2025-07-15T15:07:56.039261Z", "fetched_at": "2025-07-15T15:10:50.078717+00:00", "symbol": "DOGE-USD"}, {"trade_id": 139132624, "side": "buy", "size": "9.80000000", "price": "0.19044000", "time": "2025-07-15T15:07:56.034297Z", "fetched_at": "2025-07-15T15:10:50.078717+00:00", "symbol": "DOGE-USD"}, {"trade_id": 139132623, "side": "buy", "size": "5.80000000", "price": "0.19044000", "time": "2025-07-15T15:07:56.034297Z", "fetched_at": "2025-07-15T15:10:50.078717+00:00", "symbol": "DOGE-USD"}, {"trade_id": 139132622, "side": "buy", "size": "12.10000000", "price": "0.19045000", "time": "2025-07-15T15:07:55.939755Z", "fetched_at": "2025-07-15T15:10:50.078717+00:00", "symbol": "DOGE-USD"}, {"trade_id": 139132621, "side": "buy", "size": "5.80000000", "price": "0.19046000", "time": "2025-07-15T15:07:55.935319Z", "fetched_at": "2025-07-15T15:10:50.078717+00:00", "symbol": "DOGE-USD"}, {"trade_id": 139132620, "side": "buy", "size": "5.80000000", "price": "0.19048000", "time": "2025-07-15T15:07:55.860319Z", "fetched_at": "2025-07-15T15:10:50.078717+00:00", "symbol": "DOGE-USD"}, {"trade_id": 139132619, "side": "buy", "size": "5.80000000", "price": "0.19050000", "time": "2025-07-15T15:07:55.714098Z", "fetched_at": "2025-07-15T15:10:50.078717+00:00", "symbol": "DOGE-USD"}, {"trade_id": 139132618, "side": "buy", "size": "183.00000000", "price": "0.19054000", "time": "2025-07-15T15:07:55.266776Z", "fetched_at": "2025-07-15T15:10:50.078717+00:00", "symbol": "DOGE-USD"}, {"trade_id": 139132617, "side": "buy", "size": "7058.70000000", "price": "0.19054000", "time": "2025-07-15T15:07:55.264283Z", "fetched_at": "2025-07-15T15:10:50.078717+00:00", "symbol": "DOGE-USD"}, {"trade_id": 139132616, "side": "buy", "size": "177.20000000", "price": "0.19054000", "time": "2025-07-15T15:07:55.260698Z", "fetched_at": "2025-07-15T15:10:50.078717+00:00", "symbol": "DOGE-USD"}, {"trade_id": 139132615, "side": "buy", "size": "5.80000000", "price": "0.19054000", "time": "2025-07-15T15:07:55.260698Z", "fetched_at": "2025-07-15T15:10:50.078717+00:00", "symbol": "DOGE-USD"}, {"trade_id": 139132614, "side": "buy", "size": "4907.10000000", "price": "0.19055000", "time": "2025-07-15T15:07:55.253091Z", "fetched_at": "2025-07-15T15:10:50.078717+00:00", "symbol": "DOGE-USD"}, {"trade_id": 139132613, "side": "buy", "size": "1545.10000000", "price": "0.19055000", "time": "2025-07-15T15:07:55.253091Z", "fetched_at": "2025-07-15T15:10:50.078717+00:00", "symbol": "DOGE-USD"}, {"trade_id": 139132612, "side": "buy", "size": "13.50000000", "price": "0.19056000", "time": "2025-07-15T15:07:55.253091Z", "fetched_at": "2025-07-15T15:10:50.078717+00:00", "symbol": "DOGE-USD"}, {"trade_id": 139132611, "side": "buy", "size": "3147.50000000", "price": "0.19057000", "time": "2025-07-15T15:07:55.216889Z", "fetched_at": "2025-07-15T15:10:50.078717+00:00", "symbol": "DOGE-USD"}, {"trade_id": 139132610, "side": "buy", "size": "775.80000000", "price": "0.19057000", "time": "2025-07-15T15:07:54.653116Z", "fetched_at": "2025-07-15T15:10:50.078717+00:00", "symbol": "DOGE-USD"}, {"trade_id": 139132609, "side": "buy", "size": "13.90000000", "price": "0.19057000", "time": "2025-07-15T15:07:54.653116Z", "fetched_at": "2025-07-15T15:10:50.078717+00:00", "symbol": "DOGE-USD"}, {"trade_id": 139132608, "side": "sell", "size": "1185.70000000", "price": "0.19058000", "time": "2025-07-15T15:07:53.877497Z", "fetched_at": "2025-07-15T15:10:50.078717+00:00", "symbol": "DOGE-USD"}, {"trade_id": 139132607, "side": "sell", "size": "1566.00000000", "price": "0.19058000", "time": "2025-07-15T15:07:53.877497Z", "fetched_at": "2025-07-15T15:10:50.078717+00:00", "symbol": "DOGE-USD"}, {"trade_id": 139132606, "side": "sell", "size": "5.80000000", "price": "0.19058000", "time": "2025-07-15T15:07:53.877497Z", "fetched_at": "2025-07-15T15:10:50.078717+00:00", "symbol": "DOGE-USD"}, {"trade_id": 139132605, "side": "buy", "size": "789.70000000", "price": "0.19057000", "time": "2025-07-15T15:07:52.999069Z", "fetched_at": "2025-07-15T15:10:50.078717+00:00", "symbol": "DOGE-USD"}, {"trade_id": 139132604, "side": "sell", "size": "5.80000000", "price": "0.19056000", "time": "2025-07-15T15:07:52.878210Z", "fetched_at": "2025-07-15T15:10:50.078717+00:00", "symbol": "DOGE-USD"}, {"trade_id": 139132603, "side": "sell", "size": "4737.90000000", "price": "0.19054000", "time": "2025-07-15T15:07:52.155666Z", "fetched_at": "2025-07-15T15:10:50.078717+00:00", "symbol": "DOGE-USD"}, {"trade_id": 139132602, "side": "sell", "size": "1226.90000000", "price": "0.19054000", "time": "2025-07-15T15:07:52.155666Z", "fetched_at": "2025-07-15T15:10:50.078717+00:00", "symbol": "DOGE-USD"}, {"trade_id": 139132601, "side": "sell", "size": "1566.00000000", "price": "0.19054000", "time": "2025-07-15T15:07:52.155666Z", "fetched_at": "2025-07-15T15:10:50.078717+00:00", "symbol": "DOGE-USD"}, {"trade_id": 139132600, "side": "sell", "size": "5.80000000", "price": "0.19054000", "time": "2025-07-15T15:07:52.155666Z", "fetched_at": "2025-07-15T15:10:50.078717+00:00", "symbol": "DOGE-USD"}, {"trade_id": 139132599, "side": "buy", "size": "38.30000000", "price": "0.19053000", "time": "2025-07-15T15:07:52.006368Z", "fetched_at": "2025-07-15T15:10:50.078717+00:00", "symbol": "DOGE-USD"}, {"trade_id": 139132598, "side": "sell", "size": "1566.00000000", "price": "0.19053000", "time": "2025-07-15T15:07:51.364863Z", "fetched_at": "2025-07-15T15:10:50.078717+00:00", "symbol": "DOGE-USD"}, {"trade_id": 139132597, "side": "sell", "size": "1566.00000000", "price": "0.19051000", "time": "2025-07-15T15:07:50.838334Z", "fetched_at": "2025-07-15T15:10:50.078717+00:00", "symbol": "DOGE-USD"}, {"trade_id": 139132596, "side": "buy", "size": "537.20000000", "price": "0.19050000", "time": "2025-07-15T15:07:50.742142Z", "fetched_at": "2025-07-15T15:10:50.078717+00:00", "symbol": "DOGE-USD"}, {"trade_id": 139132595, "side": "buy", "size": "800.50000000", "price": "0.19051000", "time": "2025-07-15T15:07:50.713533Z", "fetched_at": "2025-07-15T15:10:50.078717+00:00", "symbol": "DOGE-USD"}, {"trade_id": 139132594, "side": "buy", "size": "17.60000000", "price": "0.19052000", "time": "2025-07-15T15:07:48.036471Z", "fetched_at": "2025-07-15T15:10:50.078717+00:00", "symbol": "DOGE-USD"}, {"trade_id": 139132593, "side": "sell", "size": "183.00000000", "price": "0.19051000", "time": "2025-07-15T15:07:47.392559Z", "fetched_at": "2025-07-15T15:10:50.078717+00:00", "symbol": "DOGE-USD"}, {"trade_id": 139132592, "side": "sell", "size": "800.50000000", "price": "0.19053000", "time": "2025-07-15T15:07:47.391473Z", "fetched_at": "2025-07-15T15:10:50.078717+00:00", "symbol": "DOGE-USD"}, {"trade_id": 139132591, "side": "sell", "size": "1566.00000000", "price": "0.19052000", "time": "2025-07-15T15:07:47.389982Z", "fetched_at": "2025-07-15T15:10:50.078717+00:00", "symbol": "DOGE-USD"}, {"trade_id": 139132590, "side": "sell", "size": "283.40000000", "price": "0.19051000", "time": "2025-07-15T15:07:47.389601Z", "fetched_at": "2025-07-15T15:10:50.078717+00:00", "symbol": "DOGE-USD"}, {"trade_id": 139132589, "side": "sell", "size": "1200.00000000", "price": "0.19051000", "time": "2025-07-15T15:07:46.929131Z", "fetched_at": "2025-07-15T15:10:50.078717+00:00", "symbol": "DOGE-USD"}, {"trade_id": 139132588, "side": "buy", "size": "5.80000000", "price": "0.19052000", "time": "2025-07-15T15:07:46.195372Z", "fetched_at": "2025-07-15T15:10:50.078717+00:00", "symbol": "DOGE-USD"}, {"trade_id": 139132587, "side": "buy", "size": "19245.80000000", "price": "0.19055000", "time": "2025-07-15T15:07:45.512275Z", "fetched_at": "2025-07-15T15:10:50.078717+00:00", "symbol": "DOGE-USD"}, {"trade_id": 139132586, "side": "buy", "size": "5.80000000", "price": "0.19056000", "time": "2025-07-15T15:07:45.467158Z", "fetched_at": "2025-07-15T15:10:50.078717+00:00", "symbol": "DOGE-USD"}, {"trade_id": 139132585, "side": "buy", "size": "13.30000000", "price": "0.19057000", "time": "2025-07-15T15:07:45.461499Z", "fetched_at": "2025-07-15T15:10:50.078717+00:00", "symbol": "DOGE-USD"}, {"trade_id": 139132584, "side": "buy", "size": "13.30000000", "price": "0.19059000", "time": "2025-07-15T15:07:45.418018Z", "fetched_at": "2025-07-15T15:10:50.078717+00:00", "symbol": "DOGE-USD"}, {"trade_id": 139132583, "side": "sell", "size": "261.20000000", "price": "0.19061000", "time": "2025-07-15T15:07:45.136066Z", "fetched_at": "2025-07-15T15:10:50.078717+00:00", "symbol": "DOGE-USD"}, {"trade_id": 139132582, "side": "buy", "size": "54.00000000", "price": "0.19059000", "time": "2025-07-15T15:07:44.980843Z", "fetched_at": "2025-07-15T15:10:50.078717+00:00", "symbol": "DOGE-USD"}, {"trade_id": 139132581, "side": "buy", "size": "13.00000000", "price": "0.19060000", "time": "2025-07-15T15:07:44.980843Z", "fetched_at": "2025-07-15T15:10:50.078717+00:00", "symbol": "DOGE-USD"}, {"trade_id": 139132580, "side": "buy", "size": "13.00000000", "price": "0.19060000", "time": "2025-07-15T15:07:44.884514Z", "fetched_at": "2025-07-15T15:10:50.078717+00:00", "symbol": "DOGE-USD"}, {"trade_id": 139132579, "side": "sell", "size": "281.90000000", "price": "0.19064000", "time": "2025-07-15T15:07:43.951535Z", "fetched_at": "2025-07-15T15:10:50.078717+00:00", "symbol": "DOGE-USD"}, {"trade_id": 139132578, "side": "sell", "size": "5.80000000", "price": "0.19064000", "time": "2025-07-15T15:07:43.951535Z", "fetched_at": "2025-07-15T15:10:50.078717+00:00", "symbol": "DOGE-USD"}, {"trade_id": 139132577, "side": "buy", "size": "3731.50000000", "price": "0.19063000", "time": "2025-07-15T15:07:43.948091Z", "fetched_at": "2025-07-15T15:10:50.078717+00:00", "symbol": "DOGE-USD"}, {"trade_id": 139132576, "side": "buy", "size": "24.40000000", "price": "0.19063000", "time": "2025-07-15T15:07:43.948091Z", "fetched_at": "2025-07-15T15:10:50.078717+00:00", "symbol": "DOGE-USD"}, {"trade_id": 139132575, "side": "sell", "size": "96.80000000", "price": "0.19063000", "time": "2025-07-15T15:07:43.229136Z", "fetched_at": "2025-07-15T15:10:50.078717+00:00", "symbol": "DOGE-USD"}, {"trade_id": 139132574, "side": "sell", "size": "5.80000000", "price": "0.19062000", "time": "2025-07-15T15:07:43.219509Z", "fetched_at": "2025-07-15T15:10:50.078717+00:00", "symbol": "DOGE-USD"}, {"trade_id": 139132573, "side": "sell", "size": "80.80000000", "price": "0.19062000", "time": "2025-07-15T15:07:43.219509Z", "fetched_at": "2025-07-15T15:10:50.078717+00:00", "symbol": "DOGE-USD"}, {"trade_id": 139132572, "side": "sell", "size": "23.20000000", "price": "0.19061000", "time": "2025-07-15T15:07:43.159990Z", "fetched_at": "2025-07-15T15:10:50.078717+00:00", "symbol": "DOGE-USD"}, {"trade_id": 139132571, "side": "sell", "size": "138.60000000", "price": "0.19060000", "time": "2025-07-15T15:07:42.960280Z", "fetched_at": "2025-07-15T15:10:50.078717+00:00", "symbol": "DOGE-USD"}, {"trade_id": 139132570, "side": "sell", "size": "5.80000000", "price": "0.19060000", "time": "2025-07-15T15:07:42.960280Z", "fetched_at": "2025-07-15T15:10:50.078717+00:00", "symbol": "DOGE-USD"}, {"trade_id": 139132569, "side": "sell", "size": "138.60000000", "price": "0.19059000", "time": "2025-07-15T15:07:42.775544Z", "fetched_at": "2025-07-15T15:10:50.078717+00:00", "symbol": "DOGE-USD"}, {"trade_id": 139132568, "side": "sell", "size": "20.30000000", "price": "0.19059000", "time": "2025-07-15T15:07:42.775544Z", "fetched_at": "2025-07-15T15:10:50.078717+00:00", "symbol": "DOGE-USD"}, {"trade_id": 139132567, "side": "sell", "size": "997.00000000", "price": "0.19058000", "time": "2025-07-15T15:07:42.691119Z", "fetched_at": "2025-07-15T15:10:50.078717+00:00", "symbol": "DOGE-USD"}, {"trade_id": 139132566, "side": "sell", "size": "175.60000000", "price": "0.19058000", "time": "2025-07-15T15:07:42.691119Z", "fetched_at": "2025-07-15T15:10:50.078717+00:00", "symbol": "DOGE-USD"}, {"trade_id": 139132565, "side": "sell", "size": "5.80000000", "price": "0.19058000", "time": "2025-07-15T15:07:42.691119Z", "fetched_at": "2025-07-15T15:10:50.078717+00:00", "symbol": "DOGE-USD"}, {"trade_id": 139132564, "side": "buy", "size": "100.60000000", "price": "0.19056000", "time": "2025-07-15T15:07:41.187683Z", "fetched_at": "2025-07-15T15:10:50.078717+00:00", "symbol": "DOGE-USD"}, {"trade_id": 139132563, "side": "buy", "size": "183.00000000", "price": "0.19057000", "time": "2025-07-15T15:07:41.187683Z", "fetched_at": "2025-07-15T15:10:50.078717+00:00", "symbol": "DOGE-USD"}, {"trade_id": 139132562, "side": "buy", "size": "500.00000000", "price": "0.19055000", "time": "2025-07-15T15:07:41.140299Z", "fetched_at": "2025-07-15T15:10:50.078717+00:00", "symbol": "DOGE-USD"}, {"trade_id": 139132561, "side": "buy", "size": "19.50000000", "price": "0.19056000", "time": "2025-07-15T15:07:41.140299Z", "fetched_at": "2025-07-15T15:10:50.078717+00:00", "symbol": "DOGE-USD"}, {"trade_id": 139132560, "side": "buy", "size": "183.00000000", "price": "0.19056000", "time": "2025-07-15T15:07:41.140299Z", "fetched_at": "2025-07-15T15:10:50.078717+00:00", "symbol": "DOGE-USD"}, {"trade_id": 139132559, "side": "sell", "size": "1566.00000000", "price": "0.19056000", "time": "2025-07-15T15:07:41.086924Z", "fetched_at": "2025-07-15T15:10:50.078717+00:00", "symbol": "DOGE-USD"}, {"trade_id": 139132558, "side": "sell", "size": "61.90000000", "price": "0.19057000", "time": "2025-07-15T15:07:41.076669Z", "fetched_at": "2025-07-15T15:10:50.078717+00:00", "symbol": "DOGE-USD"}, {"trade_id": 139132557, "side": "sell", "size": "133.30000000", "price": "0.19057000", "time": "2025-07-15T15:07:41.076669Z", "fetched_at": "2025-07-15T15:10:50.078717+00:00", "symbol": "DOGE-USD"}, {"trade_id": 139132556, "side": "sell", "size": "1566.00000000", "price": "0.19057000", "time": "2025-07-15T15:07:41.076669Z", "fetched_at": "2025-07-15T15:10:50.078717+00:00", "symbol": "DOGE-USD"}, {"trade_id": 139132555, "side": "sell", "size": "28.60000000", "price": "0.19056000", "time": "2025-07-15T15:07:41.076669Z", "fetched_at": "2025-07-15T15:10:50.078717+00:00", "symbol": "DOGE-USD"}, {"trade_id": 139132554, "side": "sell", "size": "5.80000000", "price": "0.19056000", "time": "2025-07-15T15:07:41.076669Z", "fetched_at": "2025-07-15T15:10:50.078717+00:00", "symbol": "DOGE-USD"}, {"trade_id": 139132553, "side": "sell", "size": "107.20000000", "price": "0.19055000", "time": "2025-07-15T15:07:41.076669Z", "fetched_at": "2025-07-15T15:10:50.078717+00:00", "symbol": "DOGE-USD"}, {"trade_id": 139132552, "side": "sell", "size": "102.00000000", "price": "0.19054000", "time": "2025-07-15T15:07:41.076669Z", "fetched_at": "2025-07-15T15:10:50.078717+00:00", "symbol": "DOGE-USD"}, {"trade_id": 139132551, "side": "sell", "size": "5.80000000", "price": "0.19054000", "time": "2025-07-15T15:07:41.076669Z", "fetched_at": "2025-07-15T15:10:50.078717+00:00", "symbol": "DOGE-USD"}, {"trade_id": 139132550, "side": "sell", "size": "1626.90000000", "price": "0.19052000", "time": "2025-07-15T15:07:40.808614Z", "fetched_at": "2025-07-15T15:10:50.078717+00:00", "symbol": "DOGE-USD"}, {"trade_id": 139132549, "side": "sell", "size": "5.80000000", "price": "0.19052000", "time": "2025-07-15T15:07:40.808614Z", "fetched_at": "2025-07-15T15:10:50.078717+00:00", "symbol": "DOGE-USD"}, {"trade_id": 139132548, "side": "buy", "size": "1433.70000000", "price": "0.19044000", "time": "2025-07-15T15:07:40.616255Z", "fetched_at": "2025-07-15T15:10:50.078717+00:00", "symbol": "DOGE-USD"}, {"trade_id": 139132547, "side": "buy", "size": "1545.10000000", "price": "0.19044000", "time": "2025-07-15T15:07:40.616255Z", "fetched_at": "2025-07-15T15:10:50.078717+00:00", "symbol": "DOGE-USD"}, {"trade_id": 139132546, "side": "buy", "size": "1566.00000000", "price": "0.19044000", "time": "2025-07-15T15:07:40.616255Z", "fetched_at": "2025-07-15T15:10:50.078717+00:00", "symbol": "DOGE-USD"}, {"trade_id": 139132545, "side": "buy", "size": "2907.60000000", "price": "0.19045000", "time": "2025-07-15T15:07:40.616255Z", "fetched_at": "2025-07-15T15:10:50.078717+00:00", "symbol": "DOGE-USD"}, {"trade_id": 139132544, "side": "buy", "size": "1545.10000000", "price": "0.19045000", "time": "2025-07-15T15:07:40.616255Z", "fetched_at": "2025-07-15T15:10:50.078717+00:00", "symbol": "DOGE-USD"}, {"trade_id": 139132543, "side": "buy", "size": "5855.20000000", "price": "0.19045000", "time": "2025-07-15T15:07:40.616255Z", "fetched_at": "2025-07-15T15:10:50.078717+00:00", "symbol": "DOGE-USD"}, {"trade_id": 139132542, "side": "buy", "size": "500.00000000", "price": "0.19045000", "time": "2025-07-15T15:07:40.616255Z", "fetched_at": "2025-07-15T15:10:50.078717+00:00", "symbol": "DOGE-USD"}, {"trade_id": 139132541, "side": "buy", "size": "5855.20000000", "price": "0.19046000", "time": "2025-07-15T15:07:40.616255Z", "fetched_at": "2025-07-15T15:10:50.078717+00:00", "symbol": "DOGE-USD"}, {"trade_id": 139132540, "side": "buy", "size": "2268.00000000", "price": "0.19046000", "time": "2025-07-15T15:07:40.616255Z", "fetched_at": "2025-07-15T15:10:50.078717+00:00", "symbol": "DOGE-USD"}, {"trade_id": 139132539, "side": "buy", "size": "1545.10000000", "price": "0.19046000", "time": "2025-07-15T15:07:40.616255Z", "fetched_at": "2025-07-15T15:10:50.078717+00:00", "symbol": "DOGE-USD"}, {"trade_id": 139132538, "side": "buy", "size": "1519.20000000", "price": "0.19046000", "time": "2025-07-15T15:07:40.616255Z", "fetched_at": "2025-07-15T15:10:50.078717+00:00", "symbol": "DOGE-USD"}, {"trade_id": 139132537, "side": "buy", "size": "2879.50000000", "price": "0.19047000", "time": "2025-07-15T15:07:40.616255Z", "fetched_at": "2025-07-15T15:10:50.078717+00:00", "symbol": "DOGE-USD"}, {"trade_id": 139132536, "side": "buy", "size": "1545.10000000", "price": "0.19047000", "time": "2025-07-15T15:07:40.616255Z", "fetched_at": "2025-07-15T15:10:50.078717+00:00", "symbol": "DOGE-USD"}, {"trade_id": 139132535, "side": "buy", "size": "1495.50000000", "price": "0.19047000", "time": "2025-07-15T15:07:40.616255Z", "fetched_at": "2025-07-15T15:10:50.078717+00:00", "symbol": "DOGE-USD"}, {"trade_id": 139132534, "side": "buy", "size": "800.50000000", "price": "0.19048000", "time": "2025-07-15T15:07:40.616255Z", "fetched_at": "2025-07-15T15:10:50.078717+00:00", "symbol": "DOGE-USD"}, {"trade_id": 139132533, "side": "buy", "size": "1458.90000000", "price": "0.19049000", "time": "2025-07-15T15:07:40.616255Z", "fetched_at": "2025-07-15T15:10:50.078717+00:00", "symbol": "DOGE-USD"}, {"trade_id": 139132532, "side": "buy", "size": "20.40000000", "price": "0.19050000", "time": "2025-07-15T15:07:40.616255Z", "fetched_at": "2025-07-15T15:10:50.078717+00:00", "symbol": "DOGE-USD"}, {"trade_id": 139132531, "side": "sell", "size": "1048.50000000", "price": "0.19050000", "time": "2025-07-15T15:07:39.966686Z", "fetched_at": "2025-07-15T15:10:50.078717+00:00", "symbol": "DOGE-USD"}, {"trade_id": 139132530, "side": "sell", "size": "5.80000000", "price": "0.19050000", "time": "2025-07-15T15:07:39.966686Z", "fetched_at": "2025-07-15T15:10:50.078717+00:00", "symbol": "DOGE-USD"}, {"trade_id": 139132529, "side": "sell", "size": "5.80000000", "price": "0.19048000", "time": "2025-07-15T15:07:39.823375Z", "fetched_at": "2025-07-15T15:10:50.078717+00:00", "symbol": "DOGE-USD"}, {"trade_id": 139132528, "side": "sell", "size": "1139.80000000", "price": "0.19046000", "time": "2025-07-15T15:07:39.137083Z", "fetched_at": "2025-07-15T15:10:50.078717+00:00", "symbol": "DOGE-USD"}, {"trade_id": 139132527, "side": "sell", "size": "5.80000000", "price": "0.19046000", "time": "2025-07-15T15:07:39.137083Z", "fetched_at": "2025-07-15T15:10:50.078717+00:00", "symbol": "DOGE-USD"}, {"trade_id": 139132526, "side": "sell", "size": "1248.20000000", "price": "0.19045000", "time": "2025-07-15T15:07:38.307974Z", "fetched_at": "2025-07-15T15:10:50.078717+00:00", "symbol": "DOGE-USD"}, {"trade_id": 139132525, "side": "sell", "size": "1566.00000000", "price": "0.19044000", "time": "2025-07-15T15:07:37.347625Z", "fetched_at": "2025-07-15T15:10:50.078717+00:00", "symbol": "DOGE-USD"}, {"trade_id": 139132524, "side": "sell", "size": "1610.70000000", "price": "0.19043000", "time": "2025-07-15T15:07:37.347524Z", "fetched_at": "2025-07-15T15:10:50.078717+00:00", "symbol": "DOGE-USD"}, {"trade_id": 139132523, "side": "sell", "size": "311.60000000", "price": "0.19044000", "time": "2025-07-15T15:07:37.098102Z", "fetched_at": "2025-07-15T15:10:50.078717+00:00", "symbol": "DOGE-USD"}, {"trade_id": 139132522, "side": "sell", "size": "5.80000000", "price": "0.19044000", "time": "2025-07-15T15:07:37.098102Z", "fetched_at": "2025-07-15T15:10:50.078717+00:00", "symbol": "DOGE-USD"}, {"trade_id": 139132521, "side": "sell", "size": "52.90000000", "price": "0.19043000", "time": "2025-07-15T15:07:37.098102Z", "fetched_at": "2025-07-15T15:10:50.078717+00:00", "symbol": "DOGE-USD"}, {"trade_id": 139132520, "side": "sell", "size": "1566.00000000", "price": "0.19042000", "time": "2025-07-15T15:07:37.093812Z", "fetched_at": "2025-07-15T15:10:50.078717+00:00", "symbol": "DOGE-USD"}, {"trade_id": 139132519, "side": "sell", "size": "800.50000000", "price": "0.19042000", "time": "2025-07-15T15:07:37.093812Z", "fetched_at": "2025-07-15T15:10:50.078717+00:00", "symbol": "DOGE-USD"}, {"trade_id": 139132518, "side": "sell", "size": "5.80000000", "price": "0.19040000", "time": "2025-07-15T15:07:37.093812Z", "fetched_at": "2025-07-15T15:10:50.078717+00:00", "symbol": "DOGE-USD"}, {"trade_id": 139132517, "side": "buy", "size": "960.10000000", "price": "0.19036000", "time": "2025-07-15T15:07:36.586552Z", "fetched_at": "2025-07-15T15:10:50.078717+00:00", "symbol": "DOGE-USD"}, {"trade_id": 139132516, "side": "buy", "size": "183.00000000", "price": "0.19036000", "time": "2025-07-15T15:07:36.562129Z", "fetched_at": "2025-07-15T15:10:50.078717+00:00", "symbol": "DOGE-USD"}, {"trade_id": 139132515, "side": "buy", "size": "29.50000000", "price": "0.19036000", "time": "2025-07-15T15:07:36.562129Z", "fetched_at": "2025-07-15T15:10:50.078717+00:00", "symbol": "DOGE-USD"}, {"trade_id": 139132514, "side": "buy", "size": "29.50000000", "price": "0.19036000", "time": "2025-07-15T15:07:36.538284Z", "fetched_at": "2025-07-15T15:10:50.078717+00:00", "symbol": "DOGE-USD"}, {"trade_id": 139132513, "side": "buy", "size": "183.00000000", "price": "0.19037000", "time": "2025-07-15T15:07:36.538284Z", "fetched_at": "2025-07-15T15:10:50.078717+00:00", "symbol": "DOGE-USD"}, {"trade_id": 139132512, "side": "sell", "size": "5.80000000", "price": "0.19036000", "time": "2025-07-15T15:07:36.461731Z", "fetched_at": "2025-07-15T15:10:50.078717+00:00", "symbol": "DOGE-USD"}, {"trade_id": 139132511, "side": "sell", "size": "1501.90000000", "price": "0.19035000", "time": "2025-07-15T15:07:36.057224Z", "fetched_at": "2025-07-15T15:10:50.078717+00:00", "symbol": "DOGE-USD"}, {"trade_id": 139132510, "side": "sell", "size": "4737.90000000", "price": "0.19034000", "time": "2025-07-15T15:07:32.575313Z", "fetched_at": "2025-07-15T15:10:50.078717+00:00", "symbol": "DOGE-USD"}, {"trade_id": 139132509, "side": "sell", "size": "1566.00000000", "price": "0.19033000", "time": "2025-07-15T15:07:32.575313Z", "fetched_at": "2025-07-15T15:10:50.078717+00:00", "symbol": "DOGE-USD"}, {"trade_id": 139132508, "side": "sell", "size": "48.40000000", "price": "0.19033000", "time": "2025-07-15T15:07:32.575313Z", "fetched_at": "2025-07-15T15:10:50.078717+00:00", "symbol": "DOGE-USD"}, {"trade_id": 139132507, "side": "sell", "size": "1442.70000000", "price": "0.19028000", "time": "2025-07-15T15:07:32.195016Z", "fetched_at": "2025-07-15T15:10:50.078717+00:00", "symbol": "DOGE-USD"}, {"trade_id": 139132506, "side": "buy", "size": "23.40000000", "price": "0.19029000", "time": "2025-07-15T15:07:31.655129Z", "fetched_at": "2025-07-15T15:10:50.078717+00:00", "symbol": "DOGE-USD"}, {"trade_id": 139132505, "side": "buy", "size": "183.00000000", "price": "0.19027000", "time": "2025-07-15T15:07:31.246514Z", "fetched_at": "2025-07-15T15:10:50.078717+00:00", "symbol": "DOGE-USD"}, {"trade_id": 139132504, "side": "buy", "size": "29.30000000", "price": "0.19027000", "time": "2025-07-15T15:07:31.204603Z", "fetched_at": "2025-07-15T15:10:50.078717+00:00", "symbol": "DOGE-USD"}, {"trade_id": 139132503, "side": "buy", "size": "30.30000000", "price": "0.19028000", "time": "2025-07-15T15:07:31.204603Z", "fetched_at": "2025-07-15T15:10:50.078717+00:00", "symbol": "DOGE-USD"}, {"trade_id": 139132502, "side": "buy", "size": "182.40000000", "price": "0.19028000", "time": "2025-07-15T15:07:31.189134Z", "fetched_at": "2025-07-15T15:10:50.078717+00:00", "symbol": "DOGE-USD"}, {"trade_id": 139132501, "side": "buy", "size": "5.80000000", "price": "0.19028000", "time": "2025-07-15T15:07:31.189134Z", "fetched_at": "2025-07-15T15:10:50.078717+00:00", "symbol": "DOGE-USD"}, {"trade_id": 139132500, "side": "buy", "size": "5.80000000", "price": "0.19030000", "time": "2025-07-15T15:07:31.054189Z", "fetched_at": "2025-07-15T15:10:50.078717+00:00", "symbol": "DOGE-USD"}, {"trade_id": 139132499, "side": "buy", "size": "5850.10000000", "price": "0.19031000", "time": "2025-07-15T15:07:31.034557Z", "fetched_at": "2025-07-15T15:10:50.078717+00:00", "symbol": "DOGE-USD"}, {"trade_id": 139132498, "side": "buy", "size": "5.80000000", "price": "0.19032000", "time": "2025-07-15T15:07:31.034323Z", "fetched_at": "2025-07-15T15:10:50.078717+00:00", "symbol": "DOGE-USD"}, {"trade_id": 139132497, "side": "buy", "size": "5850.10000000", "price": "0.19032000", "time": "2025-07-15T15:07:31.034323Z", "fetched_at": "2025-07-15T15:10:50.078717+00:00", "symbol": "DOGE-USD"}, {"trade_id": 139132496, "side": "buy", "size": "800.50000000", "price": "0.19039000", "time": "2025-07-15T15:07:31.025374Z", "fetched_at": "2025-07-15T15:10:50.078717+00:00", "symbol": "DOGE-USD"}, {"trade_id": 139132495, "side": "buy", "size": "151.10000000", "price": "0.19033000", "time": "2025-07-15T15:07:31.022699Z", "fetched_at": "2025-07-15T15:10:50.078717+00:00", "symbol": "DOGE-USD"}, {"trade_id": 139132494, "side": "buy", "size": "5791.80000000", "price": "0.19033000", "time": "2025-07-15T15:07:31.022699Z", "fetched_at": "2025-07-15T15:10:50.078717+00:00", "symbol": "DOGE-USD"}, {"trade_id": 139132493, "side": "buy", "size": "32.70000000", "price": "0.19041000", "time": "2025-07-15T15:07:31.022699Z", "fetched_at": "2025-07-15T15:10:50.078717+00:00", "symbol": "DOGE-USD"}, {"trade_id": 139132492, "side": "buy", "size": "58.30000000", "price": "0.19033000", "time": "2025-07-15T15:07:31.017335Z", "fetched_at": "2025-07-15T15:10:50.078717+00:00", "symbol": "DOGE-USD"}, {"trade_id": 139132491, "side": "buy", "size": "1566.00000000", "price": "0.19033000", "time": "2025-07-15T15:07:31.017335Z", "fetched_at": "2025-07-15T15:10:50.078717+00:00", "symbol": "DOGE-USD"}, {"trade_id": 139132490, "side": "buy", "size": "5850.10000000", "price": "0.19034000", "time": "2025-07-15T15:07:31.017335Z", "fetched_at": "2025-07-15T15:10:50.078717+00:00", "symbol": "DOGE-USD"}