[{"trade_id": 139117784, "side": "sell", "size": "2.80000000", "price": "0.19392000", "time": "2025-07-15T13:30:06.631693Z", "fetched_at": "2025-07-15T13:30:09.234965+00:00", "symbol": "DOGE-USD"}, {"trade_id": 139117783, "side": "sell", "size": "6.80000000", "price": "0.19391000", "time": "2025-07-15T13:30:06.631693Z", "fetched_at": "2025-07-15T13:30:09.234965+00:00", "symbol": "DOGE-USD"}, {"trade_id": 139117782, "side": "sell", "size": "5.70000000", "price": "0.19390000", "time": "2025-07-15T13:30:06.631693Z", "fetched_at": "2025-07-15T13:30:09.234965+00:00", "symbol": "DOGE-USD"}, {"trade_id": 139117781, "side": "sell", "size": "5.70000000", "price": "0.19388000", "time": "2025-07-15T13:30:05.004208Z", "fetched_at": "2025-07-15T13:30:09.234965+00:00", "symbol": "DOGE-USD"}, {"trade_id": 139117780, "side": "sell", "size": "7.00000000", "price": "0.19386000", "time": "2025-07-15T13:30:04.870990Z", "fetched_at": "2025-07-15T13:30:09.234965+00:00", "symbol": "DOGE-USD"}, {"trade_id": 139117779, "side": "sell", "size": "5.70000000", "price": "0.19386000", "time": "2025-07-15T13:30:04.870990Z", "fetched_at": "2025-07-15T13:30:09.234965+00:00", "symbol": "DOGE-USD"}, {"trade_id": 139117778, "side": "sell", "size": "5.70000000", "price": "0.19384000", "time": "2025-07-15T13:30:04.546652Z", "fetched_at": "2025-07-15T13:30:09.234965+00:00", "symbol": "DOGE-USD"}, {"trade_id": 139117777, "side": "sell", "size": "7.10000000", "price": "0.19383000", "time": "2025-07-15T13:30:04.343475Z", "fetched_at": "2025-07-15T13:30:09.234965+00:00", "symbol": "DOGE-USD"}, {"trade_id": 139117776, "side": "sell", "size": "13740.30000000", "price": "0.19369000", "time": "2025-07-15T13:30:01.792389Z", "fetched_at": "2025-07-15T13:30:09.234965+00:00", "symbol": "DOGE-USD"}, {"trade_id": 139117775, "side": "sell", "size": "3153.50000000", "price": "0.19367000", "time": "2025-07-15T13:30:01.733906Z", "fetched_at": "2025-07-15T13:30:09.234965+00:00", "symbol": "DOGE-USD"}, {"trade_id": 139117774, "side": "sell", "size": "1807.10000000", "price": "0.19367000", "time": "2025-07-15T13:30:01.733906Z", "fetched_at": "2025-07-15T13:30:09.234965+00:00", "symbol": "DOGE-USD"}, {"trade_id": 139117773, "side": "sell", "size": "2000.00000000", "price": "0.19367000", "time": "2025-07-15T13:30:01.733906Z", "fetched_at": "2025-07-15T13:30:09.234965+00:00", "symbol": "DOGE-USD"}, {"trade_id": 139117772, "side": "sell", "size": "515.60000000", "price": "0.19365000", "time": "2025-07-15T13:30:01.733906Z", "fetched_at": "2025-07-15T13:30:09.234965+00:00", "symbol": "DOGE-USD"}, {"trade_id": 139117771, "side": "buy", "size": "5.70000000", "price": "0.19366000", "time": "2025-07-15T13:30:01.487128Z", "fetched_at": "2025-07-15T13:30:09.234965+00:00", "symbol": "DOGE-USD"}, {"trade_id": 139117770, "side": "buy", "size": "5.70000000", "price": "0.19368000", "time": "2025-07-15T13:30:01.479016Z", "fetched_at": "2025-07-15T13:30:09.234965+00:00", "symbol": "DOGE-USD"}, {"trade_id": 139117769, "side": "buy", "size": "256.10000000", "price": "0.19370000", "time": "2025-07-15T13:30:01.214101Z", "fetched_at": "2025-07-15T13:30:09.234965+00:00", "symbol": "DOGE-USD"}, {"trade_id": 139117768, "side": "buy", "size": "5.70000000", "price": "0.19370000", "time": "2025-07-15T13:30:01.214101Z", "fetched_at": "2025-07-15T13:30:09.234965+00:00", "symbol": "DOGE-USD"}, {"trade_id": 139117767, "side": "buy", "size": "5.70000000", "price": "0.19372000", "time": "2025-07-15T13:30:01.197271Z", "fetched_at": "2025-07-15T13:30:09.234965+00:00", "symbol": "DOGE-USD"}, {"trade_id": 139117766, "side": "buy", "size": "5.70000000", "price": "0.19374000", "time": "2025-07-15T13:30:01.008823Z", "fetched_at": "2025-07-15T13:30:09.234965+00:00", "symbol": "DOGE-USD"}, {"trade_id": 139117765, "side": "buy", "size": "5.70000000", "price": "0.19376000", "time": "2025-07-15T13:30:00.930534Z", "fetched_at": "2025-07-15T13:30:09.234965+00:00", "symbol": "DOGE-USD"}, {"trade_id": 139117764, "side": "buy", "size": "5.70000000", "price": "0.19378000", "time": "2025-07-15T13:30:00.816113Z", "fetched_at": "2025-07-15T13:30:09.234965+00:00", "symbol": "DOGE-USD"}, {"trade_id": 139117763, "side": "buy", "size": "5.70000000", "price": "0.19380000", "time": "2025-07-15T13:30:00.195040Z", "fetched_at": "2025-07-15T13:30:09.234965+00:00", "symbol": "DOGE-USD"}, {"trade_id": 139117762, "side": "buy", "size": "5.70000000", "price": "0.19382000", "time": "2025-07-15T13:29:59.601373Z", "fetched_at": "2025-07-15T13:30:09.234965+00:00", "symbol": "DOGE-USD"}, {"trade_id": 139117761, "side": "sell", "size": "125.30000000", "price": "0.19383000", "time": "2025-07-15T13:29:58.409238Z", "fetched_at": "2025-07-15T13:30:09.234965+00:00", "symbol": "DOGE-USD"}, {"trade_id": 139117760, "side": "sell", "size": "924.70000000", "price": "0.19384000", "time": "2025-07-15T13:29:56.440225Z", "fetched_at": "2025-07-15T13:30:09.234965+00:00", "symbol": "DOGE-USD"}, {"trade_id": 139117759, "side": "sell", "size": "930.00000000", "price": "0.19384000", "time": "2025-07-15T13:29:56.440225Z", "fetched_at": "2025-07-15T13:30:09.234965+00:00", "symbol": "DOGE-USD"}, {"trade_id": 139117758, "side": "sell", "size": "1807.10000000", "price": "0.19384000", "time": "2025-07-15T13:29:56.440225Z", "fetched_at": "2025-07-15T13:30:09.234965+00:00", "symbol": "DOGE-USD"}, {"trade_id": 139117757, "side": "sell", "size": "930.00000000", "price": "0.19383000", "time": "2025-07-15T13:29:56.440225Z", "fetched_at": "2025-07-15T13:30:09.234965+00:00", "symbol": "DOGE-USD"}, {"trade_id": 139117756, "side": "sell", "size": "1706.70000000", "price": "0.19383000", "time": "2025-07-15T13:29:56.440225Z", "fetched_at": "2025-07-15T13:30:09.234965+00:00", "symbol": "DOGE-USD"}, {"trade_id": 139117755, "side": "sell", "size": "183.00000000", "price": "0.19383000", "time": "2025-07-15T13:29:56.440225Z", "fetched_at": "2025-07-15T13:30:09.234965+00:00", "symbol": "DOGE-USD"}, {"trade_id": 139117754, "side": "sell", "size": "1566.00000000", "price": "0.19383000", "time": "2025-07-15T13:29:56.440225Z", "fetched_at": "2025-07-15T13:30:09.234965+00:00", "symbol": "DOGE-USD"}, {"trade_id": 139117753, "side": "sell", "size": "1511.60000000", "price": "0.19383000", "time": "2025-07-15T13:29:56.440225Z", "fetched_at": "2025-07-15T13:30:09.234965+00:00", "symbol": "DOGE-USD"}, {"trade_id": 139117752, "side": "sell", "size": "515.60000000", "price": "0.19383000", "time": "2025-07-15T13:29:56.440225Z", "fetched_at": "2025-07-15T13:30:09.234965+00:00", "symbol": "DOGE-USD"}, {"trade_id": 139117751, "side": "buy", "size": "930.00000000", "price": "0.19383000", "time": "2025-07-15T13:29:54.988022Z", "fetched_at": "2025-07-15T13:30:09.234965+00:00", "symbol": "DOGE-USD"}, {"trade_id": 139117750, "side": "buy", "size": "930.00000000", "price": "0.19384000", "time": "2025-07-15T13:29:54.988022Z", "fetched_at": "2025-07-15T13:30:09.234965+00:00", "symbol": "DOGE-USD"}, {"trade_id": 139117749, "side": "buy", "size": "48.20000000", "price": "0.19384000", "time": "2025-07-15T13:29:54.988022Z", "fetched_at": "2025-07-15T13:30:09.234965+00:00", "symbol": "DOGE-USD"}, {"trade_id": 139117748, "side": "buy", "size": "5.70000000", "price": "0.19384000", "time": "2025-07-15T13:29:54.988022Z", "fetched_at": "2025-07-15T13:30:09.234965+00:00", "symbol": "DOGE-USD"}, {"trade_id": 139117747, "side": "buy", "size": "5.70000000", "price": "0.19386000", "time": "2025-07-15T13:29:54.988022Z", "fetched_at": "2025-07-15T13:30:09.234965+00:00", "symbol": "DOGE-USD"}, {"trade_id": 139117746, "side": "sell", "size": "25.50000000", "price": "0.19387000", "time": "2025-07-15T13:29:54.590166Z", "fetched_at": "2025-07-15T13:30:09.234965+00:00", "symbol": "DOGE-USD"}, {"trade_id": 139117745, "side": "sell", "size": "510.60000000", "price": "0.19388000", "time": "2025-07-15T13:29:54.065315Z", "fetched_at": "2025-07-15T13:30:09.234965+00:00", "symbol": "DOGE-USD"}, {"trade_id": 139117744, "side": "buy", "size": "5.70000000", "price": "0.19388000", "time": "2025-07-15T13:29:50.272002Z", "fetched_at": "2025-07-15T13:30:09.234965+00:00", "symbol": "DOGE-USD"}, {"trade_id": 139117743, "side": "buy", "size": "5.70000000", "price": "0.19390000", "time": "2025-07-15T13:29:47.852297Z", "fetched_at": "2025-07-15T13:30:09.234965+00:00", "symbol": "DOGE-USD"}, {"trade_id": 139117742, "side": "sell", "size": "661.20000000", "price": "0.19391000", "time": "2025-07-15T13:29:47.689409Z", "fetched_at": "2025-07-15T13:30:09.234965+00:00", "symbol": "DOGE-USD"}, {"trade_id": 139117741, "side": "sell", "size": "515.60000000", "price": "0.19391000", "time": "2025-07-15T13:29:47.689409Z", "fetched_at": "2025-07-15T13:30:09.234965+00:00", "symbol": "DOGE-USD"}, {"trade_id": 139117740, "side": "buy", "size": "5.70000000", "price": "0.19392000", "time": "2025-07-15T13:29:45.836545Z", "fetched_at": "2025-07-15T13:30:09.234965+00:00", "symbol": "DOGE-USD"}, {"trade_id": 139117739, "side": "sell", "size": "6.90000000", "price": "0.19396000", "time": "2025-07-15T13:29:41.047462Z", "fetched_at": "2025-07-15T13:30:09.234965+00:00", "symbol": "DOGE-USD"}, {"trade_id": 139117738, "side": "sell", "size": "5.70000000", "price": "0.19396000", "time": "2025-07-15T13:29:41.047462Z", "fetched_at": "2025-07-15T13:30:09.234965+00:00", "symbol": "DOGE-USD"}, {"trade_id": 139117737, "side": "sell", "size": "5.70000000", "price": "0.19394000", "time": "2025-07-15T13:29:40.631558Z", "fetched_at": "2025-07-15T13:30:09.234965+00:00", "symbol": "DOGE-USD"}, {"trade_id": 139117736, "side": "sell", "size": "5.70000000", "price": "0.19392000", "time": "2025-07-15T13:29:40.284733Z", "fetched_at": "2025-07-15T13:30:09.234965+00:00", "symbol": "DOGE-USD"}, {"trade_id": 139117735, "side": "sell", "size": "9454.30000000", "price": "0.19391000", "time": "2025-07-15T13:29:39.090622Z", "fetched_at": "2025-07-15T13:30:09.234965+00:00", "symbol": "DOGE-USD"}, {"trade_id": 139117734, "side": "sell", "size": "1807.10000000", "price": "0.19391000", "time": "2025-07-15T13:29:39.090622Z", "fetched_at": "2025-07-15T13:30:09.234965+00:00", "symbol": "DOGE-USD"}, {"trade_id": 139117733, "side": "sell", "size": "7.10000000", "price": "0.19390000", "time": "2025-07-15T13:29:39.090622Z", "fetched_at": "2025-07-15T13:30:09.234965+00:00", "symbol": "DOGE-USD"}, {"trade_id": 139117732, "side": "sell", "size": "5.70000000", "price": "0.19390000", "time": "2025-07-15T13:29:39.090622Z", "fetched_at": "2025-07-15T13:30:09.234965+00:00", "symbol": "DOGE-USD"}, {"trade_id": 139117731, "side": "sell", "size": "494.20000000", "price": "0.19389000", "time": "2025-07-15T13:29:38.141709Z", "fetched_at": "2025-07-15T13:30:09.234965+00:00", "symbol": "DOGE-USD"}, {"trade_id": 139117730, "side": "sell", "size": "7.60000000", "price": "0.19389000", "time": "2025-07-15T13:29:38.141709Z", "fetched_at": "2025-07-15T13:30:09.234965+00:00", "symbol": "DOGE-USD"}, {"trade_id": 139117729, "side": "sell", "size": "5.70000000", "price": "0.19388000", "time": "2025-07-15T13:29:37.986037Z", "fetched_at": "2025-07-15T13:30:09.234965+00:00", "symbol": "DOGE-USD"}, {"trade_id": 139117728, "side": "sell", "size": "7.60000000", "price": "0.19387000", "time": "2025-07-15T13:29:37.982594Z", "fetched_at": "2025-07-15T13:30:09.234965+00:00", "symbol": "DOGE-USD"}, {"trade_id": 139117727, "side": "sell", "size": "5.70000000", "price": "0.19386000", "time": "2025-07-15T13:29:37.977172Z", "fetched_at": "2025-07-15T13:30:09.234965+00:00", "symbol": "DOGE-USD"}, {"trade_id": 139117726, "side": "sell", "size": "5.70000000", "price": "0.19384000", "time": "2025-07-15T13:29:37.009507Z", "fetched_at": "2025-07-15T13:30:09.234965+00:00", "symbol": "DOGE-USD"}, {"trade_id": 139117725, "side": "buy", "size": "159.20000000", "price": "0.19381000", "time": "2025-07-15T13:29:33.360464Z", "fetched_at": "2025-07-15T13:30:09.234965+00:00", "symbol": "DOGE-USD"}, {"trade_id": 139117724, "side": "buy", "size": "332.00000000", "price": "0.19382000", "time": "2025-07-15T13:29:33.360464Z", "fetched_at": "2025-07-15T13:30:09.234965+00:00", "symbol": "DOGE-USD"}, {"trade_id": 139117723, "side": "buy", "size": "325.80000000", "price": "0.19382000", "time": "2025-07-15T13:29:33.360464Z", "fetched_at": "2025-07-15T13:30:09.234965+00:00", "symbol": "DOGE-USD"}, {"trade_id": 139117722, "side": "buy", "size": "183.00000000", "price": "0.19382000", "time": "2025-07-15T13:29:33.360464Z", "fetched_at": "2025-07-15T13:30:09.234965+00:00", "symbol": "DOGE-USD"}, {"trade_id": 139117721, "side": "sell", "size": "5.70000000", "price": "0.19382000", "time": "2025-07-15T13:29:33.335783Z", "fetched_at": "2025-07-15T13:30:09.234965+00:00", "symbol": "DOGE-USD"}, {"trade_id": 139117720, "side": "sell", "size": "5.70000000", "price": "0.19380000", "time": "2025-07-15T13:29:33.206774Z", "fetched_at": "2025-07-15T13:30:09.234965+00:00", "symbol": "DOGE-USD"}, {"trade_id": 139117719, "side": "sell", "size": "3325.50000000", "price": "0.19379000", "time": "2025-07-15T13:29:30.293690Z", "fetched_at": "2025-07-15T13:30:09.234965+00:00", "symbol": "DOGE-USD"}, {"trade_id": 139117718, "side": "sell", "size": "30.30000000", "price": "0.19379000", "time": "2025-07-15T13:29:30.292323Z", "fetched_at": "2025-07-15T13:30:09.234965+00:00", "symbol": "DOGE-USD"}, {"trade_id": 139117717, "side": "sell", "size": "2164.50000000", "price": "0.19379000", "time": "2025-07-15T13:29:30.292323Z", "fetched_at": "2025-07-15T13:30:09.234965+00:00", "symbol": "DOGE-USD"}, {"trade_id": 139117716, "side": "sell", "size": "1807.10000000", "price": "0.19379000", "time": "2025-07-15T13:29:30.292323Z", "fetched_at": "2025-07-15T13:30:09.234965+00:00", "symbol": "DOGE-USD"}, {"trade_id": 139117715, "side": "sell", "size": "5.70000000", "price": "0.19378000", "time": "2025-07-15T13:29:30.292323Z", "fetched_at": "2025-07-15T13:30:09.234965+00:00", "symbol": "DOGE-USD"}, {"trade_id": 139117714, "side": "buy", "size": "235.80000000", "price": "0.19377000", "time": "2025-07-15T13:29:30.186267Z", "fetched_at": "2025-07-15T13:30:09.234965+00:00", "symbol": "DOGE-USD"}, {"trade_id": 139117713, "side": "buy", "size": "309.00000000", "price": "0.19377000", "time": "2025-07-15T13:29:30.186267Z", "fetched_at": "2025-07-15T13:30:09.234965+00:00", "symbol": "DOGE-USD"}, {"trade_id": 139117712, "side": "buy", "size": "498.00000000", "price": "0.19377000", "time": "2025-07-15T13:29:30.186267Z", "fetched_at": "2025-07-15T13:30:09.234965+00:00", "symbol": "DOGE-USD"}, {"trade_id": 139117711, "side": "sell", "size": "7.40000000", "price": "0.19376000", "time": "2025-07-15T13:29:29.814027Z", "fetched_at": "2025-07-15T13:30:09.234965+00:00", "symbol": "DOGE-USD"}, {"trade_id": 139117710, "side": "sell", "size": "5.70000000", "price": "0.19376000", "time": "2025-07-15T13:29:29.814027Z", "fetched_at": "2025-07-15T13:30:09.234965+00:00", "symbol": "DOGE-USD"}, {"trade_id": 139117709, "side": "sell", "size": "8.00000000", "price": "0.19373000", "time": "2025-07-15T13:29:29.001576Z", "fetched_at": "2025-07-15T13:30:09.234965+00:00", "symbol": "DOGE-USD"}, {"trade_id": 139117708, "side": "sell", "size": "122.00000000", "price": "0.19370000", "time": "2025-07-15T13:29:27.283529Z", "fetched_at": "2025-07-15T13:30:09.234965+00:00", "symbol": "DOGE-USD"}, {"trade_id": 139117707, "side": "sell", "size": "5.70000000", "price": "0.19370000", "time": "2025-07-15T13:29:27.283529Z", "fetched_at": "2025-07-15T13:30:09.234965+00:00", "symbol": "DOGE-USD"}, {"trade_id": 139117706, "side": "sell", "size": "8.40000000", "price": "0.19366000", "time": "2025-07-15T13:29:27.012469Z", "fetched_at": "2025-07-15T13:30:09.234965+00:00", "symbol": "DOGE-USD"}, {"trade_id": 139117705, "side": "sell", "size": "225.40000000", "price": "0.19366000", "time": "2025-07-15T13:29:27.012469Z", "fetched_at": "2025-07-15T13:30:09.234965+00:00", "symbol": "DOGE-USD"}, {"trade_id": 139117704, "side": "sell", "size": "12232.50000000", "price": "0.19366000", "time": "2025-07-15T13:29:27.000993Z", "fetched_at": "2025-07-15T13:30:09.234965+00:00", "symbol": "DOGE-USD"}, {"trade_id": 139117703, "side": "buy", "size": "19213.90000000", "price": "0.19365000", "time": "2025-07-15T13:29:24.191531Z", "fetched_at": "2025-07-15T13:30:09.234965+00:00", "symbol": "DOGE-USD"}, {"trade_id": 139117702, "side": "buy", "size": "19231.60000000", "price": "0.19368000", "time": "2025-07-15T13:29:23.850164Z", "fetched_at": "2025-07-15T13:30:09.234965+00:00", "symbol": "DOGE-USD"}, {"trade_id": 139117701, "side": "sell", "size": "51.00000000", "price": "0.19371000", "time": "2025-07-15T13:29:19.687769Z", "fetched_at": "2025-07-15T13:30:09.234965+00:00", "symbol": "DOGE-USD"}, {"trade_id": 139117700, "side": "sell", "size": "1572.40000000", "price": "0.19382000", "time": "2025-07-15T13:29:17.148292Z", "fetched_at": "2025-07-15T13:30:09.234965+00:00", "symbol": "DOGE-USD"}, {"trade_id": 139117699, "side": "sell", "size": "6619.30000000", "price": "0.19381000", "time": "2025-07-15T13:29:17.148292Z", "fetched_at": "2025-07-15T13:30:09.234965+00:00", "symbol": "DOGE-USD"}, {"trade_id": 139117698, "side": "sell", "size": "2164.50000000", "price": "0.19381000", "time": "2025-07-15T13:29:17.148292Z", "fetched_at": "2025-07-15T13:30:09.234965+00:00", "symbol": "DOGE-USD"}, {"trade_id": 139117697, "side": "sell", "size": "1807.10000000", "price": "0.19381000", "time": "2025-07-15T13:29:17.148292Z", "fetched_at": "2025-07-15T13:30:09.234965+00:00", "symbol": "DOGE-USD"}, {"trade_id": 139117696, "side": "sell", "size": "1367.50000000", "price": "0.19381000", "time": "2025-07-15T13:29:17.148292Z", "fetched_at": "2025-07-15T13:30:09.234965+00:00", "symbol": "DOGE-USD"}, {"trade_id": 139117695, "side": "sell", "size": "6619.30000000", "price": "0.19380000", "time": "2025-07-15T13:29:17.148292Z", "fetched_at": "2025-07-15T13:30:09.234965+00:00", "symbol": "DOGE-USD"}, {"trade_id": 139117694, "side": "sell", "size": "2985.00000000", "price": "0.19380000", "time": "2025-07-15T13:29:17.148292Z", "fetched_at": "2025-07-15T13:30:09.234965+00:00", "symbol": "DOGE-USD"}, {"trade_id": 139117693, "side": "sell", "size": "1807.10000000", "price": "0.19380000", "time": "2025-07-15T13:29:17.148292Z", "fetched_at": "2025-07-15T13:30:09.234965+00:00", "symbol": "DOGE-USD"}, {"trade_id": 139117692, "side": "sell", "size": "6619.30000000", "price": "0.19379000", "time": "2025-07-15T13:29:17.148292Z", "fetched_at": "2025-07-15T13:30:09.234965+00:00", "symbol": "DOGE-USD"}, {"trade_id": 139117691, "side": "sell", "size": "2164.50000000", "price": "0.19379000", "time": "2025-07-15T13:29:17.148292Z", "fetched_at": "2025-07-15T13:30:09.234965+00:00", "symbol": "DOGE-USD"}, {"trade_id": 139117690, "side": "sell", "size": "1807.10000000", "price": "0.19379000", "time": "2025-07-15T13:29:17.148292Z", "fetched_at": "2025-07-15T13:30:09.234965+00:00", "symbol": "DOGE-USD"}, {"trade_id": 139117689, "side": "sell", "size": "2164.50000000", "price": "0.19378000", "time": "2025-07-15T13:29:17.148292Z", "fetched_at": "2025-07-15T13:30:09.234965+00:00", "symbol": "DOGE-USD"}, {"trade_id": 139117688, "side": "sell", "size": "1807.10000000", "price": "0.19378000", "time": "2025-07-15T13:29:17.148292Z", "fetched_at": "2025-07-15T13:30:09.234965+00:00", "symbol": "DOGE-USD"}, {"trade_id": 139117687, "side": "sell", "size": "1405.80000000", "price": "0.19378000", "time": "2025-07-15T13:29:17.148292Z", "fetched_at": "2025-07-15T13:30:09.234965+00:00", "symbol": "DOGE-USD"}, {"trade_id": 139117686, "side": "sell", "size": "12626.20000000", "price": "0.19378000", "time": "2025-07-15T13:29:17.148292Z", "fetched_at": "2025-07-15T13:30:09.234965+00:00", "symbol": "DOGE-USD"}, {"trade_id": 139117685, "side": "sell", "size": "5768.60000000", "price": "0.19377000", "time": "2025-07-15T13:29:17.148292Z", "fetched_at": "2025-07-15T13:30:09.234965+00:00", "symbol": "DOGE-USD"}, {"trade_id": 139117684, "side": "sell", "size": "1807.10000000", "price": "0.19377000", "time": "2025-07-15T13:29:17.148292Z", "fetched_at": "2025-07-15T13:30:09.234965+00:00", "symbol": "DOGE-USD"}, {"trade_id": 139117683, "side": "sell", "size": "930.00000000", "price": "0.19377000", "time": "2025-07-15T13:29:17.148292Z", "fetched_at": "2025-07-15T13:30:09.234965+00:00", "symbol": "DOGE-USD"}, {"trade_id": 139117682, "side": "sell", "size": "1566.00000000", "price": "0.19377000", "time": "2025-07-15T13:29:17.148292Z", "fetched_at": "2025-07-15T13:30:09.234965+00:00", "symbol": "DOGE-USD"}, {"trade_id": 139117681, "side": "sell", "size": "1500.60000000", "price": "0.19376000", "time": "2025-07-15T13:29:17.148292Z", "fetched_at": "2025-07-15T13:30:09.234965+00:00", "symbol": "DOGE-USD"}, {"trade_id": 139117680, "side": "sell", "size": "8.10000000", "price": "0.19376000", "time": "2025-07-15T13:29:17.148292Z", "fetched_at": "2025-07-15T13:30:09.234965+00:00", "symbol": "DOGE-USD"}, {"trade_id": 139117679, "side": "sell", "size": "10308.30000000", "price": "0.19378000", "time": "2025-07-15T13:29:16.720011Z", "fetched_at": "2025-07-15T13:30:09.234965+00:00", "symbol": "DOGE-USD"}, {"trade_id": 139117678, "side": "sell", "size": "8.30000000", "price": "0.19377000", "time": "2025-07-15T13:29:16.720011Z", "fetched_at": "2025-07-15T13:30:09.234965+00:00", "symbol": "DOGE-USD"}, {"trade_id": 139117677, "side": "sell", "size": "6.20000000", "price": "0.19377000", "time": "2025-07-15T13:29:16.560325Z", "fetched_at": "2025-07-15T13:30:09.234965+00:00", "symbol": "DOGE-USD"}, {"trade_id": 139117676, "side": "sell", "size": "277.30000000", "price": "0.19371000", "time": "2025-07-15T13:29:16.471955Z", "fetched_at": "2025-07-15T13:30:09.234965+00:00", "symbol": "DOGE-USD"}, {"trade_id": 139117675, "side": "sell", "size": "238.30000000", "price": "0.19371000", "time": "2025-07-15T13:29:16.471601Z", "fetched_at": "2025-07-15T13:30:09.234965+00:00", "symbol": "DOGE-USD"}, {"trade_id": 139117674, "side": "sell", "size": "515.60000000", "price": "0.19369000", "time": "2025-07-15T13:29:16.471322Z", "fetched_at": "2025-07-15T13:30:09.234965+00:00", "symbol": "DOGE-USD"}, {"trade_id": 139117673, "side": "buy", "size": "5.70000000", "price": "0.19368000", "time": "2025-07-15T13:29:16.460040Z", "fetched_at": "2025-07-15T13:30:09.234965+00:00", "symbol": "DOGE-USD"}, {"trade_id": 139117672, "side": "sell", "size": "515.60000000", "price": "0.19378000", "time": "2025-07-15T13:29:16.451885Z", "fetched_at": "2025-07-15T13:30:09.234965+00:00", "symbol": "DOGE-USD"}, {"trade_id": 139117671, "side": "sell", "size": "515.60000000", "price": "0.19377000", "time": "2025-07-15T13:29:16.451885Z", "fetched_at": "2025-07-15T13:30:09.234965+00:00", "symbol": "DOGE-USD"}, {"trade_id": 139117670, "side": "buy", "size": "3291.10000000", "price": "0.19372000", "time": "2025-07-15T13:29:16.450823Z", "fetched_at": "2025-07-15T13:30:09.234965+00:00", "symbol": "DOGE-USD"}, {"trade_id": 139117669, "side": "buy", "size": "5.70000000", "price": "0.19372000", "time": "2025-07-15T13:29:16.450823Z", "fetched_at": "2025-07-15T13:30:09.234965+00:00", "symbol": "DOGE-USD"}, {"trade_id": 139117668, "side": "buy", "size": "4208.80000000", "price": "0.19374000", "time": "2025-07-15T13:29:16.450624Z", "fetched_at": "2025-07-15T13:30:09.234965+00:00", "symbol": "DOGE-USD"}, {"trade_id": 139117667, "side": "buy", "size": "5.70000000", "price": "0.19374000", "time": "2025-07-15T13:29:16.450624Z", "fetched_at": "2025-07-15T13:30:09.234965+00:00", "symbol": "DOGE-USD"}, {"trade_id": 139117666, "side": "buy", "size": "3127.00000000", "price": "0.19374000", "time": "2025-07-15T13:29:16.450624Z", "fetched_at": "2025-07-15T13:30:09.234965+00:00", "symbol": "DOGE-USD"}, {"trade_id": 139117665, "side": "buy", "size": "5.70000000", "price": "0.19376000", "time": "2025-07-15T13:29:16.448921Z", "fetched_at": "2025-07-15T13:30:09.234965+00:00", "symbol": "DOGE-USD"}, {"trade_id": 139117664, "side": "buy", "size": "11462.60000000", "price": "0.19376000", "time": "2025-07-15T13:29:16.448921Z", "fetched_at": "2025-07-15T13:30:09.234965+00:00", "symbol": "DOGE-USD"}, {"trade_id": 139117663, "side": "buy", "size": "1566.00000000", "price": "0.19384000", "time": "2025-07-15T13:29:16.441288Z", "fetched_at": "2025-07-15T13:30:09.234965+00:00", "symbol": "DOGE-USD"}, {"trade_id": 139117662, "side": "buy", "size": "2858.60000000", "price": "0.19377000", "time": "2025-07-15T13:29:16.438890Z", "fetched_at": "2025-07-15T13:30:09.234965+00:00", "symbol": "DOGE-USD"}, {"trade_id": 139117661, "side": "buy", "size": "6608.40000000", "price": "0.19377000", "time": "2025-07-15T13:29:16.438890Z", "fetched_at": "2025-07-15T13:30:09.234965+00:00", "symbol": "DOGE-USD"}, {"trade_id": 139117660, "side": "buy", "size": "1807.10000000", "price": "0.19377000", "time": "2025-07-15T13:29:16.438890Z", "fetched_at": "2025-07-15T13:30:09.234965+00:00", "symbol": "DOGE-USD"}, {"trade_id": 139117659, "side": "buy", "size": "1566.00000000", "price": "0.19378000", "time": "2025-07-15T13:29:16.438890Z", "fetched_at": "2025-07-15T13:30:09.234965+00:00", "symbol": "DOGE-USD"}, {"trade_id": 139117658, "side": "buy", "size": "1932.10000000", "price": "0.19378000", "time": "2025-07-15T13:29:16.438890Z", "fetched_at": "2025-07-15T13:30:09.234965+00:00", "symbol": "DOGE-USD"}, {"trade_id": 139117657, "side": "buy", "size": "1807.10000000", "price": "0.19378000", "time": "2025-07-15T13:29:16.438890Z", "fetched_at": "2025-07-15T13:30:09.234965+00:00", "symbol": "DOGE-USD"}, {"trade_id": 139117656, "side": "buy", "size": "3526.20000000", "price": "0.19379000", "time": "2025-07-15T13:29:16.438890Z", "fetched_at": "2025-07-15T13:30:09.234965+00:00", "symbol": "DOGE-USD"}, {"trade_id": 139117655, "side": "buy", "size": "6616.90000000", "price": "0.19379000", "time": "2025-07-15T13:29:16.438890Z", "fetched_at": "2025-07-15T13:30:09.234965+00:00", "symbol": "DOGE-USD"}, {"trade_id": 139117654, "side": "buy", "size": "1566.00000000", "price": "0.19381000", "time": "2025-07-15T13:29:16.438890Z", "fetched_at": "2025-07-15T13:30:09.234965+00:00", "symbol": "DOGE-USD"}, {"trade_id": 139117653, "side": "buy", "size": "6575.10000000", "price": "0.19383000", "time": "2025-07-15T13:29:16.438890Z", "fetched_at": "2025-07-15T13:30:09.234965+00:00", "symbol": "DOGE-USD"}, {"trade_id": 139117652, "side": "buy", "size": "2237.40000000", "price": "0.19387000", "time": "2025-07-15T13:29:16.438890Z", "fetched_at": "2025-07-15T13:30:09.234965+00:00", "symbol": "DOGE-USD"}, {"trade_id": 139117651, "side": "buy", "size": "2762.60000000", "price": "0.19387000", "time": "2025-07-15T13:29:16.438715Z", "fetched_at": "2025-07-15T13:30:09.234965+00:00", "symbol": "DOGE-USD"}, {"trade_id": 139117650, "side": "buy", "size": "2248.80000000", "price": "0.19388000", "time": "2025-07-15T13:29:16.438715Z", "fetched_at": "2025-07-15T13:30:09.234965+00:00", "symbol": "DOGE-USD"}, {"trade_id": 139117649, "side": "buy", "size": "4988.60000000", "price": "0.19388000", "time": "2025-07-15T13:29:16.437851Z", "fetched_at": "2025-07-15T13:30:09.234965+00:00", "symbol": "DOGE-USD"}, {"trade_id": 139117648, "side": "buy", "size": "5.70000000", "price": "0.19388000", "time": "2025-07-15T13:29:16.437851Z", "fetched_at": "2025-07-15T13:30:09.234965+00:00", "symbol": "DOGE-USD"}, {"trade_id": 139117647, "side": "buy", "size": "5.70000000", "price": "0.19390000", "time": "2025-07-15T13:29:16.437851Z", "fetched_at": "2025-07-15T13:30:09.234965+00:00", "symbol": "DOGE-USD"}, {"trade_id": 139117646, "side": "buy", "size": "5.70000000", "price": "0.19391000", "time": "2025-07-15T13:29:16.434049Z", "fetched_at": "2025-07-15T13:30:09.234965+00:00", "symbol": "DOGE-USD"}, {"trade_id": 139117645, "side": "buy", "size": "4994.30000000", "price": "0.19391000", "time": "2025-07-15T13:29:16.432704Z", "fetched_at": "2025-07-15T13:30:09.234965+00:00", "symbol": "DOGE-USD"}, {"trade_id": 139117644, "side": "buy", "size": "5.70000000", "price": "0.19392000", "time": "2025-07-15T13:29:16.432704Z", "fetched_at": "2025-07-15T13:30:09.234965+00:00", "symbol": "DOGE-USD"}, {"trade_id": 139117643, "side": "buy", "size": "19094.30000000", "price": "0.19394000", "time": "2025-07-15T13:29:16.425233Z", "fetched_at": "2025-07-15T13:30:09.234965+00:00", "symbol": "DOGE-USD"}, {"trade_id": 139117642, "side": "buy", "size": "5.70000000", "price": "0.19394000", "time": "2025-07-15T13:29:16.425233Z", "fetched_at": "2025-07-15T13:30:09.234965+00:00", "symbol": "DOGE-USD"}, {"trade_id": 139117641, "side": "buy", "size": "930.00000000", "price": "0.19395000", "time": "2025-07-15T13:29:16.424392Z", "fetched_at": "2025-07-15T13:30:09.234965+00:00", "symbol": "DOGE-USD"}, {"trade_id": 139117640, "side": "buy", "size": "51.50000000", "price": "0.19396000", "time": "2025-07-15T13:29:16.424392Z", "fetched_at": "2025-07-15T13:30:09.234965+00:00", "symbol": "DOGE-USD"}, {"trade_id": 139117639, "side": "sell", "size": "1966.40000000", "price": "0.19396000", "time": "2025-07-15T13:29:10.948503Z", "fetched_at": "2025-07-15T13:30:09.234965+00:00", "symbol": "DOGE-USD"}, {"trade_id": 139117638, "side": "sell", "size": "33.60000000", "price": "0.19396000", "time": "2025-07-15T13:29:10.641049Z", "fetched_at": "2025-07-15T13:30:09.234965+00:00", "symbol": "DOGE-USD"}, {"trade_id": 139117637, "side": "buy", "size": "46.40000000", "price": "0.19395000", "time": "2025-07-15T13:29:08.569986Z", "fetched_at": "2025-07-15T13:30:09.234965+00:00", "symbol": "DOGE-USD"}, {"trade_id": 139117636, "side": "buy", "size": "5.70000000", "price": "0.19396000", "time": "2025-07-15T13:29:08.569986Z", "fetched_at": "2025-07-15T13:30:09.234965+00:00", "symbol": "DOGE-USD"}, {"trade_id": 139117635, "side": "sell", "size": "2000.00000000", "price": "0.19399000", "time": "2025-07-15T13:29:04.113068Z", "fetched_at": "2025-07-15T13:30:09.234965+00:00", "symbol": "DOGE-USD"}, {"trade_id": 139117634, "side": "sell", "size": "7.00000000", "price": "0.19398000", "time": "2025-07-15T13:29:04.113068Z", "fetched_at": "2025-07-15T13:30:09.234965+00:00", "symbol": "DOGE-USD"}, {"trade_id": 139117633, "side": "sell", "size": "515.60000000", "price": "0.19397000", "time": "2025-07-15T13:29:04.113068Z", "fetched_at": "2025-07-15T13:30:09.234965+00:00", "symbol": "DOGE-USD"}, {"trade_id": 139117632, "side": "buy", "size": "22.10000000", "price": "0.19397000", "time": "2025-07-15T13:29:00.948631Z", "fetched_at": "2025-07-15T13:30:09.234965+00:00", "symbol": "DOGE-USD"}, {"trade_id": 139117631, "side": "sell", "size": "24.20000000", "price": "0.19397000", "time": "2025-07-15T13:28:59.897012Z", "fetched_at": "2025-07-15T13:30:09.234965+00:00", "symbol": "DOGE-USD"}, {"trade_id": 139117630, "side": "buy", "size": "42.30000000", "price": "0.19405000", "time": "2025-07-15T13:28:59.093597Z", "fetched_at": "2025-07-15T13:30:09.234965+00:00", "symbol": "DOGE-USD"}, {"trade_id": 139117629, "side": "buy", "size": "160.10000000", "price": "0.19404000", "time": "2025-07-15T13:28:58.091165Z", "fetched_at": "2025-07-15T13:30:09.234965+00:00", "symbol": "DOGE-USD"}, {"trade_id": 139117628, "side": "buy", "size": "14.50000000", "price": "0.19405000", "time": "2025-07-15T13:28:58.091165Z", "fetched_at": "2025-07-15T13:30:09.234965+00:00", "symbol": "DOGE-USD"}, {"trade_id": 139117627, "side": "buy", "size": "332.00000000", "price": "0.19407000", "time": "2025-07-15T13:28:58.091165Z", "fetched_at": "2025-07-15T13:30:09.234965+00:00", "symbol": "DOGE-USD"}, {"trade_id": 139117626, "side": "sell", "size": "5994.40000000", "price": "0.19407000", "time": "2025-07-15T13:28:57.670761Z", "fetched_at": "2025-07-15T13:30:09.234965+00:00", "symbol": "DOGE-USD"}, {"trade_id": 139117625, "side": "sell", "size": "5.70000000", "price": "0.19406000", "time": "2025-07-15T13:28:57.670761Z", "fetched_at": "2025-07-15T13:30:09.234965+00:00", "symbol": "DOGE-USD"}, {"trade_id": 139117624, "side": "sell", "size": "9492.30000000", "price": "0.19405000", "time": "2025-07-15T13:28:57.660930Z", "fetched_at": "2025-07-15T13:30:09.234965+00:00", "symbol": "DOGE-USD"}, {"trade_id": 139117623, "side": "sell", "size": "11.50000000", "price": "0.19404000", "time": "2025-07-15T13:28:57.660930Z", "fetched_at": "2025-07-15T13:30:09.234965+00:00", "symbol": "DOGE-USD"}, {"trade_id": 139117622, "side": "sell", "size": "5.70000000", "price": "0.19404000", "time": "2025-07-15T13:28:57.660930Z", "fetched_at": "2025-07-15T13:30:09.234965+00:00", "symbol": "DOGE-USD"}, {"trade_id": 139117621, "side": "sell", "size": "5.70000000", "price": "0.19402000", "time": "2025-07-15T13:28:57.660930Z", "fetched_at": "2025-07-15T13:30:09.234965+00:00", "symbol": "DOGE-USD"}, {"trade_id": 139117620, "side": "sell", "size": "37813.70000000", "price": "0.19400000", "time": "2025-07-15T13:28:57.022651Z", "fetched_at": "2025-07-15T13:30:09.234965+00:00", "symbol": "DOGE-USD"}, {"trade_id": 139117619, "side": "sell", "size": "5.70000000", "price": "0.19400000", "time": "2025-07-15T13:28:57.022651Z", "fetched_at": "2025-07-15T13:30:09.234965+00:00", "symbol": "DOGE-USD"}, {"trade_id": 139117618, "side": "sell", "size": "412.10000000", "price": "0.19398000", "time": "2025-07-15T13:28:56.980099Z", "fetched_at": "2025-07-15T13:30:09.234965+00:00", "symbol": "DOGE-USD"}, {"trade_id": 139117617, "side": "sell", "size": "517.90000000", "price": "0.19398000", "time": "2025-07-15T13:28:56.980055Z", "fetched_at": "2025-07-15T13:30:09.234965+00:00", "symbol": "DOGE-USD"}, {"trade_id": 139117616, "side": "sell", "size": "12452.80000000", "price": "0.19398000", "time": "2025-07-15T13:28:56.980055Z", "fetched_at": "2025-07-15T13:30:09.234965+00:00", "symbol": "DOGE-USD"}, {"trade_id": 139117615, "side": "sell", "size": "6657.80000000", "price": "0.19398000", "time": "2025-07-15T13:28:56.979868Z", "fetched_at": "2025-07-15T13:30:09.234965+00:00", "symbol": "DOGE-USD"}, {"trade_id": 139117614, "side": "sell", "size": "5.70000000", "price": "0.19398000", "time": "2025-07-15T13:28:56.979868Z", "fetched_at": "2025-07-15T13:30:09.234965+00:00", "symbol": "DOGE-USD"}, {"trade_id": 139117613, "side": "sell", "size": "930.00000000", "price": "0.19397000", "time": "2025-07-15T13:28:56.979625Z", "fetched_at": "2025-07-15T13:30:09.234965+00:00", "symbol": "DOGE-USD"}, {"trade_id": 139117612, "side": "sell", "size": "12.20000000", "price": "0.19396000", "time": "2025-07-15T13:28:56.979625Z", "fetched_at": "2025-07-15T13:30:09.234965+00:00", "symbol": "DOGE-USD"}, {"trade_id": 139117611, "side": "sell", "size": "5.70000000", "price": "0.19396000", "time": "2025-07-15T13:28:56.979625Z", "fetched_at": "2025-07-15T13:30:09.234965+00:00", "symbol": "DOGE-USD"}, {"trade_id": 139117610, "side": "sell", "size": "12.60000000", "price": "0.19395000", "time": "2025-07-15T13:28:55.451597Z", "fetched_at": "2025-07-15T13:30:09.234965+00:00", "symbol": "DOGE-USD"}, {"trade_id": 139117609, "side": "sell", "size": "273.60000000", "price": "0.19394000", "time": "2025-07-15T13:28:55.433595Z", "fetched_at": "2025-07-15T13:30:09.234965+00:00", "symbol": "DOGE-USD"}, {"trade_id": 139117608, "side": "sell", "size": "238.00000000", "price": "0.19394000", "time": "2025-07-15T13:28:55.429789Z", "fetched_at": "2025-07-15T13:30:09.234965+00:00", "symbol": "DOGE-USD"}, {"trade_id": 139117607, "side": "sell", "size": "222.10000000", "price": "0.19394000", "time": "2025-07-15T13:28:55.426175Z", "fetched_at": "2025-07-15T13:30:09.234965+00:00", "symbol": "DOGE-USD"}, {"trade_id": 139117606, "side": "buy", "size": "555.30000000", "price": "0.19390000", "time": "2025-07-15T13:28:54.894495Z", "fetched_at": "2025-07-15T13:30:09.234965+00:00", "symbol": "DOGE-USD"}, {"trade_id": 139117605, "side": "buy", "size": "1383.60000000", "price": "0.19391000", "time": "2025-07-15T13:28:54.894495Z", "fetched_at": "2025-07-15T13:30:09.234965+00:00", "symbol": "DOGE-USD"}, {"trade_id": 139117604, "side": "buy", "size": "52.20000000", "price": "0.19392000", "time": "2025-07-15T13:28:54.894495Z", "fetched_at": "2025-07-15T13:30:09.234965+00:00", "symbol": "DOGE-USD"}, {"trade_id": 139117603, "side": "buy", "size": "332.00000000", "price": "0.19393000", "time": "2025-07-15T13:28:54.894495Z", "fetched_at": "2025-07-15T13:30:09.234965+00:00", "symbol": "DOGE-USD"}, {"trade_id": 139117602, "side": "sell", "size": "10000.00000000", "price": "0.19391000", "time": "2025-07-15T13:28:51.796677Z", "fetched_at": "2025-07-15T13:30:09.234965+00:00", "symbol": "DOGE-USD"}, {"trade_id": 139117601, "side": "sell", "size": "2000.00000000", "price": "0.19390000", "time": "2025-07-15T13:28:51.792955Z", "fetched_at": "2025-07-15T13:30:09.234965+00:00", "symbol": "DOGE-USD"}, {"trade_id": 139117600, "side": "sell", "size": "13.20000000", "price": "0.19390000", "time": "2025-07-15T13:28:51.792955Z", "fetched_at": "2025-07-15T13:30:09.234965+00:00", "symbol": "DOGE-USD"}, {"trade_id": 139117599, "side": "sell", "size": "562.80000000", "price": "0.19389000", "time": "2025-07-15T13:28:48.964196Z", "fetched_at": "2025-07-15T13:30:09.234965+00:00", "symbol": "DOGE-USD"}, {"trade_id": 139117598, "side": "sell", "size": "1423.50000000", "price": "0.19389000", "time": "2025-07-15T13:28:48.964196Z", "fetched_at": "2025-07-15T13:30:09.234965+00:00", "symbol": "DOGE-USD"}, {"trade_id": 139117597, "side": "sell", "size": "14.10000000", "price": "0.19388000", "time": "2025-07-15T13:28:48.964196Z", "fetched_at": "2025-07-15T13:30:09.234965+00:00", "symbol": "DOGE-USD"}, {"trade_id": 139117596, "side": "sell", "size": "1566.00000000", "price": "0.19387000", "time": "2025-07-15T13:28:48.964196Z", "fetched_at": "2025-07-15T13:30:09.234965+00:00", "symbol": "DOGE-USD"}, {"trade_id": 139117595, "side": "sell", "size": "1390.50000000", "price": "0.19387000", "time": "2025-07-15T13:28:48.964196Z", "fetched_at": "2025-07-15T13:30:09.234965+00:00", "symbol": "DOGE-USD"}, {"trade_id": 139117594, "side": "sell", "size": "183.00000000", "price": "0.19387000", "time": "2025-07-15T13:28:48.964196Z", "fetched_at": "2025-07-15T13:30:09.234965+00:00", "symbol": "DOGE-USD"}, {"trade_id": 139117593, "side": "buy", "size": "224.20000000", "price": "0.19390000", "time": "2025-07-15T13:28:46.275871Z", "fetched_at": "2025-07-15T13:30:09.234965+00:00", "symbol": "DOGE-USD"}, {"trade_id": 139117592, "side": "sell", "size": "21.50000000", "price": "0.19390000", "time": "2025-07-15T13:28:46.032159Z", "fetched_at": "2025-07-15T13:30:09.234965+00:00", "symbol": "DOGE-USD"}, {"trade_id": 139117591, "side": "sell", "size": "1553.60000000", "price": "0.19385000", "time": "2025-07-15T13:28:45.674839Z", "fetched_at": "2025-07-15T13:30:09.234965+00:00", "symbol": "DOGE-USD"}, {"trade_id": 139117590, "side": "sell", "size": "25.80000000", "price": "0.19387000", "time": "2025-07-15T13:28:45.673277Z", "fetched_at": "2025-07-15T13:30:09.234965+00:00", "symbol": "DOGE-USD"}, {"trade_id": 139117589, "side": "sell", "size": "930.00000000", "price": "0.19387000", "time": "2025-07-15T13:28:45.673277Z", "fetched_at": "2025-07-15T13:30:09.234965+00:00", "symbol": "DOGE-USD"}, {"trade_id": 139117588, "side": "sell", "size": "3103.00000000", "price": "0.19387000", "time": "2025-07-15T13:28:45.673277Z", "fetched_at": "2025-07-15T13:30:09.234965+00:00", "symbol": "DOGE-USD"}, {"trade_id": 139117587, "side": "sell", "size": "1807.10000000", "price": "0.19387000", "time": "2025-07-15T13:28:45.673277Z", "fetched_at": "2025-07-15T13:30:09.234965+00:00", "symbol": "DOGE-USD"}, {"trade_id": 139117586, "side": "sell", "size": "930.00000000", "price": "0.19386000", "time": "2025-07-15T13:28:45.673277Z", "fetched_at": "2025-07-15T13:30:09.234965+00:00", "symbol": "DOGE-USD"}, {"trade_id": 139117585, "side": "sell", "size": "16596.00000000", "price": "0.19385000", "time": "2025-07-15T13:28:45.672610Z", "fetched_at": "2025-07-15T13:30:09.234965+00:00", "symbol": "DOGE-USD"}, {"trade_id": 139117584, "side": "sell", "size": "1566.00000000", "price": "0.19385000", "time": "2025-07-15T13:28:45.672610Z", "fetched_at": "2025-07-15T13:30:09.234965+00:00", "symbol": "DOGE-USD"}, {"trade_id": 139117583, "side": "buy", "size": "4068.80000000", "price": "0.19385000", "time": "2025-07-15T13:28:42.238797Z", "fetched_at": "2025-07-15T13:30:09.234965+00:00", "symbol": "DOGE-USD"}, {"trade_id": 139117582, "side": "buy", "size": "52.30000000", "price": "0.19385000", "time": "2025-07-15T13:28:42.238797Z", "fetched_at": "2025-07-15T13:30:09.234965+00:00", "symbol": "DOGE-USD"}, {"trade_id": 139117581, "side": "buy", "size": "5.70000000", "price": "0.19386000", "time": "2025-07-15T13:28:42.238797Z", "fetched_at": "2025-07-15T13:30:09.234965+00:00", "symbol": "DOGE-USD"}, {"trade_id": 139117580, "side": "buy", "size": "98.40000000", "price": "0.19388000", "time": "2025-07-15T13:28:40.252969Z", "fetched_at": "2025-07-15T13:30:09.234965+00:00", "symbol": "DOGE-USD"}, {"trade_id": 139117579, "side": "sell", "size": "2000.00000000", "price": "0.19388000", "time": "2025-07-15T13:28:40.171858Z", "fetched_at": "2025-07-15T13:30:09.234965+00:00", "symbol": "DOGE-USD"}, {"trade_id": 139117578, "side": "sell", "size": "10000.00000000", "price": "0.19388000", "time": "2025-07-15T13:28:39.873531Z", "fetched_at": "2025-07-15T13:30:09.234965+00:00", "symbol": "DOGE-USD"}, {"trade_id": 139117577, "side": "sell", "size": "13.90000000", "price": "0.19387000", "time": "2025-07-15T13:28:39.873531Z", "fetched_at": "2025-07-15T13:30:09.234965+00:00", "symbol": "DOGE-USD"}, {"trade_id": 139117576, "side": "sell", "size": "10000.00000000", "price": "0.19388000", "time": "2025-07-15T13:28:38.003058Z", "fetched_at": "2025-07-15T13:30:09.234965+00:00", "symbol": "DOGE-USD"}, {"trade_id": 139117575, "side": "sell", "size": "14.80000000", "price": "0.19387000", "time": "2025-07-15T13:28:37.999413Z", "fetched_at": "2025-07-15T13:30:09.234965+00:00", "symbol": "DOGE-USD"}, {"trade_id": 139117574, "side": "sell", "size": "2000.00000000", "price": "0.19387000", "time": "2025-07-15T13:28:37.999413Z", "fetched_at": "2025-07-15T13:30:09.234965+00:00", "symbol": "DOGE-USD"}, {"trade_id": 139117573, "side": "buy", "size": "5.70000000", "price": "0.19388000", "time": "2025-07-15T13:28:34.475005Z", "fetched_at": "2025-07-15T13:30:09.234965+00:00", "symbol": "DOGE-USD"}, {"trade_id": 139117572, "side": "buy", "size": "5.70000000", "price": "0.19390000", "time": "2025-07-15T13:28:31.752758Z", "fetched_at": "2025-07-15T13:30:09.234965+00:00", "symbol": "DOGE-USD"}, {"trade_id": 139117571, "side": "buy", "size": "14250.10000000", "price": "0.19392000", "time": "2025-07-15T13:28:31.142488Z", "fetched_at": "2025-07-15T13:30:09.234965+00:00", "symbol": "DOGE-USD"}, {"trade_id": 139117570, "side": "buy", "size": "4572.20000000", "price": "0.19392000", "time": "2025-07-15T13:28:31.142435Z", "fetched_at": "2025-07-15T13:30:09.234965+00:00", "symbol": "DOGE-USD"}, {"trade_id": 139117569, "side": "buy", "size": "5.70000000", "price": "0.19392000", "time": "2025-07-15T13:28:31.142435Z", "fetched_at": "2025-07-15T13:30:09.234965+00:00", "symbol": "DOGE-USD"}, {"trade_id": 139117568, "side": "buy", "size": "4160.00000000", "price": "0.19393000", "time": "2025-07-15T13:28:31.142435Z", "fetched_at": "2025-07-15T13:30:09.234965+00:00", "symbol": "DOGE-USD"}, {"trade_id": 139117567, "side": "buy", "size": "5594.20000000", "price": "0.19393000", "time": "2025-07-15T13:28:31.142435Z", "fetched_at": "2025-07-15T13:30:09.234965+00:00", "symbol": "DOGE-USD"}, {"trade_id": 139117566, "side": "buy", "size": "1807.10000000", "price": "0.19393000", "time": "2025-07-15T13:28:31.142435Z", "fetched_at": "2025-07-15T13:30:09.234965+00:00", "symbol": "DOGE-USD"}, {"trade_id": 139117565, "side": "buy", "size": "13.90000000", "price": "0.19393000", "time": "2025-07-15T13:28:31.142435Z", "fetched_at": "2025-07-15T13:30:09.234965+00:00", "symbol": "DOGE-USD"}, {"trade_id": 139117564, "side": "buy", "size": "930.00000000", "price": "0.19394000", "time": "2025-07-15T13:28:31.142435Z", "fetched_at": "2025-07-15T13:30:09.234965+00:00", "symbol": "DOGE-USD"}, {"trade_id": 139117563, "side": "buy", "size": "4728.60000000", "price": "0.19394000", "time": "2025-07-15T13:28:31.142435Z", "fetched_at": "2025-07-15T13:30:09.234965+00:00", "symbol": "DOGE-USD"}, {"trade_id": 139117562, "side": "sell", "size": "309.20000000", "price": "0.19395000", "time": "2025-07-15T13:28:30.736623Z", "fetched_at": "2025-07-15T13:30:09.234965+00:00", "symbol": "DOGE-USD"}, {"trade_id": 139117561, "side": "sell", "size": "183.00000000", "price": "0.19395000", "time": "2025-07-15T13:28:30.736623Z", "fetched_at": "2025-07-15T13:30:09.234965+00:00", "symbol": "DOGE-USD"}, {"trade_id": 139117560, "side": "sell", "size": "10.90000000", "price": "0.19395000", "time": "2025-07-15T13:28:30.736623Z", "fetched_at": "2025-07-15T13:30:09.234965+00:00", "symbol": "DOGE-USD"}, {"trade_id": 139117559, "side": "buy", "size": "800.70000000", "price": "0.19394000", "time": "2025-07-15T13:28:30.298289Z", "fetched_at": "2025-07-15T13:30:09.234965+00:00", "symbol": "DOGE-USD"}, {"trade_id": 139117558, "side": "buy", "size": "183.00000000", "price": "0.19395000", "time": "2025-07-15T13:28:30.298289Z", "fetched_at": "2025-07-15T13:30:09.234965+00:00", "symbol": "DOGE-USD"}, {"trade_id": 139117557, "side": "buy", "size": "1530.40000000", "price": "0.19395000", "time": "2025-07-15T13:28:30.298289Z", "fetched_at": "2025-07-15T13:30:09.234965+00:00", "symbol": "DOGE-USD"}, {"trade_id": 139117556, "side": "buy", "size": "332.00000000", "price": "0.19395000", "time": "2025-07-15T13:28:30.298289Z", "fetched_at": "2025-07-15T13:30:09.234965+00:00", "symbol": "DOGE-USD"}, {"trade_id": 139117555, "side": "sell", "size": "302.70000000", "price": "0.19395000", "time": "2025-07-15T13:28:25.368621Z", "fetched_at": "2025-07-15T13:30:09.234965+00:00", "symbol": "DOGE-USD"}, {"trade_id": 139117554, "side": "buy", "size": "3839.50000000", "price": "0.19394000", "time": "2025-07-15T13:28:23.547653Z", "fetched_at": "2025-07-15T13:30:09.234965+00:00", "symbol": "DOGE-USD"}, {"trade_id": 139117553, "side": "sell", "size": "473.70000000", "price": "0.19397000", "time": "2025-07-15T13:28:18.388777Z", "fetched_at": "2025-07-15T13:30:09.234965+00:00", "symbol": "DOGE-USD"}, {"trade_id": 139117552, "side": "sell", "size": "40.50000000", "price": "0.19396000", "time": "2025-07-15T13:28:18.388777Z", "fetched_at": "2025-07-15T13:30:09.234965+00:00", "symbol": "DOGE-USD"}, {"trade_id": 139117551, "side": "buy", "size": "43.00000000", "price": "0.19393000", "time": "2025-07-15T13:28:17.962789Z", "fetched_at": "2025-07-15T13:30:09.234965+00:00", "symbol": "DOGE-USD"}, {"trade_id": 139117550, "side": "buy", "size": "50.10000000", "price": "0.19394000", "time": "2025-07-15T13:28:17.962789Z", "fetched_at": "2025-07-15T13:30:09.234965+00:00", "symbol": "DOGE-USD"}, {"trade_id": 139117549, "side": "buy", "size": "2.70000000", "price": "0.19394000", "time": "2025-07-15T13:28:17.962789Z", "fetched_at": "2025-07-15T13:30:09.234965+00:00", "symbol": "DOGE-USD"}, {"trade_id": 139117548, "side": "buy", "size": "1613.70000000", "price": "0.19395000", "time": "2025-07-15T13:28:17.962789Z", "fetched_at": "2025-07-15T13:30:09.234965+00:00", "symbol": "DOGE-USD"}, {"trade_id": 139117547, "side": "buy", "size": "3.00000000", "price": "0.19394000", "time": "2025-07-15T13:28:15.285911Z", "fetched_at": "2025-07-15T13:30:09.234965+00:00", "symbol": "DOGE-USD"}, {"trade_id": 139117546, "side": "sell", "size": "2000.00000000", "price": "0.19397000", "time": "2025-07-15T13:28:11.042607Z", "fetched_at": "2025-07-15T13:30:09.234965+00:00", "symbol": "DOGE-USD"}, {"trade_id": 139117545, "side": "buy", "size": "5.70000000", "price": "0.19396000", "time": "2025-07-15T13:28:06.738458Z", "fetched_at": "2025-07-15T13:30:09.234965+00:00", "symbol": "DOGE-USD"}, {"trade_id": 139117544, "side": "buy", "size": "522.60000000", "price": "0.19397000", "time": "2025-07-15T13:28:06.319767Z", "fetched_at": "2025-07-15T13:30:09.234965+00:00", "symbol": "DOGE-USD"}, {"trade_id": 139117543, "side": "buy", "size": "332.00000000", "price": "0.19398000", "time": "2025-07-15T13:28:06.319767Z", "fetched_at": "2025-07-15T13:30:09.234965+00:00", "symbol": "DOGE-USD"}, {"trade_id": 139117542, "side": "sell", "size": "2000.00000000", "price": "0.19399000", "time": "2025-07-15T13:28:00.868050Z", "fetched_at": "2025-07-15T13:30:09.234965+00:00", "symbol": "DOGE-USD"}, {"trade_id": 139117541, "side": "sell", "size": "118.30000000", "price": "0.19401000", "time": "2025-07-15T13:27:59.119862Z", "fetched_at": "2025-07-15T13:30:09.234965+00:00", "symbol": "DOGE-USD"}, {"trade_id": 139117540, "side": "sell", "size": "9.20000000", "price": "0.19400000", "time": "2025-07-15T13:27:59.119862Z", "fetched_at": "2025-07-15T13:30:09.234965+00:00", "symbol": "DOGE-USD"}, {"trade_id": 139117539, "side": "sell", "size": "12.90000000", "price": "0.19398000", "time": "2025-07-15T13:27:57.856322Z", "fetched_at": "2025-07-15T13:30:09.234965+00:00", "symbol": "DOGE-USD"}, {"trade_id": 139117538, "side": "sell", "size": "2000.00000000", "price": "0.19398000", "time": "2025-07-15T13:27:57.856322Z", "fetched_at": "2025-07-15T13:30:09.234965+00:00", "symbol": "DOGE-USD"}, {"trade_id": 139117537, "side": "buy", "size": "19159.00000000", "price": "0.19399000", "time": "2025-07-15T13:27:57.632188Z", "fetched_at": "2025-07-15T13:30:09.234965+00:00", "symbol": "DOGE-USD"}, {"trade_id": 139117536, "side": "buy", "size": "5.70000000", "price": "0.19400000", "time": "2025-07-15T13:27:57.632188Z", "fetched_at": "2025-07-15T13:30:09.234965+00:00", "symbol": "DOGE-USD"}, {"trade_id": 139117535, "side": "sell", "size": "996.60000000", "price": "0.19401000", "time": "2025-07-15T13:27:53.837997Z", "fetched_at": "2025-07-15T13:30:09.234965+00:00", "symbol": "DOGE-USD"}, {"trade_id": 139117534, "side": "sell", "size": "183.00000000", "price": "0.19401000", "time": "2025-07-15T13:27:53.837997Z", "fetched_at": "2025-07-15T13:30:09.234965+00:00", "symbol": "DOGE-USD"}, {"trade_id": 139117533, "side": "sell", "size": "1389.80000000", "price": "0.19401000", "time": "2025-07-15T13:27:53.837997Z", "fetched_at": "2025-07-15T13:30:09.234965+00:00", "symbol": "DOGE-USD"}, {"trade_id": 139117532, "side": "sell", "size": "2000.00000000", "price": "0.19405000", "time": "2025-07-15T13:27:50.591935Z", "fetched_at": "2025-07-15T13:30:09.234965+00:00", "symbol": "DOGE-USD"}, {"trade_id": 139117531, "side": "sell", "size": "9.90000000", "price": "0.19405000", "time": "2025-07-15T13:27:48.347538Z", "fetched_at": "2025-07-15T13:30:09.234965+00:00", "symbol": "DOGE-USD"}, {"trade_id": 139117530, "side": "buy", "size": "11.80000000", "price": "0.19406000", "time": "2025-07-15T13:27:47.482966Z", "fetched_at": "2025-07-15T13:30:09.234965+00:00", "symbol": "DOGE-USD"}, {"trade_id": 139117529, "side": "buy", "size": "183.00000000", "price": "0.19406000", "time": "2025-07-15T13:27:47.482966Z", "fetched_at": "2025-07-15T13:30:09.234965+00:00", "symbol": "DOGE-USD"}, {"trade_id": 139117528, "side": "buy", "size": "325.80000000", "price": "0.19406000", "time": "2025-07-15T13:27:47.482966Z", "fetched_at": "2025-07-15T13:30:09.234965+00:00", "symbol": "DOGE-USD"}, {"trade_id": 139117527, "side": "sell", "size": "4199.90000000", "price": "0.19405000", "time": "2025-07-15T13:27:47.145584Z", "fetched_at": "2025-07-15T13:30:09.234965+00:00", "symbol": "DOGE-USD"}, {"trade_id": 139117526, "side": "sell", "size": "1807.10000000", "price": "0.19405000", "time": "2025-07-15T13:27:47.145584Z", "fetched_at": "2025-07-15T13:30:09.234965+00:00", "symbol": "DOGE-USD"}, {"trade_id": 139117525, "side": "sell", "size": "2000.00000000", "price": "0.19404000", "time": "2025-07-15T13:27:47.139561Z", "fetched_at": "2025-07-15T13:30:09.234965+00:00", "symbol": "DOGE-USD"}, {"trade_id": 139117524, "side": "sell", "size": "7.50000000", "price": "0.19404000", "time": "2025-07-15T13:27:47.139561Z", "fetched_at": "2025-07-15T13:30:09.234965+00:00", "symbol": "DOGE-USD"}, {"trade_id": 139117523, "side": "sell", "size": "5.70000000", "price": "0.19404000", "time": "2025-07-15T13:27:47.139561Z", "fetched_at": "2025-07-15T13:30:09.234965+00:00", "symbol": "DOGE-USD"}, {"trade_id": 139117522, "side": "sell", "size": "1807.10000000", "price": "0.19400000", "time": "2025-07-15T13:27:46.180198Z", "fetched_at": "2025-07-15T13:30:09.234965+00:00", "symbol": "DOGE-USD"}, {"trade_id": 139117521, "side": "sell", "size": "12.80000000", "price": "0.19399000", "time": "2025-07-15T13:27:46.180198Z", "fetched_at": "2025-07-15T13:30:09.234965+00:00", "symbol": "DOGE-USD"}, {"trade_id": 139117520, "side": "buy", "size": "38.40000000", "price": "0.19398000", "time": "2025-07-15T13:27:43.257031Z", "fetched_at": "2025-07-15T13:30:09.234965+00:00", "symbol": "DOGE-USD"}, {"trade_id": 139117519, "side": "sell", "size": "15.50000000", "price": "0.19398000", "time": "2025-07-15T13:27:40.322611Z", "fetched_at": "2025-07-15T13:30:09.234965+00:00", "symbol": "DOGE-USD"}, {"trade_id": 139117518, "side": "sell", "size": "8.90000000", "price": "0.19395000", "time": "2025-07-15T13:27:40.270499Z", "fetched_at": "2025-07-15T13:30:09.234965+00:00", "symbol": "DOGE-USD"}, {"trade_id": 139117517, "side": "buy", "size": "19258.30000000", "price": "0.19395000", "time": "2025-07-15T13:27:40.122983Z", "fetched_at": "2025-07-15T13:30:09.234965+00:00", "symbol": "DOGE-USD"}, {"trade_id": 139117516, "side": "sell", "size": "59.50000000", "price": "0.19397000", "time": "2025-07-15T13:27:39.853705Z", "fetched_at": "2025-07-15T13:30:09.234965+00:00", "symbol": "DOGE-USD"}, {"trade_id": 139117515, "side": "sell", "size": "15.60000000", "price": "0.19396000", "time": "2025-07-15T13:27:39.853705Z", "fetched_at": "2025-07-15T13:30:09.234965+00:00", "symbol": "DOGE-USD"}, {"trade_id": 139117514, "side": "buy", "size": "5.70000000", "price": "0.19398000", "time": "2025-07-15T13:27:39.634754Z", "fetched_at": "2025-07-15T13:30:09.234965+00:00", "symbol": "DOGE-USD"}, {"trade_id": 139117513, "side": "sell", "size": "9703.10000000", "price": "0.19401000", "time": "2025-07-15T13:27:35.345734Z", "fetched_at": "2025-07-15T13:30:09.234965+00:00", "symbol": "DOGE-USD"}, {"trade_id": 139117512, "side": "sell", "size": "22.50000000", "price": "0.19400000", "time": "2025-07-15T13:27:35.345734Z", "fetched_at": "2025-07-15T13:30:09.234965+00:00", "symbol": "DOGE-USD"}, {"trade_id": 139117511, "side": "sell", "size": "2000.00000000", "price": "0.19399000", "time": "2025-07-15T13:27:34.897816Z", "fetched_at": "2025-07-15T13:30:09.234965+00:00", "symbol": "DOGE-USD"}, {"trade_id": 139117510, "side": "sell", "size": "24.00000000", "price": "0.19399000", "time": "2025-07-15T13:27:34.897816Z", "fetched_at": "2025-07-15T13:30:09.234965+00:00", "symbol": "DOGE-USD"}, {"trade_id": 139117509, "side": "sell", "size": "928.60000000", "price": "0.19399000", "time": "2025-07-15T13:27:34.897816Z", "fetched_at": "2025-07-15T13:30:09.234965+00:00", "symbol": "DOGE-USD"}, {"trade_id": 139117508, "side": "sell", "size": "1376.30000000", "price": "0.19401000", "time": "2025-07-15T13:27:33.329955Z", "fetched_at": "2025-07-15T13:30:09.234965+00:00", "symbol": "DOGE-USD"}, {"trade_id": 139117507, "side": "sell", "size": "1171.40000000", "price": "0.19401000", "time": "2025-07-15T13:27:33.329955Z", "fetched_at": "2025-07-15T13:30:09.234965+00:00", "symbol": "DOGE-USD"}, {"trade_id": 139117506, "side": "sell", "size": "19.20000000", "price": "0.19400000", "time": "2025-07-15T13:27:33.329955Z", "fetched_at": "2025-07-15T13:30:09.234965+00:00", "symbol": "DOGE-USD"}, {"trade_id": 139117505, "side": "sell", "size": "635.70000000", "price": "0.19401000", "time": "2025-07-15T13:27:33.297564Z", "fetched_at": "2025-07-15T13:30:09.234965+00:00", "symbol": "DOGE-USD"}, {"trade_id": 139117504, "side": "sell", "size": "18.80000000", "price": "0.19400000", "time": "2025-07-15T13:27:33.297564Z", "fetched_at": "2025-07-15T13:30:09.234965+00:00", "symbol": "DOGE-USD"}, {"trade_id": 139117503, "side": "sell", "size": "2000.00000000", "price": "0.19396000", "time": "2025-07-15T13:27:32.407712Z", "fetched_at": "2025-07-15T13:30:09.234965+00:00", "symbol": "DOGE-USD"}, {"trade_id": 139117502, "side": "sell", "size": "3070.10000000", "price": "0.19397000", "time": "2025-07-15T13:27:32.378148Z", "fetched_at": "2025-07-15T13:30:09.234965+00:00", "symbol": "DOGE-USD"}, {"trade_id": 139117501, "side": "sell", "size": "1807.10000000", "price": "0.19397000", "time": "2025-07-15T13:27:32.378148Z", "fetched_at": "2025-07-15T13:30:09.234965+00:00", "symbol": "DOGE-USD"}, {"trade_id": 139117500, "side": "sell", "size": "19.10000000", "price": "0.19396000", "time": "2025-07-15T13:27:32.378148Z", "fetched_at": "2025-07-15T13:30:09.234965+00:00", "symbol": "DOGE-USD"}, {"trade_id": 139117499, "side": "sell", "size": "928.60000000", "price": "0.19396000", "time": "2025-07-15T13:27:32.378148Z", "fetched_at": "2025-07-15T13:30:09.234965+00:00", "symbol": "DOGE-USD"}, {"trade_id": 139117498, "side": "buy", "size": "1566.00000000", "price": "0.19380000", "time": "2025-07-15T13:27:31.153918Z", "fetched_at": "2025-07-15T13:30:09.234965+00:00", "symbol": "DOGE-USD"}, {"trade_id": 139117497, "side": "buy", "size": "5.70000000", "price": "0.19380000", "time": "2025-07-15T13:27:31.153918Z", "fetched_at": "2025-07-15T13:30:09.234965+00:00", "symbol": "DOGE-USD"}, {"trade_id": 139117496, "side": "buy", "size": "1566.00000000", "price": "0.19382000", "time": "2025-07-15T13:27:31.153918Z", "fetched_at": "2025-07-15T13:30:09.234965+00:00", "symbol": "DOGE-USD"}, {"trade_id": 139117495, "side": "buy", "size": "4494.90000000", "price": "0.19383000", "time": "2025-07-15T13:27:31.153918Z", "fetched_at": "2025-07-15T13:30:09.234965+00:00", "symbol": "DOGE-USD"}, {"trade_id": 139117494, "side": "buy", "size": "5.70000000", "price": "0.19384000", "time": "2025-07-15T13:27:31.153918Z", "fetched_at": "2025-07-15T13:30:09.234965+00:00", "symbol": "DOGE-USD"}, {"trade_id": 139117493, "side": "buy", "size": "6608.40000000", "price": "0.19385000", "time": "2025-07-15T13:27:31.153918Z", "fetched_at": "2025-07-15T13:30:09.234965+00:00", "symbol": "DOGE-USD"}, {"trade_id": 139117492, "side": "buy", "size": "4511.80000000", "price": "0.19385000", "time": "2025-07-15T13:27:31.153918Z", "fetched_at": "2025-07-15T13:30:09.234965+00:00", "symbol": "DOGE-USD"}, {"trade_id": 139117491, "side": "buy", "size": "6608.40000000", "price": "0.19386000", "time": "2025-07-15T13:27:31.153918Z", "fetched_at": "2025-07-15T13:30:09.234965+00:00", "symbol": "DOGE-USD"}, {"trade_id": 139117490, "side": "buy", "size": "4503.10000000", "price": "0.19387000", "time": "2025-07-15T13:27:31.153918Z", "fetched_at": "2025-07-15T13:30:09.234965+00:00", "symbol": "DOGE-USD"}, {"trade_id": 139117489, "side": "buy", "size": "5497.00000000", "price": "0.19388000", "time": "2025-07-15T13:27:31.153918Z", "fetched_at": "2025-07-15T13:30:09.234965+00:00", "symbol": "DOGE-USD"}, {"trade_id": 139117488, "side": "buy", "size": "3091.50000000", "price": "0.19396000", "time": "2025-07-15T13:27:31.153918Z", "fetched_at": "2025-07-15T13:30:09.234965+00:00", "symbol": "DOGE-USD"}, {"trade_id": 139117487, "side": "buy", "size": "991.40000000", "price": "0.19401000", "time": "2025-07-15T13:27:31.138335Z", "fetched_at": "2025-07-15T13:30:09.234965+00:00", "symbol": "DOGE-USD"}, {"trade_id": 139117486, "side": "buy", "size": "1749.30000000", "price": "0.19401000", "time": "2025-07-15T13:27:31.138080Z", "fetched_at": "2025-07-15T13:30:09.234965+00:00", "symbol": "DOGE-USD"}, {"trade_id": 139117485, "side": "buy", "size": "259.30000000", "price": "0.19401000", "time": "2025-07-15T13:27:31.137623Z", "fetched_at": "2025-07-15T13:30:09.234965+00:00", "symbol": "DOGE-USD"}, {"trade_id": 139117484, "side": "buy", "size": "2934.60000000", "price": "0.19387000", "time": "2025-07-15T13:27:31.127961Z", "fetched_at": "2025-07-15T13:30:09.234965+00:00", "symbol": "DOGE-USD"}, {"trade_id": 139117483, "side": "buy", "size": "4500.20000000", "price": "0.19388000", "time": "2025-07-15T13:27:31.127961Z", "fetched_at": "2025-07-15T13:30:09.234965+00:00", "symbol": "DOGE-USD"}, {"trade_id": 139117482, "side": "buy", "size": "3033.50000000", "price": "0.19389000", "time": "2025-07-15T13:27:31.127961Z", "fetched_at": "2025-07-15T13:30:09.234965+00:00", "symbol": "DOGE-USD"}, {"trade_id": 139117481, "side": "buy", "size": "5.70000000", "price": "0.19390000", "time": "2025-07-15T13:27:31.127961Z", "fetched_at": "2025-07-15T13:30:09.234965+00:00", "symbol": "DOGE-USD"}, {"trade_id": 139117480, "side": "buy", "size": "2501.10000000", "price": "0.19396000", "time": "2025-07-15T13:27:31.127961Z", "fetched_at": "2025-07-15T13:30:09.234965+00:00", "symbol": "DOGE-USD"}, {"trade_id": 139117479, "side": "buy", "size": "1422.30000000", "price": "0.19402000", "time": "2025-07-15T13:27:31.126964Z", "fetched_at": "2025-07-15T13:30:09.234965+00:00", "symbol": "DOGE-USD"}, {"trade_id": 139117478, "side": "buy", "size": "5.70000000", "price": "0.19388000", "time": "2025-07-15T13:27:31.125923Z", "fetched_at": "2025-07-15T13:30:09.234965+00:00", "symbol": "DOGE-USD"}, {"trade_id": 139117477, "side": "buy", "size": "1566.00000000", "price": "0.19388000", "time": "2025-07-15T13:27:31.125923Z", "fetched_at": "2025-07-15T13:30:09.234965+00:00", "symbol": "DOGE-USD"}, {"trade_id": 139117476, "side": "buy", "size": "26190.40000000", "price": "0.19390000", "time": "2025-07-15T13:27:31.124405Z", "fetched_at": "2025-07-15T13:30:09.234965+00:00", "symbol": "DOGE-USD"}, {"trade_id": 139117475, "side": "buy", "size": "1566.00000000", "price": "0.19390000", "time": "2025-07-15T13:27:31.124405Z", "fetched_at": "2025-07-15T13:30:09.234965+00:00", "symbol": "DOGE-USD"}, {"trade_id": 139117474, "side": "buy", "size": "5.70000000", "price": "0.19392000", "time": "2025-07-15T13:27:31.124405Z", "fetched_at": "2025-07-15T13:30:09.234965+00:00", "symbol": "DOGE-USD"}, {"trade_id": 139117473, "side": "buy", "size": "1566.00000000", "price": "0.19392000", "time": "2025-07-15T13:27:31.124405Z", "fetched_at": "2025-07-15T13:30:09.234965+00:00", "symbol": "DOGE-USD"}, {"trade_id": 139117472, "side": "buy", "size": "5495.80000000", "price": "0.19393000", "time": "2025-07-15T13:27:31.124405Z", "fetched_at": "2025-07-15T13:30:09.234965+00:00", "symbol": "DOGE-USD"}, {"trade_id": 139117471, "side": "buy", "size": "3867.10000000", "price": "0.19394000", "time": "2025-07-15T13:27:31.124405Z", "fetched_at": "2025-07-15T13:30:09.234965+00:00", "symbol": "DOGE-USD"}, {"trade_id": 139117470, "side": "buy", "size": "54453.30000000", "price": "0.19394000", "time": "2025-07-15T13:27:31.124405Z", "fetched_at": "2025-07-15T13:30:09.234965+00:00", "symbol": "DOGE-USD"}, {"trade_id": 139117469, "side": "buy", "size": "5.70000000", "price": "0.19394000", "time": "2025-07-15T13:27:31.124405Z", "fetched_at": "2025-07-15T13:30:09.234965+00:00", "symbol": "DOGE-USD"}, {"trade_id": 139117468, "side": "buy", "size": "1566.00000000", "price": "0.19394000", "time": "2025-07-15T13:27:31.124405Z", "fetched_at": "2025-07-15T13:30:09.234965+00:00", "symbol": "DOGE-USD"}, {"trade_id": 139117467, "side": "buy", "size": "5.70000000", "price": "0.19396000", "time": "2025-07-15T13:27:31.123174Z", "fetched_at": "2025-07-15T13:30:09.234965+00:00", "symbol": "DOGE-USD"}, {"trade_id": 139117466, "side": "buy", "size": "1566.00000000", "price": "0.19396000", "time": "2025-07-15T13:27:31.123174Z", "fetched_at": "2025-07-15T13:30:09.234965+00:00", "symbol": "DOGE-USD"}, {"trade_id": 139117465, "side": "buy", "size": "5000.00000000", "price": "0.19397000", "time": "2025-07-15T13:27:31.123174Z", "fetched_at": "2025-07-15T13:30:09.234965+00:00", "symbol": "DOGE-USD"}, {"trade_id": 139117464, "side": "buy", "size": "5.70000000", "price": "0.19398000", "time": "2025-07-15T13:27:31.123174Z", "fetched_at": "2025-07-15T13:30:09.234965+00:00", "symbol": "DOGE-USD"}, {"trade_id": 139117463, "side": "buy", "size": "1566.00000000", "price": "0.19398000", "time": "2025-07-15T13:27:31.123174Z", "fetched_at": "2025-07-15T13:30:09.234965+00:00", "symbol": "DOGE-USD"}, {"trade_id": 139117462, "side": "buy", "size": "2000.00000000", "price": "0.19399000", "time": "2025-07-15T13:27:31.123149Z", "fetched_at": "2025-07-15T13:30:09.234965+00:00", "symbol": "DOGE-USD"}, {"trade_id": 139117461, "side": "buy", "size": "3090.90000000", "price": "0.19399000", "time": "2025-07-15T13:27:31.123149Z", "fetched_at": "2025-07-15T13:30:09.234965+00:00", "symbol": "DOGE-USD"}, {"trade_id": 139117460, "side": "buy", "size": "120.60000000", "price": "0.19399000", "time": "2025-07-15T13:27:31.123149Z", "fetched_at": "2025-07-15T13:30:09.234965+00:00", "symbol": "DOGE-USD"}, {"trade_id": 139117459, "side": "buy", "size": "10000.00000000", "price": "0.19400000", "time": "2025-07-15T13:27:31.122797Z", "fetched_at": "2025-07-15T13:30:09.234965+00:00", "symbol": "DOGE-USD"}, {"trade_id": 139117458, "side": "buy", "size": "1566.00000000", "price": "0.19400000", "time": "2025-07-15T13:27:31.122797Z", "fetched_at": "2025-07-15T13:30:09.234965+00:00", "symbol": "DOGE-USD"}, {"trade_id": 139117457, "side": "buy", "size": "5.70000000", "price": "0.19400000", "time": "2025-07-15T13:27:31.122797Z", "fetched_at": "2025-07-15T13:30:09.234965+00:00", "symbol": "DOGE-USD"}, {"trade_id": 139117456, "side": "buy", "size": "5000.00000000", "price": "0.19401000", "time": "2025-07-15T13:27:31.122755Z", "fetched_at": "2025-07-15T13:30:09.234965+00:00", "symbol": "DOGE-USD"}, {"trade_id": 139117455, "side": "buy", "size": "1566.00000000", "price": "0.19402000", "time": "2025-07-15T13:27:31.121900Z", "fetched_at": "2025-07-15T13:30:09.234965+00:00", "symbol": "DOGE-USD"}, {"trade_id": 139117454, "side": "buy", "size": "138.40000000", "price": "0.19402000", "time": "2025-07-15T13:27:31.120432Z", "fetched_at": "2025-07-15T13:30:09.234965+00:00", "symbol": "DOGE-USD"}, {"trade_id": 139117453, "side": "buy", "size": "1936.90000000", "price": "0.19403000", "time": "2025-07-15T13:27:31.120432Z", "fetched_at": "2025-07-15T13:30:09.234965+00:00", "symbol": "DOGE-USD"}, {"trade_id": 139117452, "side": "buy", "size": "1807.10000000", "price": "0.19403000", "time": "2025-07-15T13:27:31.120432Z", "fetched_at": "2025-07-15T13:30:09.234965+00:00", "symbol": "DOGE-USD"}, {"trade_id": 139117451, "side": "buy", "size": "1933.50000000", "price": "0.19404000", "time": "2025-07-15T13:27:31.120432Z", "fetched_at": "2025-07-15T13:30:09.234965+00:00", "symbol": "DOGE-USD"}, {"trade_id": 139117450, "side": "buy", "size": "1807.10000000", "price": "0.19404000", "time": "2025-07-15T13:27:31.120432Z", "fetched_at": "2025-07-15T13:30:09.234965+00:00", "symbol": "DOGE-USD"}, {"trade_id": 139117449, "side": "buy", "size": "2500.00000000", "price": "0.19405000", "time": "2025-07-15T13:27:31.120432Z", "fetched_at": "2025-07-15T13:30:09.234965+00:00", "symbol": "DOGE-USD"}, {"trade_id": 139117448, "side": "buy", "size": "1936.90000000", "price": "0.19405000", "time": "2025-07-15T13:27:31.120432Z", "fetched_at": "2025-07-15T13:30:09.234965+00:00", "symbol": "DOGE-USD"}, {"trade_id": 139117447, "side": "buy", "size": "1807.10000000", "price": "0.19405000", "time": "2025-07-15T13:27:31.120432Z", "fetched_at": "2025-07-15T13:30:09.234965+00:00", "symbol": "DOGE-USD"}, {"trade_id": 139117446, "side": "buy", "size": "1990.10000000", "price": "0.19406000", "time": "2025-07-15T13:27:31.120432Z", "fetched_at": "2025-07-15T13:30:09.234965+00:00", "symbol": "DOGE-USD"}, {"trade_id": 139117445, "side": "buy", "size": "1303.30000000", "price": "0.19406000", "time": "2025-07-15T13:27:31.120432Z", "fetched_at": "2025-07-15T13:30:09.234965+00:00", "symbol": "DOGE-USD"}, {"trade_id": 139117444, "side": "buy", "size": "1931.30000000", "price": "0.19406000", "time": "2025-07-15T13:27:31.120432Z", "fetched_at": "2025-07-15T13:30:09.234965+00:00", "symbol": "DOGE-USD"}, {"trade_id": 139117443, "side": "buy", "size": "1807.10000000", "price": "0.19406000", "time": "2025-07-15T13:27:31.120432Z", "fetched_at": "2025-07-15T13:30:09.234965+00:00", "symbol": "DOGE-USD"}, {"trade_id": 139117442, "side": "buy", "size": "928.60000000", "price": "0.19407000", "time": "2025-07-15T13:27:31.120432Z", "fetched_at": "2025-07-15T13:30:09.234965+00:00", "symbol": "DOGE-USD"}, {"trade_id": 139117441, "side": "buy", "size": "13436.90000000", "price": "0.19407000", "time": "2025-07-15T13:27:31.120432Z", "fetched_at": "2025-07-15T13:30:09.234965+00:00", "symbol": "DOGE-USD"}, {"trade_id": 139117440, "side": "buy", "size": "1807.10000000", "price": "0.19407000", "time": "2025-07-15T13:27:31.120432Z", "fetched_at": "2025-07-15T13:30:09.234965+00:00", "symbol": "DOGE-USD"}, {"trade_id": 139117439, "side": "buy", "size": "5.70000000", "price": "0.19408000", "time": "2025-07-15T13:27:31.120402Z", "fetched_at": "2025-07-15T13:30:09.234965+00:00", "symbol": "DOGE-USD"}, {"trade_id": 139117438, "side": "buy", "size": "7712.90000000", "price": "0.19409000", "time": "2025-07-15T13:27:31.120402Z", "fetched_at": "2025-07-15T13:30:09.234965+00:00", "symbol": "DOGE-USD"}, {"trade_id": 139117437, "side": "buy", "size": "29.80000000", "price": "0.19410000", "time": "2025-07-15T13:27:31.120402Z", "fetched_at": "2025-07-15T13:30:09.234965+00:00", "symbol": "DOGE-USD"}, {"trade_id": 139117436, "side": "buy", "size": "361.80000000", "price": "0.19410000", "time": "2025-07-15T13:27:31.120402Z", "fetched_at": "2025-07-15T13:30:09.234965+00:00", "symbol": "DOGE-USD"}, {"trade_id": 139117435, "side": "buy", "size": "1302.60000000", "price": "0.19410000", "time": "2025-07-15T13:27:31.120402Z", "fetched_at": "2025-07-15T13:30:09.234965+00:00", "symbol": "DOGE-USD"}, {"trade_id": 139117434, "side": "buy", "size": "324.40000000", "price": "0.19410000", "time": "2025-07-15T13:27:30.633731Z", "fetched_at": "2025-07-15T13:30:09.234965+00:00", "symbol": "DOGE-USD"}, {"trade_id": 139117433, "side": "buy", "size": "5.70000000", "price": "0.19410000", "time": "2025-07-15T13:27:30.633731Z", "fetched_at": "2025-07-15T13:30:09.234965+00:00", "symbol": "DOGE-USD"}, {"trade_id": 139117432, "side": "buy", "size": "959.40000000", "price": "0.19413000", "time": "2025-07-15T13:27:29.367126Z", "fetched_at": "2025-07-15T13:30:09.234965+00:00", "symbol": "DOGE-USD"}, {"trade_id": 139117431, "side": "sell", "size": "4388.80000000", "price": "0.19412000", "time": "2025-07-15T13:27:21.369277Z", "fetched_at": "2025-07-15T13:30:09.234965+00:00", "symbol": "DOGE-USD"}, {"trade_id": 139117430, "side": "sell", "size": "1807.10000000", "price": "0.19412000", "time": "2025-07-15T13:27:21.369277Z", "fetched_at": "2025-07-15T13:30:09.234965+00:00", "symbol": "DOGE-USD"}, {"trade_id": 139117429, "side": "sell", "size": "7239.70000000", "price": "0.19412000", "time": "2025-07-15T13:27:21.369277Z", "fetched_at": "2025-07-15T13:30:09.234965+00:00", "symbol": "DOGE-USD"}, {"trade_id": 139117428, "side": "sell", "size": "5.70000000", "price": "0.19412000", "time": "2025-07-15T13:27:21.369277Z", "fetched_at": "2025-07-15T13:30:09.234965+00:00", "symbol": "DOGE-USD"}, {"trade_id": 139117427, "side": "sell", "size": "20.20000000", "price": "0.19411000", "time": "2025-07-15T13:27:21.369277Z", "fetched_at": "2025-07-15T13:30:09.234965+00:00", "symbol": "DOGE-USD"}, {"trade_id": 139117426, "side": "sell", "size": "19208.60000000", "price": "0.19410000", "time": "2025-07-15T13:27:18.955070Z", "fetched_at": "2025-07-15T13:30:09.234965+00:00", "symbol": "DOGE-USD"}, {"trade_id": 139117425, "side": "sell", "size": "2000.00000000", "price": "0.19407000", "time": "2025-07-15T13:27:18.810499Z", "fetched_at": "2025-07-15T13:30:09.234965+00:00", "symbol": "DOGE-USD"}, {"trade_id": 139117424, "side": "buy", "size": "5.70000000", "price": "0.19406000", "time": "2025-07-15T13:27:16.019017Z", "fetched_at": "2025-07-15T13:30:09.234965+00:00", "symbol": "DOGE-USD"}, {"trade_id": 139117423, "side": "buy", "size": "992.90000000", "price": "0.19408000", "time": "2025-07-15T13:27:10.809646Z", "fetched_at": "2025-07-15T13:30:09.234965+00:00", "symbol": "DOGE-USD"}, {"trade_id": 139117422, "side": "buy", "size": "5.70000000", "price": "0.19408000", "time": "2025-07-15T13:27:10.809646Z", "fetched_at": "2025-07-15T13:30:09.234965+00:00", "symbol": "DOGE-USD"}, {"trade_id": 139117421, "side": "buy", "size": "45.20000000", "price": "0.19409000", "time": "2025-07-15T13:27:10.809646Z", "fetched_at": "2025-07-15T13:30:09.234965+00:00", "symbol": "DOGE-USD"}, {"trade_id": 139117420, "side": "buy", "size": "5.70000000", "price": "0.19410000", "time": "2025-07-15T13:27:10.809646Z", "fetched_at": "2025-07-15T13:30:09.234965+00:00", "symbol": "DOGE-USD"}, {"trade_id": 139117419, "side": "buy", "size": "5.70000000", "price": "0.19412000", "time": "2025-07-15T13:27:10.809646Z", "fetched_at": "2025-07-15T13:30:09.234965+00:00", "symbol": "DOGE-USD"}, {"trade_id": 139117418, "side": "sell", "size": "87.30000000", "price": "0.19413000", "time": "2025-07-15T13:27:10.796389Z", "fetched_at": "2025-07-15T13:30:09.234965+00:00", "symbol": "DOGE-USD"}, {"trade_id": 139117417, "side": "buy", "size": "321.70000000", "price": "0.19414000", "time": "2025-07-15T13:27:09.374047Z", "fetched_at": "2025-07-15T13:30:09.234965+00:00", "symbol": "DOGE-USD"}, {"trade_id": 139117416, "side": "buy", "size": "5.70000000", "price": "0.19414000", "time": "2025-07-15T13:27:09.374047Z", "fetched_at": "2025-07-15T13:30:09.234965+00:00", "symbol": "DOGE-USD"}, {"trade_id": 139117415, "side": "buy", "size": "45.60000000", "price": "0.19415000", "time": "2025-07-15T13:27:09.374047Z", "fetched_at": "2025-07-15T13:30:09.234965+00:00", "symbol": "DOGE-USD"}, {"trade_id": 139117414, "side": "buy", "size": "5.70000000", "price": "0.19416000", "time": "2025-07-15T13:27:09.374047Z", "fetched_at": "2025-07-15T13:30:09.234965+00:00", "symbol": "DOGE-USD"}, {"trade_id": 139117413, "side": "buy", "size": "52.20000000", "price": "0.19418000", "time": "2025-07-15T13:27:07.730782Z", "fetched_at": "2025-07-15T13:30:09.234965+00:00", "symbol": "DOGE-USD"}, {"trade_id": 139117412, "side": "buy", "size": "5.70000000", "price": "0.19418000", "time": "2025-07-15T13:27:07.730782Z", "fetched_at": "2025-07-15T13:30:09.234965+00:00", "symbol": "DOGE-USD"}, {"trade_id": 139117411, "side": "buy", "size": "928.60000000", "price": "0.19419000", "time": "2025-07-15T13:27:07.730782Z", "fetched_at": "2025-07-15T13:30:09.234965+00:00", "symbol": "DOGE-USD"}, {"trade_id": 139117410, "side": "buy", "size": "5.70000000", "price": "0.19420000", "time": "2025-07-15T13:27:07.730782Z", "fetched_at": "2025-07-15T13:30:09.234965+00:00", "symbol": "DOGE-USD"}, {"trade_id": 139117409, "side": "buy", "size": "1447.40000000", "price": "0.19422000", "time": "2025-07-15T13:27:07.716732Z", "fetched_at": "2025-07-15T13:30:09.234965+00:00", "symbol": "DOGE-USD"}, {"trade_id": 139117408, "side": "sell", "size": "36.80000000", "price": "0.19421000", "time": "2025-07-15T13:27:06.694129Z", "fetched_at": "2025-07-15T13:30:09.234965+00:00", "symbol": "DOGE-USD"}, {"trade_id": 139117407, "side": "sell", "size": "14.20000000", "price": "0.19421000", "time": "2025-07-15T13:27:06.694129Z", "fetched_at": "2025-07-15T13:30:09.234965+00:00", "symbol": "DOGE-USD"}, {"trade_id": 139117406, "side": "buy", "size": "5.70000000", "price": "0.19422000", "time": "2025-07-15T13:27:04.840637Z", "fetched_at": "2025-07-15T13:30:09.234965+00:00", "symbol": "DOGE-USD"}, {"trade_id": 139117405, "side": "buy", "size": "19175.10000000", "price": "0.19424000", "time": "2025-07-15T13:27:02.995088Z", "fetched_at": "2025-07-15T13:30:09.234965+00:00", "symbol": "DOGE-USD"}, {"trade_id": 139117404, "side": "buy", "size": "19175.10000000", "price": "0.19424000", "time": "2025-07-15T13:27:02.995088Z", "fetched_at": "2025-07-15T13:30:09.234965+00:00", "symbol": "DOGE-USD"}, {"trade_id": 139117403, "side": "sell", "size": "928.60000000", "price": "0.19427000", "time": "2025-07-15T13:27:01.292876Z", "fetched_at": "2025-07-15T13:30:09.234965+00:00", "symbol": "DOGE-USD"}, {"trade_id": 139117402, "side": "sell", "size": "13.50000000", "price": "0.19426000", "time": "2025-07-15T13:27:01.292876Z", "fetched_at": "2025-07-15T13:30:09.234965+00:00", "symbol": "DOGE-USD"}, {"trade_id": 139117401, "side": "buy", "size": "935.40000000", "price": "0.19422000", "time": "2025-07-15T13:27:00.308648Z", "fetched_at": "2025-07-15T13:30:09.234965+00:00", "symbol": "DOGE-USD"}, {"trade_id": 139117400, "side": "buy", "size": "5.70000000", "price": "0.19422000", "time": "2025-07-15T13:27:00.308648Z", "fetched_at": "2025-07-15T13:30:09.234965+00:00", "symbol": "DOGE-USD"}, {"trade_id": 139117399, "side": "buy", "size": "52.20000000", "price": "0.19423000", "time": "2025-07-15T13:27:00.308648Z", "fetched_at": "2025-07-15T13:30:09.234965+00:00", "symbol": "DOGE-USD"}, {"trade_id": 139117398, "side": "buy", "size": "5.70000000", "price": "0.19424000", "time": "2025-07-15T13:27:00.308648Z", "fetched_at": "2025-07-15T13:30:09.234965+00:00", "symbol": "DOGE-USD"}, {"trade_id": 139117397, "side": "sell", "size": "11.50000000", "price": "0.19435000", "time": "2025-07-15T13:26:58.069528Z", "fetched_at": "2025-07-15T13:30:09.234965+00:00", "symbol": "DOGE-USD"}, {"trade_id": 139117396, "side": "sell", "size": "146.10000000", "price": "0.19435000", "time": "2025-07-15T13:26:58.069528Z", "fetched_at": "2025-07-15T13:30:09.234965+00:00", "symbol": "DOGE-USD"}, {"trade_id": 139117395, "side": "sell", "size": "5.70000000", "price": "0.19434000", "time": "2025-07-15T13:26:58.065246Z", "fetched_at": "2025-07-15T13:30:09.234965+00:00", "symbol": "DOGE-USD"}, {"trade_id": 139117394, "side": "sell", "size": "48.40000000", "price": "0.19434000", "time": "2025-07-15T13:26:58.065246Z", "fetched_at": "2025-07-15T13:30:09.234965+00:00", "symbol": "DOGE-USD"}, {"trade_id": 139117393, "side": "sell", "size": "11.90000000", "price": "0.19432000", "time": "2025-07-15T13:26:55.929084Z", "fetched_at": "2025-07-15T13:30:09.234965+00:00", "symbol": "DOGE-USD"}, {"trade_id": 139117392, "side": "sell", "size": "5.70000000", "price": "0.19432000", "time": "2025-07-15T13:26:55.929084Z", "fetched_at": "2025-07-15T13:30:09.234965+00:00", "symbol": "DOGE-USD"}, {"trade_id": 139117391, "side": "sell", "size": "5.70000000", "price": "0.19430000", "time": "2025-07-15T13:26:55.345286Z", "fetched_at": "2025-07-15T13:30:09.234965+00:00", "symbol": "DOGE-USD"}, {"trade_id": 139117390, "side": "sell", "size": "108.50000000", "price": "0.19426000", "time": "2025-07-15T13:26:52.512895Z", "fetched_at": "2025-07-15T13:30:09.234965+00:00", "symbol": "DOGE-USD"}, {"trade_id": 139117389, "side": "sell", "size": "13.60000000", "price": "0.19426000", "time": "2025-07-15T13:26:52.512895Z", "fetched_at": "2025-07-15T13:30:09.234965+00:00", "symbol": "DOGE-USD"}, {"trade_id": 139117388, "side": "sell", "size": "9.70000000", "price": "0.19429000", "time": "2025-07-15T13:26:52.239107Z", "fetched_at": "2025-07-15T13:30:09.234965+00:00", "symbol": "DOGE-USD"}, {"trade_id": 139117387, "side": "sell", "size": "14.50000000", "price": "0.19429000", "time": "2025-07-15T13:26:52.239107Z", "fetched_at": "2025-07-15T13:30:09.234965+00:00", "symbol": "DOGE-USD"}, {"trade_id": 139117386, "side": "sell", "size": "59.40000000", "price": "0.19429000", "time": "2025-07-15T13:26:51.451987Z", "fetched_at": "2025-07-15T13:30:09.234965+00:00", "symbol": "DOGE-USD"}, {"trade_id": 139117385, "side": "sell", "size": "15.60000000", "price": "0.19429000", "time": "2025-07-15T13:26:51.451987Z", "fetched_at": "2025-07-15T13:30:09.234965+00:00", "symbol": "DOGE-USD"}, {"trade_id": 139117384, "side": "sell", "size": "5.70000000", "price": "0.19430000", "time": "2025-07-15T13:26:48.039389Z", "fetched_at": "2025-07-15T13:30:09.234965+00:00", "symbol": "DOGE-USD"}, {"trade_id": 139117383, "side": "sell", "size": "5.70000000", "price": "0.19428000", "time": "2025-07-15T13:26:47.975800Z", "fetched_at": "2025-07-15T13:30:09.234965+00:00", "symbol": "DOGE-USD"}, {"trade_id": 139117382, "side": "sell", "size": "928.60000000", "price": "0.19427000", "time": "2025-07-15T13:26:46.818784Z", "fetched_at": "2025-07-15T13:30:09.234965+00:00", "symbol": "DOGE-USD"}, {"trade_id": 139117381, "side": "sell", "size": "10296.40000000", "price": "0.19427000", "time": "2025-07-15T13:26:46.818784Z", "fetched_at": "2025-07-15T13:30:09.234965+00:00", "symbol": "DOGE-USD"}, {"trade_id": 139117380, "side": "sell", "size": "19.10000000", "price": "0.19426000", "time": "2025-07-15T13:26:46.818784Z", "fetched_at": "2025-07-15T13:30:09.234965+00:00", "symbol": "DOGE-USD"}, {"trade_id": 139117379, "side": "sell", "size": "5.70000000", "price": "0.19426000", "time": "2025-07-15T13:26:46.818784Z", "fetched_at": "2025-07-15T13:30:09.234965+00:00", "symbol": "DOGE-USD"}, {"trade_id": 139117378, "side": "buy", "size": "132.40000000", "price": "0.19420000", "time": "2025-07-15T13:26:44.168774Z", "fetched_at": "2025-07-15T13:30:09.234965+00:00", "symbol": "DOGE-USD"}, {"trade_id": 139117377, "side": "buy", "size": "515.00000000", "price": "0.19423000", "time": "2025-07-15T13:26:43.635069Z", "fetched_at": "2025-07-15T13:30:09.234965+00:00", "symbol": "DOGE-USD"}, {"trade_id": 139117376, "side": "buy", "size": "332.00000000", "price": "0.19423000", "time": "2025-07-15T13:26:43.635069Z", "fetched_at": "2025-07-15T13:30:09.234965+00:00", "symbol": "DOGE-USD"}, {"trade_id": 139117375, "side": "sell", "size": "14.30000000", "price": "0.19424000", "time": "2025-07-15T13:26:42.678389Z", "fetched_at": "2025-07-15T13:30:09.234965+00:00", "symbol": "DOGE-USD"}, {"trade_id": 139117374, "side": "sell", "size": "5.70000000", "price": "0.19424000", "time": "2025-07-15T13:26:42.678389Z", "fetched_at": "2025-07-15T13:30:09.234965+00:00", "symbol": "DOGE-USD"}, {"trade_id": 139117373, "side": "sell", "size": "5.70000000", "price": "0.19422000", "time": "2025-07-15T13:26:42.627675Z", "fetched_at": "2025-07-15T13:30:09.234965+00:00", "symbol": "DOGE-USD"}, {"trade_id": 139117372, "side": "sell", "size": "5.70000000", "price": "0.19420000", "time": "2025-07-15T13:26:42.207279Z", "fetched_at": "2025-07-15T13:30:09.234965+00:00", "symbol": "DOGE-USD"}, {"trade_id": 139117371, "side": "sell", "size": "5.70000000", "price": "0.19418000", "time": "2025-07-15T13:26:41.918682Z", "fetched_at": "2025-07-15T13:30:09.234965+00:00", "symbol": "DOGE-USD"}, {"trade_id": 139117370, "side": "sell", "size": "5.70000000", "price": "0.19416000", "time": "2025-07-15T13:26:41.832379Z", "fetched_at": "2025-07-15T13:30:09.234965+00:00", "symbol": "DOGE-USD"}, {"trade_id": 139117369, "side": "sell", "size": "5.70000000", "price": "0.19414000", "time": "2025-07-15T13:26:41.105458Z", "fetched_at": "2025-07-15T13:30:09.234965+00:00", "symbol": "DOGE-USD"}, {"trade_id": 139117368, "side": "sell", "size": "5.70000000", "price": "0.19412000", "time": "2025-07-15T13:26:38.851476Z", "fetched_at": "2025-07-15T13:30:09.234965+00:00", "symbol": "DOGE-USD"}, {"trade_id": 139117367, "side": "sell", "size": "3429.70000000", "price": "0.19410000", "time": "2025-07-15T13:26:38.690993Z", "fetched_at": "2025-07-15T13:30:09.234965+00:00", "symbol": "DOGE-USD"}, {"trade_id": 139117366, "side": "sell", "size": "1807.10000000", "price": "0.19410000", "time": "2025-07-15T13:26:38.690993Z", "fetched_at": "2025-07-15T13:30:09.234965+00:00", "symbol": "DOGE-USD"}, {"trade_id": 139117365, "side": "sell", "size": "2000.00000000", "price": "0.19410000", "time": "2025-07-15T13:26:38.690993Z", "fetched_at": "2025-07-15T13:30:09.234965+00:00", "symbol": "DOGE-USD"}, {"trade_id": 139117364, "side": "sell", "size": "1807.10000000", "price": "0.19409000", "time": "2025-07-15T13:26:38.690993Z", "fetched_at": "2025-07-15T13:30:09.234965+00:00", "symbol": "DOGE-USD"}, {"trade_id": 139117363, "side": "sell", "size": "19.30000000", "price": "0.19408000", "time": "2025-07-15T13:26:38.690993Z", "fetched_at": "2025-07-15T13:30:09.234965+00:00", "symbol": "DOGE-USD"}, {"trade_id": 139117362, "side": "buy", "size": "5.70000000", "price": "0.19408000", "time": "2025-07-15T13:26:35.879322Z", "fetched_at": "2025-07-15T13:30:09.234965+00:00", "symbol": "DOGE-USD"}, {"trade_id": 139117361, "side": "buy", "size": "5.70000000", "price": "0.19410000", "time": "2025-07-15T13:26:35.607320Z", "fetched_at": "2025-07-15T13:30:09.234965+00:00", "symbol": "DOGE-USD"}, {"trade_id": 139117360, "side": "buy", "size": "1523.50000000", "price": "0.19415000", "time": "2025-07-15T13:26:26.270033Z", "fetched_at": "2025-07-15T13:30:09.234965+00:00", "symbol": "DOGE-USD"}, {"trade_id": 139117359, "side": "buy", "size": "657.80000000", "price": "0.19415000", "time": "2025-07-15T13:26:26.270033Z", "fetched_at": "2025-07-15T13:30:09.234965+00:00", "symbol": "DOGE-USD"}, {"trade_id": 139117358, "side": "buy", "size": "325.80000000", "price": "0.19415000", "time": "2025-07-15T13:26:26.270033Z", "fetched_at": "2025-07-15T13:30:09.234965+00:00", "symbol": "DOGE-USD"}, {"trade_id": 139117357, "side": "buy", "size": "332.00000000", "price": "0.19415000", "time": "2025-07-15T13:26:26.270033Z", "fetched_at": "2025-07-15T13:30:09.234965+00:00", "symbol": "DOGE-USD"}, {"trade_id": 139117356, "side": "sell", "size": "2500.00000000", "price": "0.19421000", "time": "2025-07-15T13:26:24.139318Z", "fetched_at": "2025-07-15T13:30:09.234965+00:00", "symbol": "DOGE-USD"}, {"trade_id": 139117355, "side": "sell", "size": "928.60000000", "price": "0.19420000", "time": "2025-07-15T13:26:24.139318Z", "fetched_at": "2025-07-15T13:30:09.234965+00:00", "symbol": "DOGE-USD"}, {"trade_id": 139117354, "side": "sell", "size": "2000.00000000", "price": "0.19420000", "time": "2025-07-15T13:26:24.139318Z", "fetched_at": "2025-07-15T13:30:09.234965+00:00", "symbol": "DOGE-USD"}, {"trade_id": 139117353, "side": "sell", "size": "5.70000000", "price": "0.19420000", "time": "2025-07-15T13:26:24.139318Z", "fetched_at": "2025-07-15T13:30:09.234965+00:00", "symbol": "DOGE-USD"}, {"trade_id": 139117352, "side": "sell", "size": "10297.50000000", "price": "0.19419000", "time": "2025-07-15T13:26:24.137356Z", "fetched_at": "2025-07-15T13:30:09.234965+00:00", "symbol": "DOGE-USD"}, {"trade_id": 139117351, "side": "sell", "size": "23.20000000", "price": "0.19418000", "time": "2025-07-15T13:26:24.137356Z", "fetched_at": "2025-07-15T13:30:09.234965+00:00", "symbol": "DOGE-USD"}, {"trade_id": 139117350, "side": "sell", "size": "5.70000000", "price": "0.19418000", "time": "2025-07-15T13:26:19.283633Z", "fetched_at": "2025-07-15T13:30:09.234965+00:00", "symbol": "DOGE-USD"}, {"trade_id": 139117349, "side": "sell", "size": "5.70000000", "price": "0.19416000", "time": "2025-07-15T13:26:18.985418Z", "fetched_at": "2025-07-15T13:30:09.234965+00:00", "symbol": "DOGE-USD"}, {"trade_id": 139117348, "side": "sell", "size": "5.70000000", "price": "0.19414000", "time": "2025-07-15T13:26:18.478461Z", "fetched_at": "2025-07-15T13:30:09.234965+00:00", "symbol": "DOGE-USD"}, {"trade_id": 139117347, "side": "sell", "size": "5.70000000", "price": "0.19412000", "time": "2025-07-15T13:26:14.569773Z", "fetched_at": "2025-07-15T13:30:09.234965+00:00", "symbol": "DOGE-USD"}, {"trade_id": 139117346, "side": "sell", "size": "48.90000000", "price": "0.19410000", "time": "2025-07-15T13:26:12.286053Z", "fetched_at": "2025-07-15T13:30:09.234965+00:00", "symbol": "DOGE-USD"}, {"trade_id": 139117345, "side": "buy", "size": "348.70000000", "price": "0.19405000", "time": "2025-07-15T13:26:12.034662Z", "fetched_at": "2025-07-15T13:30:09.234965+00:00", "symbol": "DOGE-USD"}, {"trade_id": 139117344, "side": "buy", "size": "928.60000000", "price": "0.19405000", "time": "2025-07-15T13:26:12.034662Z", "fetched_at": "2025-07-15T13:30:09.234965+00:00", "symbol": "DOGE-USD"}, {"trade_id": 139117343, "side": "buy", "size": "919.10000000", "price": "0.19406000", "time": "2025-07-15T13:26:12.034662Z", "fetched_at": "2025-07-15T13:30:09.234965+00:00", "symbol": "DOGE-USD"}, {"trade_id": 139117342, "side": "buy", "size": "515.00000000", "price": "0.19406000", "time": "2025-07-15T13:26:12.034662Z", "fetched_at": "2025-07-15T13:30:09.234965+00:00", "symbol": "DOGE-USD"}, {"trade_id": 139117341, "side": "buy", "size": "1412.20000000", "price": "0.19407000", "time": "2025-07-15T13:26:12.034662Z", "fetched_at": "2025-07-15T13:30:09.234965+00:00", "symbol": "DOGE-USD"}, {"trade_id": 139117340, "side": "buy", "size": "47.90000000", "price": "0.19407000", "time": "2025-07-15T13:26:12.034662Z", "fetched_at": "2025-07-15T13:30:09.234965+00:00", "symbol": "DOGE-USD"}, {"trade_id": 139117339, "side": "buy", "size": "1569.70000000", "price": "0.19408000", "time": "2025-07-15T13:26:12.034662Z", "fetched_at": "2025-07-15T13:30:09.234965+00:00", "symbol": "DOGE-USD"}, {"trade_id": 139117338, "side": "buy", "size": "183.00000000", "price": "0.19409000", "time": "2025-07-15T13:26:12.034662Z", "fetched_at": "2025-07-15T13:30:09.234965+00:00", "symbol": "DOGE-USD"}, {"trade_id": 139117337, "side": "sell", "size": "161.40000000", "price": "0.19408000", "time": "2025-07-15T13:26:09.086330Z", "fetched_at": "2025-07-15T13:30:09.234965+00:00", "symbol": "DOGE-USD"}, {"trade_id": 139117336, "side": "sell", "size": "146.40000000", "price": "0.19411000", "time": "2025-07-15T13:26:07.199565Z", "fetched_at": "2025-07-15T13:30:09.234965+00:00", "symbol": "DOGE-USD"}, {"trade_id": 139117335, "side": "sell", "size": "21.40000000", "price": "0.19411000", "time": "2025-07-15T13:26:07.199565Z", "fetched_at": "2025-07-15T13:30:09.234965+00:00", "symbol": "DOGE-USD"}, {"trade_id": 139117334, "side": "sell", "size": "5.70000000", "price": "0.19410000", "time": "2025-07-15T13:26:07.199565Z", "fetched_at": "2025-07-15T13:30:09.234965+00:00", "symbol": "DOGE-USD"}, {"trade_id": 139117333, "side": "buy", "size": "17.70000000", "price": "0.19409000", "time": "2025-07-15T13:26:07.167980Z", "fetched_at": "2025-07-15T13:30:09.234965+00:00", "symbol": "DOGE-USD"}, {"trade_id": 139117332, "side": "sell", "size": "5.70000000", "price": "0.19408000", "time": "2025-07-15T13:26:06.144239Z", "fetched_at": "2025-07-15T13:30:09.234965+00:00", "symbol": "DOGE-USD"}, {"trade_id": 139117331, "side": "sell", "size": "5.70000000", "price": "0.19406000", "time": "2025-07-15T13:26:04.392704Z", "fetched_at": "2025-07-15T13:30:09.234965+00:00", "symbol": "DOGE-USD"}, {"trade_id": 139117330, "side": "sell", "size": "241.20000000", "price": "0.19405000", "time": "2025-07-15T13:26:03.252214Z", "fetched_at": "2025-07-15T13:30:09.234965+00:00", "symbol": "DOGE-USD"}, {"trade_id": 139117329, "side": "sell", "size": "27.50000000", "price": "0.19404000", "time": "2025-07-15T13:26:03.252214Z", "fetched_at": "2025-07-15T13:30:09.234965+00:00", "symbol": "DOGE-USD"}, {"trade_id": 139117328, "side": "sell", "size": "5.70000000", "price": "0.19404000", "time": "2025-07-15T13:26:01.240258Z", "fetched_at": "2025-07-15T13:30:09.234965+00:00", "symbol": "DOGE-USD"}, {"trade_id": 139117327, "side": "sell", "size": "2000.00000000", "price": "0.19403000", "time": "2025-07-15T13:25:57.629837Z", "fetched_at": "2025-07-15T13:30:09.234965+00:00", "symbol": "DOGE-USD"}, {"trade_id": 139117326, "side": "sell", "size": "26.60000000", "price": "0.19403000", "time": "2025-07-15T13:25:57.629837Z", "fetched_at": "2025-07-15T13:30:09.234965+00:00", "symbol": "DOGE-USD"}, {"trade_id": 139117325, "side": "sell", "size": "15.30000000", "price": "0.19402000", "time": "2025-07-15T13:25:56.529585Z", "fetched_at": "2025-07-15T13:30:09.234965+00:00", "symbol": "DOGE-USD"}, {"trade_id": 139117324, "side": "buy", "size": "5.70000000", "price": "0.19400000", "time": "2025-07-15T13:25:53.692933Z", "fetched_at": "2025-07-15T13:30:09.234965+00:00", "symbol": "DOGE-USD"}, {"trade_id": 139117323, "side": "buy", "size": "154.70000000", "price": "0.19402000", "time": "2025-07-15T13:25:51.315639Z", "fetched_at": "2025-07-15T13:30:09.234965+00:00", "symbol": "DOGE-USD"}, {"trade_id": 139117322, "side": "buy", "size": "1620.80000000", "price": "0.19402000", "time": "2025-07-15T13:25:51.315639Z", "fetched_at": "2025-07-15T13:30:09.234965+00:00", "symbol": "DOGE-USD"}, {"trade_id": 139117321, "side": "buy", "size": "5.70000000", "price": "0.19402000", "time": "2025-07-15T13:25:51.315639Z", "fetched_at": "2025-07-15T13:30:09.234965+00:00", "symbol": "DOGE-USD"}, {"trade_id": 139117320, "side": "buy", "size": "5.70000000", "price": "0.19404000", "time": "2025-07-15T13:25:51.315639Z", "fetched_at": "2025-07-15T13:30:09.234965+00:00", "symbol": "DOGE-USD"}, {"trade_id": 139117319, "side": "buy", "size": "5148.40000000", "price": "0.19406000", "time": "2025-07-15T13:25:51.215323Z", "fetched_at": "2025-07-15T13:30:09.234965+00:00", "symbol": "DOGE-USD"}, {"trade_id": 139117318, "side": "buy", "size": "5.70000000", "price": "0.19406000", "time": "2025-07-15T13:25:51.215323Z", "fetched_at": "2025-07-15T13:30:09.234965+00:00", "symbol": "DOGE-USD"}, {"trade_id": 139117317, "side": "buy", "size": "1142.70000000", "price": "0.19406000", "time": "2025-07-15T13:25:51.215323Z", "fetched_at": "2025-07-15T13:30:09.234965+00:00", "symbol": "DOGE-USD"}, {"trade_id": 139117316, "side": "buy", "size": "4000.00000000", "price": "0.19406000", "time": "2025-07-15T13:25:51.213580Z", "fetched_at": "2025-07-15T13:30:09.234965+00:00", "symbol": "DOGE-USD"}, {"trade_id": 139117315, "side": "buy", "size": "5.70000000", "price": "0.19408000", "time": "2025-07-15T13:25:50.809061Z", "fetched_at": "2025-07-15T13:30:09.234965+00:00", "symbol": "DOGE-USD"}, {"trade_id": 139117314, "side": "buy", "size": "5.70000000", "price": "0.19410000", "time": "2025-07-15T13:25:50.215688Z", "fetched_at": "2025-07-15T13:30:09.234965+00:00", "symbol": "DOGE-USD"}, {"trade_id": 139117313, "side": "buy", "size": "5.70000000", "price": "0.19412000", "time": "2025-07-15T13:25:50.157868Z", "fetched_at": "2025-07-15T13:30:09.234965+00:00", "symbol": "DOGE-USD"}, {"trade_id": 139117312, "side": "buy", "size": "5.70000000", "price": "0.19414000", "time": "2025-07-15T13:25:48.751924Z", "fetched_at": "2025-07-15T13:30:09.234965+00:00", "symbol": "DOGE-USD"}, {"trade_id": 139117311, "side": "buy", "size": "2140.10000000", "price": "0.19419000", "time": "2025-07-15T13:25:48.277471Z", "fetched_at": "2025-07-15T13:30:09.234965+00:00", "symbol": "DOGE-USD"}, {"trade_id": 139117310, "side": "buy", "size": "719.80000000", "price": "0.19420000", "time": "2025-07-15T13:25:45.467250Z", "fetched_at": "2025-07-15T13:30:09.234965+00:00", "symbol": "DOGE-USD"}, {"trade_id": 139117309, "side": "buy", "size": "332.00000000", "price": "0.19421000", "time": "2025-07-15T13:25:45.467250Z", "fetched_at": "2025-07-15T13:30:09.234965+00:00", "symbol": "DOGE-USD"}, {"trade_id": 139117308, "side": "sell", "size": "5.70000000", "price": "0.19420000", "time": "2025-07-15T13:25:42.046840Z", "fetched_at": "2025-07-15T13:30:09.234965+00:00", "symbol": "DOGE-USD"}, {"trade_id": 139117307, "side": "sell", "size": "5.70000000", "price": "0.19418000", "time": "2025-07-15T13:25:40.455823Z", "fetched_at": "2025-07-15T13:30:09.234965+00:00", "symbol": "DOGE-USD"}, {"trade_id": 139117306, "side": "sell", "size": "5.70000000", "price": "0.19416000", "time": "2025-07-15T13:25:40.160204Z", "fetched_at": "2025-07-15T13:30:09.234965+00:00", "symbol": "DOGE-USD"}, {"trade_id": 139117305, "side": "sell", "size": "1999.40000000", "price": "0.19415000", "time": "2025-07-15T13:25:39.086710Z", "fetched_at": "2025-07-15T13:30:09.234965+00:00", "symbol": "DOGE-USD"}, {"trade_id": 139117304, "side": "sell", "size": "1042.30000000", "price": "0.19415000", "time": "2025-07-15T13:25:39.086710Z", "fetched_at": "2025-07-15T13:30:09.234965+00:00", "symbol": "DOGE-USD"}, {"trade_id": 139117303, "side": "sell", "size": "246.50000000", "price": "0.19415000", "time": "2025-07-15T13:25:38.663296Z", "fetched_at": "2025-07-15T13:30:09.234965+00:00", "symbol": "DOGE-USD"}, {"trade_id": 139117302, "side": "sell", "size": "5.70000000", "price": "0.19414000", "time": "2025-07-15T13:25:38.563487Z", "fetched_at": "2025-07-15T13:30:09.234965+00:00", "symbol": "DOGE-USD"}, {"trade_id": 139117301, "side": "sell", "size": "19087.90000000", "price": "0.19412000", "time": "2025-07-15T13:25:37.588822Z", "fetched_at": "2025-07-15T13:30:09.234965+00:00", "symbol": "DOGE-USD"}, {"trade_id": 139117300, "side": "sell", "size": "5.70000000", "price": "0.19412000", "time": "2025-07-15T13:25:37.588822Z", "fetched_at": "2025-07-15T13:30:09.234965+00:00", "symbol": "DOGE-USD"}, {"trade_id": 139117299, "side": "sell", "size": "19.60000000", "price": "0.19411000", "time": "2025-07-15T13:25:37.588822Z", "fetched_at": "2025-07-15T13:30:09.234965+00:00", "symbol": "DOGE-USD"}, {"trade_id": 139117298, "side": "buy", "size": "890.20000000", "price": "0.19403000", "time": "2025-07-15T13:25:35.573735Z", "fetched_at": "2025-07-15T13:30:09.234965+00:00", "symbol": "DOGE-USD"}, {"trade_id": 139117297, "side": "buy", "size": "1566.00000000", "price": "0.19403000", "time": "2025-07-15T13:25:35.573735Z", "fetched_at": "2025-07-15T13:30:09.234965+00:00", "symbol": "DOGE-USD"}, {"trade_id": 139117296, "side": "buy", "size": "1287.70000000", "price": "0.19407000", "time": "2025-07-15T13:25:35.573735Z", "fetched_at": "2025-07-15T13:30:09.234965+00:00", "symbol": "DOGE-USD"}, {"trade_id": 139117295, "side": "buy", "size": "52.20000000", "price": "0.19408000", "time": "2025-07-15T13:25:35.573735Z", "fetched_at": "2025-07-15T13:30:09.234965+00:00", "symbol": "DOGE-USD"}, {"trade_id": 139117294, "side": "buy", "size": "383.20000000", "price": "0.19407000", "time": "2025-07-15T13:25:35.425953Z", "fetched_at": "2025-07-15T13:30:09.234965+00:00", "symbol": "DOGE-USD"}, {"trade_id": 139117293, "side": "buy", "size": "52.20000000", "price": "0.19408000", "time": "2025-07-15T13:25:35.425953Z", "fetched_at": "2025-07-15T13:30:09.234965+00:00", "symbol": "DOGE-USD"}, {"trade_id": 139117292, "side": "sell", "size": "5.70000000", "price": "0.19410000", "time": "2025-07-15T13:25:34.578172Z", "fetched_at": "2025-07-15T13:30:09.234965+00:00", "symbol": "DOGE-USD"}, {"trade_id": 139117291, "side": "sell", "size": "5.70000000", "price": "0.19408000", "time": "2025-07-15T13:25:34.115010Z", "fetched_at": "2025-07-15T13:30:09.234965+00:00", "symbol": "DOGE-USD"}, {"trade_id": 139117290, "side": "sell", "size": "2349.00000000", "price": "0.19406000", "time": "2025-07-15T13:25:32.983904Z", "fetched_at": "2025-07-15T13:30:09.234965+00:00", "symbol": "DOGE-USD"}, {"trade_id": 139117289, "side": "sell", "size": "199.90000000", "price": "0.19406000", "time": "2025-07-15T13:25:32.982935Z", "fetched_at": "2025-07-15T13:30:09.234965+00:00", "symbol": "DOGE-USD"}, {"trade_id": 139117288, "side": "sell", "size": "5.70000000", "price": "0.19406000", "time": "2025-07-15T13:25:32.982935Z", "fetched_at": "2025-07-15T13:30:09.234965+00:00", "symbol": "DOGE-USD"}, {"trade_id": 139117287, "side": "sell", "size": "20.50000000", "price": "0.19405000", "time": "2025-07-15T13:25:32.982935Z", "fetched_at": "2025-07-15T13:30:09.234965+00:00", "symbol": "DOGE-USD"}, {"trade_id": 139117286, "side": "sell", "size": "5.70000000", "price": "0.19404000", "time": "2025-07-15T13:25:32.974765Z", "fetched_at": "2025-07-15T13:30:09.234965+00:00", "symbol": "DOGE-USD"}, {"trade_id": 139117285, "side": "sell", "size": "1934.50000000", "price": "0.19403000", "time": "2025-07-15T13:25:32.970427Z", "fetched_at": "2025-07-15T13:30:09.234965+00:00", "symbol": "DOGE-USD"}, {"trade_id": 139117284, "side": "sell", "size": "69.20000000", "price": "0.19403000", "time": "2025-07-15T13:25:32.970427Z", "fetched_at": "2025-07-15T13:30:09.234965+00:00", "symbol": "DOGE-USD"}, {"trade_id": 139117283, "side": "sell", "size": "1378.40000000", "price": "0.19402000", "time": "2025-07-15T13:25:32.970427Z", "fetched_at": "2025-07-15T13:30:09.234965+00:00", "symbol": "DOGE-USD"}, {"trade_id": 139117282, "side": "sell", "size": "5.70000000", "price": "0.19402000", "time": "2025-07-15T13:25:32.970427Z", "fetched_at": "2025-07-15T13:30:09.234965+00:00", "symbol": "DOGE-USD"}, {"trade_id": 139117281, "side": "sell", "size": "79.80000000", "price": "0.19402000", "time": "2025-07-15T13:25:32.970427Z", "fetched_at": "2025-07-15T13:30:09.234965+00:00", "symbol": "DOGE-USD"}