[{"trade_id": 138544811, "side": "buy", "size": "5.40000000", "price": "0.20432000", "time": "2025-07-11T16:39:25.525319Z", "fetched_at": "2025-07-11T16:39:33.603160+00:00", "symbol": "DOGE-USD"}, {"trade_id": 138544810, "side": "buy", "size": "179.90000000", "price": "0.20433000", "time": "2025-07-11T16:39:25.525319Z", "fetched_at": "2025-07-11T16:39:33.603160+00:00", "symbol": "DOGE-USD"}, {"trade_id": 138544809, "side": "buy", "size": "38124.60000000", "price": "0.20434000", "time": "2025-07-11T16:39:25.522591Z", "fetched_at": "2025-07-11T16:39:33.603160+00:00", "symbol": "DOGE-USD"}, {"trade_id": 138544808, "side": "buy", "size": "200575.50000000", "price": "0.20434000", "time": "2025-07-11T16:39:25.521575Z", "fetched_at": "2025-07-11T16:39:33.603160+00:00", "symbol": "DOGE-USD"}, {"trade_id": 138544807, "side": "buy", "size": "30.80000000", "price": "0.20434000", "time": "2025-07-11T16:39:24.561264Z", "fetched_at": "2025-07-11T16:39:33.603160+00:00", "symbol": "DOGE-USD"}, {"trade_id": 138544806, "side": "buy", "size": "285.20000000", "price": "0.20438000", "time": "2025-07-11T16:39:23.563806Z", "fetched_at": "2025-07-11T16:39:33.603160+00:00", "symbol": "DOGE-USD"}, {"trade_id": 138544805, "side": "buy", "size": "33.90000000", "price": "0.20438000", "time": "2025-07-11T16:39:22.789421Z", "fetched_at": "2025-07-11T16:39:33.603160+00:00", "symbol": "DOGE-USD"}, {"trade_id": 138544804, "side": "buy", "size": "86.10000000", "price": "0.20438000", "time": "2025-07-11T16:39:22.399382Z", "fetched_at": "2025-07-11T16:39:33.603160+00:00", "symbol": "DOGE-USD"}, {"trade_id": 138544803, "side": "buy", "size": "183.00000000", "price": "0.20438000", "time": "2025-07-11T16:39:22.399382Z", "fetched_at": "2025-07-11T16:39:33.603160+00:00", "symbol": "DOGE-USD"}, {"trade_id": 138544802, "side": "buy", "size": "427.90000000", "price": "0.20432000", "time": "2025-07-11T16:39:21.188422Z", "fetched_at": "2025-07-11T16:39:33.603160+00:00", "symbol": "DOGE-USD"}, {"trade_id": 138544801, "side": "buy", "size": "5.40000000", "price": "0.20428000", "time": "2025-07-11T16:39:20.254967Z", "fetched_at": "2025-07-11T16:39:33.603160+00:00", "symbol": "DOGE-USD"}, {"trade_id": 138544800, "side": "sell", "size": "24.20000000", "price": "0.20429000", "time": "2025-07-11T16:39:20.254030Z", "fetched_at": "2025-07-11T16:39:33.603160+00:00", "symbol": "DOGE-USD"}, {"trade_id": 138544799, "side": "buy", "size": "260.20000000", "price": "0.20431000", "time": "2025-07-11T16:39:19.896879Z", "fetched_at": "2025-07-11T16:39:33.603160+00:00", "symbol": "DOGE-USD"}, {"trade_id": 138544798, "side": "buy", "size": "5.40000000", "price": "0.20432000", "time": "2025-07-11T16:39:19.868379Z", "fetched_at": "2025-07-11T16:39:33.603160+00:00", "symbol": "DOGE-USD"}, {"trade_id": 138544797, "side": "sell", "size": "11.80000000", "price": "0.20432000", "time": "2025-07-11T16:39:18.536715Z", "fetched_at": "2025-07-11T16:39:33.603160+00:00", "symbol": "DOGE-USD"}, {"trade_id": 138544796, "side": "buy", "size": "239.00000000", "price": "0.20428000", "time": "2025-07-11T16:39:17.465615Z", "fetched_at": "2025-07-11T16:39:33.603160+00:00", "symbol": "DOGE-USD"}, {"trade_id": 138544795, "side": "buy", "size": "5.40000000", "price": "0.20430000", "time": "2025-07-11T16:39:17.465615Z", "fetched_at": "2025-07-11T16:39:33.603160+00:00", "symbol": "DOGE-USD"}, {"trade_id": 138544794, "side": "buy", "size": "5.40000000", "price": "0.20432000", "time": "2025-07-11T16:39:17.446441Z", "fetched_at": "2025-07-11T16:39:33.603160+00:00", "symbol": "DOGE-USD"}, {"trade_id": 138544793, "side": "buy", "size": "583.30000000", "price": "0.20434000", "time": "2025-07-11T16:39:15.618346Z", "fetched_at": "2025-07-11T16:39:33.603160+00:00", "symbol": "DOGE-USD"}, {"trade_id": 138544792, "side": "buy", "size": "245.50000000", "price": "0.20434000", "time": "2025-07-11T16:39:15.310584Z", "fetched_at": "2025-07-11T16:39:33.603160+00:00", "symbol": "DOGE-USD"}, {"trade_id": 138544791, "side": "buy", "size": "5135.10000000", "price": "0.20434000", "time": "2025-07-11T16:39:14.664867Z", "fetched_at": "2025-07-11T16:39:33.603160+00:00", "symbol": "DOGE-USD"}, {"trade_id": 138544790, "side": "buy", "size": "4191.20000000", "price": "0.20434000", "time": "2025-07-11T16:39:14.577080Z", "fetched_at": "2025-07-11T16:39:33.603160+00:00", "symbol": "DOGE-USD"}, {"trade_id": 138544789, "side": "buy", "size": "1767.40000000", "price": "0.20434000", "time": "2025-07-11T16:39:14.577080Z", "fetched_at": "2025-07-11T16:39:33.603160+00:00", "symbol": "DOGE-USD"}, {"trade_id": 138544788, "side": "buy", "size": "248.10000000", "price": "0.20436000", "time": "2025-07-11T16:39:14.533321Z", "fetched_at": "2025-07-11T16:39:33.603160+00:00", "symbol": "DOGE-USD"}, {"trade_id": 138544787, "side": "buy", "size": "413.40000000", "price": "0.20436000", "time": "2025-07-11T16:39:14.380461Z", "fetched_at": "2025-07-11T16:39:33.603160+00:00", "symbol": "DOGE-USD"}, {"trade_id": 138544786, "side": "buy", "size": "330.90000000", "price": "0.20440000", "time": "2025-07-11T16:39:14.011828Z", "fetched_at": "2025-07-11T16:39:33.603160+00:00", "symbol": "DOGE-USD"}, {"trade_id": 138544785, "side": "buy", "size": "1402.60000000", "price": "0.20445000", "time": "2025-07-11T16:39:13.043170Z", "fetched_at": "2025-07-11T16:39:33.603160+00:00", "symbol": "DOGE-USD"}, {"trade_id": 138544784, "side": "buy", "size": "1207.90000000", "price": "0.20443000", "time": "2025-07-11T16:39:12.667299Z", "fetched_at": "2025-07-11T16:39:33.603160+00:00", "symbol": "DOGE-USD"}, {"trade_id": 138544783, "side": "buy", "size": "245.50000000", "price": "0.20443000", "time": "2025-07-11T16:39:12.576743Z", "fetched_at": "2025-07-11T16:39:33.603160+00:00", "symbol": "DOGE-USD"}, {"trade_id": 138544782, "side": "buy", "size": "245.50000000", "price": "0.20445000", "time": "2025-07-11T16:39:12.409601Z", "fetched_at": "2025-07-11T16:39:33.603160+00:00", "symbol": "DOGE-USD"}, {"trade_id": 138544781, "side": "buy", "size": "1254.50000000", "price": "0.20443000", "time": "2025-07-11T16:39:12.351578Z", "fetched_at": "2025-07-11T16:39:33.603160+00:00", "symbol": "DOGE-USD"}, {"trade_id": 138544780, "side": "sell", "size": "2000.00000000", "price": "0.20440000", "time": "2025-07-11T16:39:11.503352Z", "fetched_at": "2025-07-11T16:39:33.603160+00:00", "symbol": "DOGE-USD"}, {"trade_id": 138544779, "side": "sell", "size": "132.80000000", "price": "0.20429000", "time": "2025-07-11T16:39:08.766957Z", "fetched_at": "2025-07-11T16:39:33.603160+00:00", "symbol": "DOGE-USD"}, {"trade_id": 138544778, "side": "sell", "size": "1800.00000000", "price": "0.20435000", "time": "2025-07-11T16:39:08.308337Z", "fetched_at": "2025-07-11T16:39:33.603160+00:00", "symbol": "DOGE-USD"}, {"trade_id": 138544777, "side": "sell", "size": "7.80000000", "price": "0.20434000", "time": "2025-07-11T16:39:08.308337Z", "fetched_at": "2025-07-11T16:39:33.603160+00:00", "symbol": "DOGE-USD"}, {"trade_id": 138544776, "side": "sell", "size": "2000.00000000", "price": "0.20429000", "time": "2025-07-11T16:39:07.865048Z", "fetched_at": "2025-07-11T16:39:33.603160+00:00", "symbol": "DOGE-USD"}, {"trade_id": 138544775, "side": "sell", "size": "8109.20000000", "price": "0.20428000", "time": "2025-07-11T16:39:07.855109Z", "fetched_at": "2025-07-11T16:39:33.603160+00:00", "symbol": "DOGE-USD"}, {"trade_id": 138544774, "side": "sell", "size": "7.80000000", "price": "0.20427000", "time": "2025-07-11T16:39:07.855109Z", "fetched_at": "2025-07-11T16:39:33.603160+00:00", "symbol": "DOGE-USD"}, {"trade_id": 138544773, "side": "sell", "size": "8.60000000", "price": "0.20426000", "time": "2025-07-11T16:39:06.709788Z", "fetched_at": "2025-07-11T16:39:33.603160+00:00", "symbol": "DOGE-USD"}, {"trade_id": 138544772, "side": "buy", "size": "293.40000000", "price": "0.20425000", "time": "2025-07-11T16:39:06.442847Z", "fetched_at": "2025-07-11T16:39:33.603160+00:00", "symbol": "DOGE-USD"}, {"trade_id": 138544771, "side": "sell", "size": "767.20000000", "price": "0.20432000", "time": "2025-07-11T16:39:04.945827Z", "fetched_at": "2025-07-11T16:39:33.603160+00:00", "symbol": "DOGE-USD"}, {"trade_id": 138544770, "side": "sell", "size": "183.00000000", "price": "0.20431000", "time": "2025-07-11T16:39:04.945827Z", "fetched_at": "2025-07-11T16:39:33.603160+00:00", "symbol": "DOGE-USD"}, {"trade_id": 138544769, "side": "sell", "size": "8.90000000", "price": "0.20431000", "time": "2025-07-11T16:39:04.945827Z", "fetched_at": "2025-07-11T16:39:33.603160+00:00", "symbol": "DOGE-USD"}, {"trade_id": 138544768, "side": "sell", "size": "3000.00000000", "price": "0.20433000", "time": "2025-07-11T16:39:03.927358Z", "fetched_at": "2025-07-11T16:39:33.603160+00:00", "symbol": "DOGE-USD"}, {"trade_id": 138544767, "side": "sell", "size": "7.20000000", "price": "0.20432000", "time": "2025-07-11T16:39:03.927358Z", "fetched_at": "2025-07-11T16:39:33.603160+00:00", "symbol": "DOGE-USD"}, {"trade_id": 138544766, "side": "sell", "size": "72.20000000", "price": "0.20429000", "time": "2025-07-11T16:39:03.100768Z", "fetched_at": "2025-07-11T16:39:33.603160+00:00", "symbol": "DOGE-USD"}, {"trade_id": 138544765, "side": "buy", "size": "280.10000000", "price": "0.20419000", "time": "2025-07-11T16:39:02.343150Z", "fetched_at": "2025-07-11T16:39:33.603160+00:00", "symbol": "DOGE-USD"}, {"trade_id": 138544764, "side": "buy", "size": "245.50000000", "price": "0.20422000", "time": "2025-07-11T16:39:02.343150Z", "fetched_at": "2025-07-11T16:39:33.603160+00:00", "symbol": "DOGE-USD"}, {"trade_id": 138544763, "side": "sell", "size": "7507.80000000", "price": "0.20418000", "time": "2025-07-11T16:39:02.273391Z", "fetched_at": "2025-07-11T16:39:33.603160+00:00", "symbol": "DOGE-USD"}, {"trade_id": 138544762, "side": "sell", "size": "2492.20000000", "price": "0.20418000", "time": "2025-07-11T16:39:02.272690Z", "fetched_at": "2025-07-11T16:39:33.603160+00:00", "symbol": "DOGE-USD"}, {"trade_id": 138544761, "side": "sell", "size": "7.50000000", "price": "0.20418000", "time": "2025-07-11T16:39:02.272690Z", "fetched_at": "2025-07-11T16:39:33.603160+00:00", "symbol": "DOGE-USD"}, {"trade_id": 138544760, "side": "sell", "size": "675.70000000", "price": "0.20420000", "time": "2025-07-11T16:39:01.605683Z", "fetched_at": "2025-07-11T16:39:33.603160+00:00", "symbol": "DOGE-USD"}, {"trade_id": 138544759, "side": "sell", "size": "2000.00000000", "price": "0.20419000", "time": "2025-07-11T16:39:01.596459Z", "fetched_at": "2025-07-11T16:39:33.603160+00:00", "symbol": "DOGE-USD"}, {"trade_id": 138544758, "side": "sell", "size": "41.00000000", "price": "0.20418000", "time": "2025-07-11T16:39:01.596459Z", "fetched_at": "2025-07-11T16:39:33.603160+00:00", "symbol": "DOGE-USD"}, {"trade_id": 138544757, "side": "buy", "size": "5.40000000", "price": "0.20420000", "time": "2025-07-11T16:39:01.543915Z", "fetched_at": "2025-07-11T16:39:33.603160+00:00", "symbol": "DOGE-USD"}, {"trade_id": 138544756, "side": "buy", "size": "5.40000000", "price": "0.20424000", "time": "2025-07-11T16:39:01.456246Z", "fetched_at": "2025-07-11T16:39:33.603160+00:00", "symbol": "DOGE-USD"}, {"trade_id": 138544755, "side": "buy", "size": "5.40000000", "price": "0.20436000", "time": "2025-07-11T16:39:00.742045Z", "fetched_at": "2025-07-11T16:39:33.603160+00:00", "symbol": "DOGE-USD"}, {"trade_id": 138544754, "side": "buy", "size": "5.40000000", "price": "0.20440000", "time": "2025-07-11T16:39:00.701915Z", "fetched_at": "2025-07-11T16:39:33.603160+00:00", "symbol": "DOGE-USD"}, {"trade_id": 138544753, "side": "buy", "size": "1002.30000000", "price": "0.20444000", "time": "2025-07-11T16:39:00.635954Z", "fetched_at": "2025-07-11T16:39:33.603160+00:00", "symbol": "DOGE-USD"}, {"trade_id": 138544752, "side": "buy", "size": "697.10000000", "price": "0.20444000", "time": "2025-07-11T16:39:00.349413Z", "fetched_at": "2025-07-11T16:39:33.603160+00:00", "symbol": "DOGE-USD"}, {"trade_id": 138544751, "side": "buy", "size": "5.40000000", "price": "0.20444000", "time": "2025-07-11T16:39:00.349413Z", "fetched_at": "2025-07-11T16:39:33.603160+00:00", "symbol": "DOGE-USD"}, {"trade_id": 138544750, "side": "buy", "size": "5.40000000", "price": "0.20448000", "time": "2025-07-11T16:39:00.345359Z", "fetched_at": "2025-07-11T16:39:33.603160+00:00", "symbol": "DOGE-USD"}, {"trade_id": 138544749, "side": "buy", "size": "1411.80000000", "price": "0.20450000", "time": "2025-07-11T16:39:00.292239Z", "fetched_at": "2025-07-11T16:39:33.603160+00:00", "symbol": "DOGE-USD"}, {"trade_id": 138544748, "side": "buy", "size": "1885.50000000", "price": "0.20451000", "time": "2025-07-11T16:39:00.259634Z", "fetched_at": "2025-07-11T16:39:33.603160+00:00", "symbol": "DOGE-USD"}, {"trade_id": 138544747, "side": "buy", "size": "72.20000000", "price": "0.20451000", "time": "2025-07-11T16:39:00.259634Z", "fetched_at": "2025-07-11T16:39:33.603160+00:00", "symbol": "DOGE-USD"}, {"trade_id": 138544746, "side": "buy", "size": "231.00000000", "price": "0.20452000", "time": "2025-07-11T16:39:00.259634Z", "fetched_at": "2025-07-11T16:39:33.603160+00:00", "symbol": "DOGE-USD"}, {"trade_id": 138544745, "side": "buy", "size": "5.40000000", "price": "0.20452000", "time": "2025-07-11T16:39:00.259634Z", "fetched_at": "2025-07-11T16:39:33.603160+00:00", "symbol": "DOGE-USD"}, {"trade_id": 138544744, "side": "buy", "size": "9313.90000000", "price": "0.20453000", "time": "2025-07-11T16:39:00.248820Z", "fetched_at": "2025-07-11T16:39:33.603160+00:00", "symbol": "DOGE-USD"}, {"trade_id": 138544743, "side": "buy", "size": "5366.10000000", "price": "0.20454000", "time": "2025-07-11T16:39:00.248146Z", "fetched_at": "2025-07-11T16:39:33.603160+00:00", "symbol": "DOGE-USD"}, {"trade_id": 138544742, "side": "buy", "size": "1777.40000000", "price": "0.20454000", "time": "2025-07-11T16:39:00.248146Z", "fetched_at": "2025-07-11T16:39:33.603160+00:00", "symbol": "DOGE-USD"}, {"trade_id": 138544741, "side": "buy", "size": "789.40000000", "price": "0.20456000", "time": "2025-07-11T16:39:00.247826Z", "fetched_at": "2025-07-11T16:39:33.603160+00:00", "symbol": "DOGE-USD"}, {"trade_id": 138544740, "side": "buy", "size": "245.50000000", "price": "0.20461000", "time": "2025-07-11T16:38:59.020652Z", "fetched_at": "2025-07-11T16:39:33.603160+00:00", "symbol": "DOGE-USD"}, {"trade_id": 138544739, "side": "buy", "size": "980.10000000", "price": "0.20455000", "time": "2025-07-11T16:38:58.743316Z", "fetched_at": "2025-07-11T16:39:33.603160+00:00", "symbol": "DOGE-USD"}, {"trade_id": 138544738, "side": "sell", "size": "9281.50000000", "price": "0.20463000", "time": "2025-07-11T16:38:58.629150Z", "fetched_at": "2025-07-11T16:39:33.603160+00:00", "symbol": "DOGE-USD"}, {"trade_id": 138544737, "side": "sell", "size": "8275.90000000", "price": "0.20463000", "time": "2025-07-11T16:38:58.629150Z", "fetched_at": "2025-07-11T16:39:33.603160+00:00", "symbol": "DOGE-USD"}, {"trade_id": 138544736, "side": "sell", "size": "2500.00000000", "price": "0.20462000", "time": "2025-07-11T16:38:58.629150Z", "fetched_at": "2025-07-11T16:39:33.603160+00:00", "symbol": "DOGE-USD"}, {"trade_id": 138544735, "side": "sell", "size": "6000.00000000", "price": "0.20462000", "time": "2025-07-11T16:38:58.629150Z", "fetched_at": "2025-07-11T16:39:33.603160+00:00", "symbol": "DOGE-USD"}, {"trade_id": 138544734, "side": "sell", "size": "5000.00000000", "price": "0.20462000", "time": "2025-07-11T16:38:58.629150Z", "fetched_at": "2025-07-11T16:39:33.603160+00:00", "symbol": "DOGE-USD"}, {"trade_id": 138544733, "side": "sell", "size": "3000.00000000", "price": "0.20461000", "time": "2025-07-11T16:38:58.629150Z", "fetched_at": "2025-07-11T16:39:33.603160+00:00", "symbol": "DOGE-USD"}, {"trade_id": 138544732, "side": "sell", "size": "850.50000000", "price": "0.20461000", "time": "2025-07-11T16:38:58.629150Z", "fetched_at": "2025-07-11T16:39:33.603160+00:00", "symbol": "DOGE-USD"}, {"trade_id": 138544731, "side": "sell", "size": "1215.40000000", "price": "0.20460000", "time": "2025-07-11T16:38:58.629150Z", "fetched_at": "2025-07-11T16:39:33.603160+00:00", "symbol": "DOGE-USD"}, {"trade_id": 138544730, "side": "sell", "size": "2000.00000000", "price": "0.20459000", "time": "2025-07-11T16:38:58.629150Z", "fetched_at": "2025-07-11T16:39:33.603160+00:00", "symbol": "DOGE-USD"}, {"trade_id": 138544729, "side": "sell", "size": "2500.00000000", "price": "0.20458000", "time": "2025-07-11T16:38:58.629150Z", "fetched_at": "2025-07-11T16:39:33.603160+00:00", "symbol": "DOGE-USD"}, {"trade_id": 138544728, "side": "sell", "size": "10000.00000000", "price": "0.20457000", "time": "2025-07-11T16:38:58.629150Z", "fetched_at": "2025-07-11T16:39:33.603160+00:00", "symbol": "DOGE-USD"}, {"trade_id": 138544727, "side": "sell", "size": "1162.40000000", "price": "0.20456000", "time": "2025-07-11T16:38:58.629150Z", "fetched_at": "2025-07-11T16:39:33.603160+00:00", "symbol": "DOGE-USD"}, {"trade_id": 138544726, "side": "sell", "size": "1378.70000000", "price": "0.20456000", "time": "2025-07-11T16:38:58.629150Z", "fetched_at": "2025-07-11T16:39:33.603160+00:00", "symbol": "DOGE-USD"}, {"trade_id": 138544725, "side": "sell", "size": "3000.00000000", "price": "0.20454000", "time": "2025-07-11T16:38:58.629150Z", "fetched_at": "2025-07-11T16:39:33.603160+00:00", "symbol": "DOGE-USD"}, {"trade_id": 138544724, "side": "sell", "size": "844.80000000", "price": "0.20453000", "time": "2025-07-11T16:38:58.629150Z", "fetched_at": "2025-07-11T16:39:33.603160+00:00", "symbol": "DOGE-USD"}, {"trade_id": 138544723, "side": "buy", "size": "1641.60000000", "price": "0.20455000", "time": "2025-07-11T16:38:57.771080Z", "fetched_at": "2025-07-11T16:39:33.603160+00:00", "symbol": "DOGE-USD"}, {"trade_id": 138544722, "side": "buy", "size": "423.60000000", "price": "0.20458000", "time": "2025-07-11T16:38:57.763774Z", "fetched_at": "2025-07-11T16:39:33.603160+00:00", "symbol": "DOGE-USD"}, {"trade_id": 138544721, "side": "buy", "size": "844.80000000", "price": "0.20461000", "time": "2025-07-11T16:38:57.413362Z", "fetched_at": "2025-07-11T16:39:33.603160+00:00", "symbol": "DOGE-USD"}, {"trade_id": 138544720, "side": "buy", "size": "1416.90000000", "price": "0.20462000", "time": "2025-07-11T16:38:57.386888Z", "fetched_at": "2025-07-11T16:39:33.603160+00:00", "symbol": "DOGE-USD"}, {"trade_id": 138544719, "side": "buy", "size": "1325.90000000", "price": "0.20463000", "time": "2025-07-11T16:38:57.384466Z", "fetched_at": "2025-07-11T16:39:33.603160+00:00", "symbol": "DOGE-USD"}, {"trade_id": 138544718, "side": "sell", "size": "5.40000000", "price": "0.20464000", "time": "2025-07-11T16:38:57.361468Z", "fetched_at": "2025-07-11T16:39:33.603160+00:00", "symbol": "DOGE-USD"}, {"trade_id": 138544717, "side": "sell", "size": "18.90000000", "price": "0.20464000", "time": "2025-07-11T16:38:57.361468Z", "fetched_at": "2025-07-11T16:39:33.603160+00:00", "symbol": "DOGE-USD"}, {"trade_id": 138544716, "side": "sell", "size": "5.40000000", "price": "0.20460000", "time": "2025-07-11T16:38:57.016639Z", "fetched_at": "2025-07-11T16:39:33.603160+00:00", "symbol": "DOGE-USD"}, {"trade_id": 138544715, "side": "sell", "size": "10000.00000000", "price": "0.20459000", "time": "2025-07-11T16:38:56.998399Z", "fetched_at": "2025-07-11T16:39:33.603160+00:00", "symbol": "DOGE-USD"}, {"trade_id": 138544714, "side": "sell", "size": "3000.00000000", "price": "0.20457000", "time": "2025-07-11T16:38:56.905111Z", "fetched_at": "2025-07-11T16:39:33.603160+00:00", "symbol": "DOGE-USD"}, {"trade_id": 138544713, "side": "sell", "size": "5.40000000", "price": "0.20456000", "time": "2025-07-11T16:38:56.895358Z", "fetched_at": "2025-07-11T16:39:33.603160+00:00", "symbol": "DOGE-USD"}, {"trade_id": 138544712, "side": "sell", "size": "487.10000000", "price": "0.20454000", "time": "2025-07-11T16:38:56.891290Z", "fetched_at": "2025-07-11T16:39:33.603160+00:00", "symbol": "DOGE-USD"}, {"trade_id": 138544711, "side": "sell", "size": "2000.00000000", "price": "0.20452000", "time": "2025-07-11T16:38:56.580515Z", "fetched_at": "2025-07-11T16:39:33.603160+00:00", "symbol": "DOGE-USD"}, {"trade_id": 138544710, "side": "sell", "size": "5.40000000", "price": "0.20452000", "time": "2025-07-11T16:38:56.580515Z", "fetched_at": "2025-07-11T16:39:33.603160+00:00", "symbol": "DOGE-USD"}, {"trade_id": 138544709, "side": "buy", "size": "26.50000000", "price": "0.20451000", "time": "2025-07-11T16:38:56.086745Z", "fetched_at": "2025-07-11T16:39:33.603160+00:00", "symbol": "DOGE-USD"}, {"trade_id": 138544708, "side": "sell", "size": "641.00000000", "price": "0.20450000", "time": "2025-07-11T16:38:56.071171Z", "fetched_at": "2025-07-11T16:39:33.603160+00:00", "symbol": "DOGE-USD"}, {"trade_id": 138544707, "side": "buy", "size": "1177.30000000", "price": "0.20447000", "time": "2025-07-11T16:38:55.836218Z", "fetched_at": "2025-07-11T16:39:33.603160+00:00", "symbol": "DOGE-USD"}, {"trade_id": 138544706, "side": "buy", "size": "254.30000000", "price": "0.20447000", "time": "2025-07-11T16:38:55.836218Z", "fetched_at": "2025-07-11T16:39:33.603160+00:00", "symbol": "DOGE-USD"}, {"trade_id": 138544705, "side": "sell", "size": "5.40000000", "price": "0.20448000", "time": "2025-07-11T16:38:54.783327Z", "fetched_at": "2025-07-11T16:39:33.603160+00:00", "symbol": "DOGE-USD"}, {"trade_id": 138544704, "side": "sell", "size": "5.40000000", "price": "0.20444000", "time": "2025-07-11T16:38:54.528540Z", "fetched_at": "2025-07-11T16:39:33.603160+00:00", "symbol": "DOGE-USD"}, {"trade_id": 138544703, "side": "sell", "size": "271.10000000", "price": "0.20442000", "time": "2025-07-11T16:38:53.996912Z", "fetched_at": "2025-07-11T16:39:33.603160+00:00", "symbol": "DOGE-USD"}, {"trade_id": 138544702, "side": "sell", "size": "184.60000000", "price": "0.20442000", "time": "2025-07-11T16:38:53.996012Z", "fetched_at": "2025-07-11T16:39:33.603160+00:00", "symbol": "DOGE-USD"}, {"trade_id": 138544701, "side": "sell", "size": "204.10000000", "price": "0.20442000", "time": "2025-07-11T16:38:53.995975Z", "fetched_at": "2025-07-11T16:39:33.603160+00:00", "symbol": "DOGE-USD"}, {"trade_id": 138544700, "side": "sell", "size": "2340.20000000", "price": "0.20442000", "time": "2025-07-11T16:38:53.995824Z", "fetched_at": "2025-07-11T16:39:33.603160+00:00", "symbol": "DOGE-USD"}, {"trade_id": 138544699, "side": "buy", "size": "648.50000000", "price": "0.20440000", "time": "2025-07-11T16:38:53.125359Z", "fetched_at": "2025-07-11T16:39:33.603160+00:00", "symbol": "DOGE-USD"}, {"trade_id": 138544698, "side": "sell", "size": "5.40000000", "price": "0.20440000", "time": "2025-07-11T16:38:53.119537Z", "fetched_at": "2025-07-11T16:39:33.603160+00:00", "symbol": "DOGE-USD"}, {"trade_id": 138544697, "side": "sell", "size": "10000.00000000", "price": "0.20436000", "time": "2025-07-11T16:38:53.096338Z", "fetched_at": "2025-07-11T16:39:33.603160+00:00", "symbol": "DOGE-USD"}, {"trade_id": 138544696, "side": "sell", "size": "5.40000000", "price": "0.20436000", "time": "2025-07-11T16:38:53.096338Z", "fetched_at": "2025-07-11T16:39:33.603160+00:00", "symbol": "DOGE-USD"}, {"trade_id": 138544695, "side": "sell", "size": "26.50000000", "price": "0.20433000", "time": "2025-07-11T16:38:53.037318Z", "fetched_at": "2025-07-11T16:39:33.603160+00:00", "symbol": "DOGE-USD"}, {"trade_id": 138544694, "side": "buy", "size": "17830.30000000", "price": "0.20428000", "time": "2025-07-11T16:38:52.286067Z", "fetched_at": "2025-07-11T16:39:33.603160+00:00", "symbol": "DOGE-USD"}, {"trade_id": 138544693, "side": "buy", "size": "1316.10000000", "price": "0.20428000", "time": "2025-07-11T16:38:52.286067Z", "fetched_at": "2025-07-11T16:39:33.603160+00:00", "symbol": "DOGE-USD"}, {"trade_id": 138544692, "side": "buy", "size": "857.00000000", "price": "0.20429000", "time": "2025-07-11T16:38:52.286067Z", "fetched_at": "2025-07-11T16:39:33.603160+00:00", "symbol": "DOGE-USD"}, {"trade_id": 138544691, "side": "buy", "size": "10788.10000000", "price": "0.20429000", "time": "2025-07-11T16:38:52.286067Z", "fetched_at": "2025-07-11T16:39:33.603160+00:00", "symbol": "DOGE-USD"}, {"trade_id": 138544690, "side": "buy", "size": "3267.50000000", "price": "0.20429000", "time": "2025-07-11T16:38:52.286067Z", "fetched_at": "2025-07-11T16:39:33.603160+00:00", "symbol": "DOGE-USD"}, {"trade_id": 138544689, "side": "buy", "size": "2968.00000000", "price": "0.20430000", "time": "2025-07-11T16:38:52.286067Z", "fetched_at": "2025-07-11T16:39:33.603160+00:00", "symbol": "DOGE-USD"}, {"trade_id": 138544688, "side": "buy", "size": "2967.90000000", "price": "0.20430000", "time": "2025-07-11T16:38:52.286067Z", "fetched_at": "2025-07-11T16:39:33.603160+00:00", "symbol": "DOGE-USD"}, {"trade_id": 138544687, "side": "buy", "size": "850.50000000", "price": "0.20430000", "time": "2025-07-11T16:38:52.286067Z", "fetched_at": "2025-07-11T16:39:33.603160+00:00", "symbol": "DOGE-USD"}, {"trade_id": 138544686, "side": "buy", "size": "1494.50000000", "price": "0.20431000", "time": "2025-07-11T16:38:52.286067Z", "fetched_at": "2025-07-11T16:39:33.603160+00:00", "symbol": "DOGE-USD"}, {"trade_id": 138544685, "side": "buy", "size": "2291.00000000", "price": "0.20431000", "time": "2025-07-11T16:38:52.286067Z", "fetched_at": "2025-07-11T16:39:33.603160+00:00", "symbol": "DOGE-USD"}, {"trade_id": 138544684, "side": "buy", "size": "1206.50000000", "price": "0.20431000", "time": "2025-07-11T16:38:52.286067Z", "fetched_at": "2025-07-11T16:39:33.603160+00:00", "symbol": "DOGE-USD"}, {"trade_id": 138544683, "side": "buy", "size": "1183.00000000", "price": "0.20433000", "time": "2025-07-11T16:38:52.286067Z", "fetched_at": "2025-07-11T16:39:33.603160+00:00", "symbol": "DOGE-USD"}, {"trade_id": 138544682, "side": "buy", "size": "12942.60000000", "price": "0.20433000", "time": "2025-07-11T16:38:52.286067Z", "fetched_at": "2025-07-11T16:39:33.603160+00:00", "symbol": "DOGE-USD"}, {"trade_id": 138544681, "side": "buy", "size": "8475.40000000", "price": "0.20434000", "time": "2025-07-11T16:38:52.286067Z", "fetched_at": "2025-07-11T16:39:33.603160+00:00", "symbol": "DOGE-USD"}, {"trade_id": 138544680, "side": "buy", "size": "1296.50000000", "price": "0.20435000", "time": "2025-07-11T16:38:52.286067Z", "fetched_at": "2025-07-11T16:39:33.603160+00:00", "symbol": "DOGE-USD"}, {"trade_id": 138544679, "side": "buy", "size": "1247.30000000", "price": "0.20435000", "time": "2025-07-11T16:38:52.286067Z", "fetched_at": "2025-07-11T16:39:33.603160+00:00", "symbol": "DOGE-USD"}, {"trade_id": 138544678, "side": "buy", "size": "183.00000000", "price": "0.20435000", "time": "2025-07-11T16:38:52.286067Z", "fetched_at": "2025-07-11T16:39:33.603160+00:00", "symbol": "DOGE-USD"}, {"trade_id": 138544677, "side": "buy", "size": "850.50000000", "price": "0.20435000", "time": "2025-07-11T16:38:52.286067Z", "fetched_at": "2025-07-11T16:39:33.603160+00:00", "symbol": "DOGE-USD"}, {"trade_id": 138544676, "side": "buy", "size": "248.40000000", "price": "0.20435000", "time": "2025-07-11T16:38:52.286067Z", "fetched_at": "2025-07-11T16:39:33.603160+00:00", "symbol": "DOGE-USD"}, {"trade_id": 138544675, "side": "buy", "size": "245.50000000", "price": "0.20435000", "time": "2025-07-11T16:38:52.286067Z", "fetched_at": "2025-07-11T16:39:33.603160+00:00", "symbol": "DOGE-USD"}, {"trade_id": 138544674, "side": "sell", "size": "487.50000000", "price": "0.20435000", "time": "2025-07-11T16:38:51.640207Z", "fetched_at": "2025-07-11T16:39:33.603160+00:00", "symbol": "DOGE-USD"}, {"trade_id": 138544673, "side": "sell", "size": "5.40000000", "price": "0.20432000", "time": "2025-07-11T16:38:51.466062Z", "fetched_at": "2025-07-11T16:39:33.603160+00:00", "symbol": "DOGE-USD"}, {"trade_id": 138544672, "side": "sell", "size": "487.70000000", "price": "0.20429000", "time": "2025-07-11T16:38:51.246904Z", "fetched_at": "2025-07-11T16:39:33.603160+00:00", "symbol": "DOGE-USD"}, {"trade_id": 138544671, "side": "sell", "size": "201.60000000", "price": "0.20428000", "time": "2025-07-11T16:38:51.099565Z", "fetched_at": "2025-07-11T16:39:33.603160+00:00", "symbol": "DOGE-USD"}, {"trade_id": 138544670, "side": "sell", "size": "5.40000000", "price": "0.20428000", "time": "2025-07-11T16:38:51.099565Z", "fetched_at": "2025-07-11T16:39:33.603160+00:00", "symbol": "DOGE-USD"}, {"trade_id": 138544669, "side": "sell", "size": "154.80000000", "price": "0.20426000", "time": "2025-07-11T16:38:51.088450Z", "fetched_at": "2025-07-11T16:39:33.603160+00:00", "symbol": "DOGE-USD"}, {"trade_id": 138544668, "side": "sell", "size": "212.80000000", "price": "0.20426000", "time": "2025-07-11T16:38:51.081643Z", "fetched_at": "2025-07-11T16:39:33.603160+00:00", "symbol": "DOGE-USD"}, {"trade_id": 138544667, "side": "sell", "size": "2876.10000000", "price": "0.20424000", "time": "2025-07-11T16:38:50.613151Z", "fetched_at": "2025-07-11T16:39:33.603160+00:00", "symbol": "DOGE-USD"}, {"trade_id": 138544666, "side": "sell", "size": "5.40000000", "price": "0.20424000", "time": "2025-07-11T16:38:50.613151Z", "fetched_at": "2025-07-11T16:39:33.603160+00:00", "symbol": "DOGE-USD"}, {"trade_id": 138544665, "side": "sell", "size": "5.40000000", "price": "0.20420000", "time": "2025-07-11T16:38:50.187646Z", "fetched_at": "2025-07-11T16:39:33.603160+00:00", "symbol": "DOGE-USD"}, {"trade_id": 138544664, "side": "sell", "size": "3033.40000000", "price": "0.20420000", "time": "2025-07-11T16:38:50.187646Z", "fetched_at": "2025-07-11T16:39:33.603160+00:00", "symbol": "DOGE-USD"}, {"trade_id": 138544663, "side": "buy", "size": "198.10000000", "price": "0.20418000", "time": "2025-07-11T16:38:49.415228Z", "fetched_at": "2025-07-11T16:39:33.603160+00:00", "symbol": "DOGE-USD"}, {"trade_id": 138544662, "side": "sell", "size": "5.40000000", "price": "0.20416000", "time": "2025-07-11T16:38:48.446214Z", "fetched_at": "2025-07-11T16:39:33.603160+00:00", "symbol": "DOGE-USD"}, {"trade_id": 138544661, "side": "sell", "size": "5.40000000", "price": "0.20412000", "time": "2025-07-11T16:38:48.081098Z", "fetched_at": "2025-07-11T16:39:33.603160+00:00", "symbol": "DOGE-USD"}, {"trade_id": 138544660, "side": "buy", "size": "245.50000000", "price": "0.20411000", "time": "2025-07-11T16:38:47.843518Z", "fetched_at": "2025-07-11T16:39:33.603160+00:00", "symbol": "DOGE-USD"}, {"trade_id": 138544659, "side": "buy", "size": "372.60000000", "price": "0.20411000", "time": "2025-07-11T16:38:47.843518Z", "fetched_at": "2025-07-11T16:39:33.603160+00:00", "symbol": "DOGE-USD"}, {"trade_id": 138544658, "side": "sell", "size": "5.40000000", "price": "0.20410000", "time": "2025-07-11T16:38:47.836572Z", "fetched_at": "2025-07-11T16:39:33.603160+00:00", "symbol": "DOGE-USD"}, {"trade_id": 138544657, "side": "sell", "size": "244.90000000", "price": "0.20410000", "time": "2025-07-11T16:38:47.836572Z", "fetched_at": "2025-07-11T16:39:33.603160+00:00", "symbol": "DOGE-USD"}, {"trade_id": 138544656, "side": "sell", "size": "489.90000000", "price": "0.20410000", "time": "2025-07-11T16:38:47.836572Z", "fetched_at": "2025-07-11T16:39:33.603160+00:00", "symbol": "DOGE-USD"}, {"trade_id": 138544655, "side": "sell", "size": "2500.00000000", "price": "0.20408000", "time": "2025-07-11T16:38:47.836077Z", "fetched_at": "2025-07-11T16:39:33.603160+00:00", "symbol": "DOGE-USD"}, {"trade_id": 138544654, "side": "buy", "size": "1.60000000", "price": "0.20404000", "time": "2025-07-11T16:38:47.700587Z", "fetched_at": "2025-07-11T16:39:33.603160+00:00", "symbol": "DOGE-USD"}, {"trade_id": 138544653, "side": "sell", "size": "2000.00000000", "price": "0.20404000", "time": "2025-07-11T16:38:47.643660Z", "fetched_at": "2025-07-11T16:39:33.603160+00:00", "symbol": "DOGE-USD"}, {"trade_id": 138544652, "side": "buy", "size": "45.50000000", "price": "0.20404000", "time": "2025-07-11T16:38:46.998041Z", "fetched_at": "2025-07-11T16:39:33.603160+00:00", "symbol": "DOGE-USD"}, {"trade_id": 138544651, "side": "sell", "size": "117.80000000", "price": "0.20402000", "time": "2025-07-11T16:38:46.793467Z", "fetched_at": "2025-07-11T16:39:33.603160+00:00", "symbol": "DOGE-USD"}, {"trade_id": 138544650, "side": "sell", "size": "209.20000000", "price": "0.20402000", "time": "2025-07-11T16:38:46.426751Z", "fetched_at": "2025-07-11T16:39:33.603160+00:00", "symbol": "DOGE-USD"}, {"trade_id": 138544649, "side": "sell", "size": "2000.00000000", "price": "0.20393000", "time": "2025-07-11T16:38:45.241427Z", "fetched_at": "2025-07-11T16:39:33.603160+00:00", "symbol": "DOGE-USD"}, {"trade_id": 138544648, "side": "buy", "size": "143.10000000", "price": "0.20397000", "time": "2025-07-11T16:38:44.833028Z", "fetched_at": "2025-07-11T16:39:33.603160+00:00", "symbol": "DOGE-USD"}, {"trade_id": 138544647, "side": "buy", "size": "254.10000000", "price": "0.20397000", "time": "2025-07-11T16:38:44.833028Z", "fetched_at": "2025-07-11T16:39:33.603160+00:00", "symbol": "DOGE-USD"}, {"trade_id": 138544646, "side": "sell", "size": "16952.30000000", "price": "0.20408000", "time": "2025-07-11T16:38:44.320545Z", "fetched_at": "2025-07-11T16:39:33.603160+00:00", "symbol": "DOGE-USD"}, {"trade_id": 138544645, "side": "sell", "size": "9337.60000000", "price": "0.20408000", "time": "2025-07-11T16:38:44.320545Z", "fetched_at": "2025-07-11T16:39:33.603160+00:00", "symbol": "DOGE-USD"}, {"trade_id": 138544644, "side": "sell", "size": "5.40000000", "price": "0.20408000", "time": "2025-07-11T16:38:44.320545Z", "fetched_at": "2025-07-11T16:39:33.603160+00:00", "symbol": "DOGE-USD"}, {"trade_id": 138544643, "side": "sell", "size": "500.00000000", "price": "0.20407000", "time": "2025-07-11T16:38:44.320545Z", "fetched_at": "2025-07-11T16:39:33.603160+00:00", "symbol": "DOGE-USD"}, {"trade_id": 138544642, "side": "sell", "size": "5.40000000", "price": "0.20406000", "time": "2025-07-11T16:38:44.320545Z", "fetched_at": "2025-07-11T16:39:33.603160+00:00", "symbol": "DOGE-USD"}, {"trade_id": 138544641, "side": "sell", "size": "850.50000000", "price": "0.20406000", "time": "2025-07-11T16:38:44.320545Z", "fetched_at": "2025-07-11T16:39:33.603160+00:00", "symbol": "DOGE-USD"}, {"trade_id": 138544640, "side": "sell", "size": "5.40000000", "price": "0.20404000", "time": "2025-07-11T16:38:44.320545Z", "fetched_at": "2025-07-11T16:39:33.603160+00:00", "symbol": "DOGE-USD"}, {"trade_id": 138544639, "side": "sell", "size": "100.20000000", "price": "0.20404000", "time": "2025-07-11T16:38:44.320545Z", "fetched_at": "2025-07-11T16:39:33.603160+00:00", "symbol": "DOGE-USD"}, {"trade_id": 138544638, "side": "sell", "size": "850.50000000", "price": "0.20403000", "time": "2025-07-11T16:38:44.320545Z", "fetched_at": "2025-07-11T16:39:33.603160+00:00", "symbol": "DOGE-USD"}, {"trade_id": 138544637, "side": "sell", "size": "21.70000000", "price": "0.20403000", "time": "2025-07-11T16:38:44.320545Z", "fetched_at": "2025-07-11T16:39:33.603160+00:00", "symbol": "DOGE-USD"}, {"trade_id": 138544636, "side": "sell", "size": "477.40000000", "price": "0.20402000", "time": "2025-07-11T16:38:44.320545Z", "fetched_at": "2025-07-11T16:39:33.603160+00:00", "symbol": "DOGE-USD"}, {"trade_id": 138544635, "side": "sell", "size": "5.40000000", "price": "0.20402000", "time": "2025-07-11T16:38:44.320545Z", "fetched_at": "2025-07-11T16:39:33.603160+00:00", "symbol": "DOGE-USD"}, {"trade_id": 138544634, "side": "sell", "size": "6.00000000", "price": "0.20402000", "time": "2025-07-11T16:38:44.320545Z", "fetched_at": "2025-07-11T16:39:33.603160+00:00", "symbol": "DOGE-USD"}, {"trade_id": 138544633, "side": "sell", "size": "134.70000000", "price": "0.20402000", "time": "2025-07-11T16:38:44.320545Z", "fetched_at": "2025-07-11T16:39:33.603160+00:00", "symbol": "DOGE-USD"}, {"trade_id": 138544632, "side": "sell", "size": "5.90000000", "price": "0.20401000", "time": "2025-07-11T16:38:44.320545Z", "fetched_at": "2025-07-11T16:39:33.603160+00:00", "symbol": "DOGE-USD"}, {"trade_id": 138544631, "side": "sell", "size": "438.30000000", "price": "0.20401000", "time": "2025-07-11T16:38:44.320545Z", "fetched_at": "2025-07-11T16:39:33.603160+00:00", "symbol": "DOGE-USD"}, {"trade_id": 138544630, "side": "sell", "size": "80000.00000000", "price": "0.20400000", "time": "2025-07-11T16:38:44.320545Z", "fetched_at": "2025-07-11T16:39:33.603160+00:00", "symbol": "DOGE-USD"}, {"trade_id": 138544629, "side": "sell", "size": "1962.70000000", "price": "0.20400000", "time": "2025-07-11T16:38:44.320545Z", "fetched_at": "2025-07-11T16:39:33.603160+00:00", "symbol": "DOGE-USD"}, {"trade_id": 138544628, "side": "sell", "size": "5.40000000", "price": "0.20400000", "time": "2025-07-11T16:38:44.320545Z", "fetched_at": "2025-07-11T16:39:33.603160+00:00", "symbol": "DOGE-USD"}, {"trade_id": 138544627, "side": "sell", "size": "90.20000000", "price": "0.20400000", "time": "2025-07-11T16:38:44.320545Z", "fetched_at": "2025-07-11T16:39:33.603160+00:00", "symbol": "DOGE-USD"}, {"trade_id": 138544626, "side": "sell", "size": "10000.00000000", "price": "0.20398000", "time": "2025-07-11T16:38:44.320545Z", "fetched_at": "2025-07-11T16:39:33.603160+00:00", "symbol": "DOGE-USD"}, {"trade_id": 138544625, "side": "sell", "size": "1178.90000000", "price": "0.20398000", "time": "2025-07-11T16:38:44.320545Z", "fetched_at": "2025-07-11T16:39:33.603160+00:00", "symbol": "DOGE-USD"}, {"trade_id": 138544624, "side": "sell", "size": "1365.50000000", "price": "0.20398000", "time": "2025-07-11T16:38:44.320545Z", "fetched_at": "2025-07-11T16:39:33.603160+00:00", "symbol": "DOGE-USD"}, {"trade_id": 138544623, "side": "sell", "size": "1203.50000000", "price": "0.20398000", "time": "2025-07-11T16:38:44.320545Z", "fetched_at": "2025-07-11T16:39:33.603160+00:00", "symbol": "DOGE-USD"}, {"trade_id": 138544622, "side": "sell", "size": "3000.00000000", "price": "0.20398000", "time": "2025-07-11T16:38:44.320545Z", "fetched_at": "2025-07-11T16:39:33.603160+00:00", "symbol": "DOGE-USD"}, {"trade_id": 138544621, "side": "buy", "size": "214.50000000", "price": "0.20399000", "time": "2025-07-11T16:38:43.815890Z", "fetched_at": "2025-07-11T16:39:33.603160+00:00", "symbol": "DOGE-USD"}, {"trade_id": 138544620, "side": "buy", "size": "209.30000000", "price": "0.20399000", "time": "2025-07-11T16:38:43.811100Z", "fetched_at": "2025-07-11T16:39:33.603160+00:00", "symbol": "DOGE-USD"}, {"trade_id": 138544619, "side": "sell", "size": "2000.00000000", "price": "0.20398000", "time": "2025-07-11T16:38:43.087114Z", "fetched_at": "2025-07-11T16:39:33.603160+00:00", "symbol": "DOGE-USD"}, {"trade_id": 138544618, "side": "sell", "size": "5.40000000", "price": "0.20398000", "time": "2025-07-11T16:38:43.087114Z", "fetched_at": "2025-07-11T16:39:33.603160+00:00", "symbol": "DOGE-USD"}, {"trade_id": 138544617, "side": "sell", "size": "3000.00000000", "price": "0.20396000", "time": "2025-07-11T16:38:41.839643Z", "fetched_at": "2025-07-11T16:39:33.603160+00:00", "symbol": "DOGE-USD"}, {"trade_id": 138544616, "side": "buy", "size": "927.30000000", "price": "0.20392000", "time": "2025-07-11T16:38:41.793660Z", "fetched_at": "2025-07-11T16:39:33.603160+00:00", "symbol": "DOGE-USD"}, {"trade_id": 138544615, "side": "buy", "size": "254.90000000", "price": "0.20392000", "time": "2025-07-11T16:38:41.793660Z", "fetched_at": "2025-07-11T16:39:33.603160+00:00", "symbol": "DOGE-USD"}, {"trade_id": 138544614, "side": "buy", "size": "1395.20000000", "price": "0.20393000", "time": "2025-07-11T16:38:41.793660Z", "fetched_at": "2025-07-11T16:39:33.603160+00:00", "symbol": "DOGE-USD"}, {"trade_id": 138544613, "side": "buy", "size": "1355.50000000", "price": "0.20395000", "time": "2025-07-11T16:38:41.793660Z", "fetched_at": "2025-07-11T16:39:33.603160+00:00", "symbol": "DOGE-USD"}, {"trade_id": 138544612, "side": "buy", "size": "183.00000000", "price": "0.20395000", "time": "2025-07-11T16:38:41.793660Z", "fetched_at": "2025-07-11T16:39:33.603160+00:00", "symbol": "DOGE-USD"}, {"trade_id": 138544611, "side": "sell", "size": "25486.20000000", "price": "0.20399000", "time": "2025-07-11T16:38:38.927799Z", "fetched_at": "2025-07-11T16:39:33.603160+00:00", "symbol": "DOGE-USD"}, {"trade_id": 138544610, "side": "sell", "size": "580.60000000", "price": "0.20399000", "time": "2025-07-11T16:38:38.927799Z", "fetched_at": "2025-07-11T16:39:33.603160+00:00", "symbol": "DOGE-USD"}, {"trade_id": 138544609, "side": "sell", "size": "5.40000000", "price": "0.20398000", "time": "2025-07-11T16:38:38.927799Z", "fetched_at": "2025-07-11T16:39:33.603160+00:00", "symbol": "DOGE-USD"}, {"trade_id": 138544608, "side": "sell", "size": "1848.40000000", "price": "0.20398000", "time": "2025-07-11T16:38:38.927799Z", "fetched_at": "2025-07-11T16:39:33.603160+00:00", "symbol": "DOGE-USD"}, {"trade_id": 138544607, "side": "sell", "size": "500.00000000", "price": "0.20398000", "time": "2025-07-11T16:38:38.927799Z", "fetched_at": "2025-07-11T16:39:33.603160+00:00", "symbol": "DOGE-USD"}, {"trade_id": 138544606, "side": "sell", "size": "129.50000000", "price": "0.20398000", "time": "2025-07-11T16:38:38.927799Z", "fetched_at": "2025-07-11T16:39:33.603160+00:00", "symbol": "DOGE-USD"}, {"trade_id": 138544605, "side": "sell", "size": "850.50000000", "price": "0.20397000", "time": "2025-07-11T16:38:38.927799Z", "fetched_at": "2025-07-11T16:39:33.603160+00:00", "symbol": "DOGE-USD"}, {"trade_id": 138544604, "side": "sell", "size": "46.40000000", "price": "0.20397000", "time": "2025-07-11T16:38:38.927799Z", "fetched_at": "2025-07-11T16:39:33.603160+00:00", "symbol": "DOGE-USD"}, {"trade_id": 138544603, "side": "sell", "size": "5.40000000", "price": "0.20396000", "time": "2025-07-11T16:38:38.927799Z", "fetched_at": "2025-07-11T16:39:33.603160+00:00", "symbol": "DOGE-USD"}, {"trade_id": 138544602, "side": "sell", "size": "168.80000000", "price": "0.20396000", "time": "2025-07-11T16:38:38.927799Z", "fetched_at": "2025-07-11T16:39:33.603160+00:00", "symbol": "DOGE-USD"}, {"trade_id": 138544601, "side": "sell", "size": "590.40000000", "price": "0.20395000", "time": "2025-07-11T16:38:38.927799Z", "fetched_at": "2025-07-11T16:39:33.603160+00:00", "symbol": "DOGE-USD"}, {"trade_id": 138544600, "side": "sell", "size": "5.40000000", "price": "0.20394000", "time": "2025-07-11T16:38:38.927799Z", "fetched_at": "2025-07-11T16:39:33.603160+00:00", "symbol": "DOGE-USD"}, {"trade_id": 138544599, "side": "sell", "size": "2500.00000000", "price": "0.20394000", "time": "2025-07-11T16:38:38.927799Z", "fetched_at": "2025-07-11T16:39:33.603160+00:00", "symbol": "DOGE-USD"}, {"trade_id": 138544598, "side": "sell", "size": "1500.00000000", "price": "0.20393000", "time": "2025-07-11T16:38:38.927799Z", "fetched_at": "2025-07-11T16:39:33.603160+00:00", "symbol": "DOGE-USD"}, {"trade_id": 138544597, "side": "sell", "size": "1271.00000000", "price": "0.20393000", "time": "2025-07-11T16:38:38.927799Z", "fetched_at": "2025-07-11T16:39:33.603160+00:00", "symbol": "DOGE-USD"}, {"trade_id": 138544596, "side": "sell", "size": "1963.30000000", "price": "0.20392000", "time": "2025-07-11T16:38:38.927799Z", "fetched_at": "2025-07-11T16:39:33.603160+00:00", "symbol": "DOGE-USD"}, {"trade_id": 138544595, "side": "sell", "size": "5.40000000", "price": "0.20392000", "time": "2025-07-11T16:38:38.927799Z", "fetched_at": "2025-07-11T16:39:33.603160+00:00", "symbol": "DOGE-USD"}, {"trade_id": 138544594, "side": "sell", "size": "1170.90000000", "price": "0.20391000", "time": "2025-07-11T16:38:38.927799Z", "fetched_at": "2025-07-11T16:39:33.603160+00:00", "symbol": "DOGE-USD"}, {"trade_id": 138544593, "side": "sell", "size": "1175.20000000", "price": "0.20391000", "time": "2025-07-11T16:38:38.927799Z", "fetched_at": "2025-07-11T16:39:33.603160+00:00", "symbol": "DOGE-USD"}, {"trade_id": 138544592, "side": "sell", "size": "3000.00000000", "price": "0.20390000", "time": "2025-07-11T16:38:38.927799Z", "fetched_at": "2025-07-11T16:39:33.603160+00:00", "symbol": "DOGE-USD"}, {"trade_id": 138544591, "side": "buy", "size": "3.70000000", "price": "0.20388000", "time": "2025-07-11T16:38:37.970898Z", "fetched_at": "2025-07-11T16:39:33.603160+00:00", "symbol": "DOGE-USD"}, {"trade_id": 138544590, "side": "buy", "size": "762.40000000", "price": "0.20386000", "time": "2025-07-11T16:38:35.523985Z", "fetched_at": "2025-07-11T16:39:33.603160+00:00", "symbol": "DOGE-USD"}, {"trade_id": 138544589, "side": "buy", "size": "9344.30000000", "price": "0.20386000", "time": "2025-07-11T16:38:35.523985Z", "fetched_at": "2025-07-11T16:39:33.603160+00:00", "symbol": "DOGE-USD"}, {"trade_id": 138544588, "side": "sell", "size": "1963.40000000", "price": "0.20390000", "time": "2025-07-11T16:38:34.903309Z", "fetched_at": "2025-07-11T16:39:33.603160+00:00", "symbol": "DOGE-USD"}, {"trade_id": 138544587, "side": "sell", "size": "17998.00000000", "price": "0.20385000", "time": "2025-07-11T16:38:34.182367Z", "fetched_at": "2025-07-11T16:39:33.603160+00:00", "symbol": "DOGE-USD"}, {"trade_id": 138544586, "side": "buy", "size": "99.10000000", "price": "0.20384000", "time": "2025-07-11T16:38:33.304058Z", "fetched_at": "2025-07-11T16:39:33.603160+00:00", "symbol": "DOGE-USD"}, {"trade_id": 138544585, "side": "buy", "size": "311.80000000", "price": "0.20383000", "time": "2025-07-11T16:38:30.801525Z", "fetched_at": "2025-07-11T16:39:33.603160+00:00", "symbol": "DOGE-USD"}, {"trade_id": 138544584, "side": "buy", "size": "377.90000000", "price": "0.20383000", "time": "2025-07-11T16:38:30.801525Z", "fetched_at": "2025-07-11T16:39:33.603160+00:00", "symbol": "DOGE-USD"}, {"trade_id": 138544583, "side": "buy", "size": "255.00000000", "price": "0.20384000", "time": "2025-07-11T16:38:30.801525Z", "fetched_at": "2025-07-11T16:39:33.603160+00:00", "symbol": "DOGE-USD"}, {"trade_id": 138544582, "side": "buy", "size": "183.00000000", "price": "0.20384000", "time": "2025-07-11T16:38:27.391769Z", "fetched_at": "2025-07-11T16:39:33.603160+00:00", "symbol": "DOGE-USD"}, {"trade_id": 138544581, "side": "sell", "size": "4888.30000000", "price": "0.20391000", "time": "2025-07-11T16:38:27.204851Z", "fetched_at": "2025-07-11T16:39:33.603160+00:00", "symbol": "DOGE-USD"}, {"trade_id": 138544580, "side": "sell", "size": "3656.80000000", "price": "0.20391000", "time": "2025-07-11T16:38:27.204851Z", "fetched_at": "2025-07-11T16:39:33.603160+00:00", "symbol": "DOGE-USD"}, {"trade_id": 138544579, "side": "sell", "size": "1472.50000000", "price": "0.20391000", "time": "2025-07-11T16:38:27.204851Z", "fetched_at": "2025-07-11T16:39:33.603160+00:00", "symbol": "DOGE-USD"}, {"trade_id": 138544578, "side": "sell", "size": "850.50000000", "price": "0.20391000", "time": "2025-07-11T16:38:27.204851Z", "fetched_at": "2025-07-11T16:39:33.603160+00:00", "symbol": "DOGE-USD"}, {"trade_id": 138544577, "side": "sell", "size": "5436.30000000", "price": "0.20390000", "time": "2025-07-11T16:38:27.204851Z", "fetched_at": "2025-07-11T16:39:33.603160+00:00", "symbol": "DOGE-USD"}, {"trade_id": 138544576, "side": "sell", "size": "1393.80000000", "price": "0.20390000", "time": "2025-07-11T16:38:27.204851Z", "fetched_at": "2025-07-11T16:39:33.603160+00:00", "symbol": "DOGE-USD"}, {"trade_id": 138544575, "side": "sell", "size": "1354.00000000", "price": "0.20390000", "time": "2025-07-11T16:38:27.204851Z", "fetched_at": "2025-07-11T16:39:33.603160+00:00", "symbol": "DOGE-USD"}, {"trade_id": 138544574, "side": "sell", "size": "500.00000000", "price": "0.20389000", "time": "2025-07-11T16:38:27.204851Z", "fetched_at": "2025-07-11T16:39:33.603160+00:00", "symbol": "DOGE-USD"}, {"trade_id": 138544573, "side": "sell", "size": "10000.00000000", "price": "0.20388000", "time": "2025-07-11T16:38:27.204851Z", "fetched_at": "2025-07-11T16:39:33.603160+00:00", "symbol": "DOGE-USD"}, {"trade_id": 138544572, "side": "sell", "size": "63.50000000", "price": "0.20388000", "time": "2025-07-11T16:38:27.204851Z", "fetched_at": "2025-07-11T16:39:33.603160+00:00", "symbol": "DOGE-USD"}, {"trade_id": 138544571, "side": "sell", "size": "5.40000000", "price": "0.20388000", "time": "2025-07-11T16:38:27.204851Z", "fetched_at": "2025-07-11T16:39:33.603160+00:00", "symbol": "DOGE-USD"}, {"trade_id": 138544570, "side": "sell", "size": "850.50000000", "price": "0.20388000", "time": "2025-07-11T16:38:27.204851Z", "fetched_at": "2025-07-11T16:39:33.603160+00:00", "symbol": "DOGE-USD"}, {"trade_id": 138544569, "side": "sell", "size": "3149.80000000", "price": "0.20386000", "time": "2025-07-11T16:38:27.204851Z", "fetched_at": "2025-07-11T16:39:33.603160+00:00", "symbol": "DOGE-USD"}, {"trade_id": 138544568, "side": "sell", "size": "80000.00000000", "price": "0.20384000", "time": "2025-07-11T16:38:27.204851Z", "fetched_at": "2025-07-11T16:39:33.603160+00:00", "symbol": "DOGE-USD"}, {"trade_id": 138544567, "side": "sell", "size": "5.40000000", "price": "0.20384000", "time": "2025-07-11T16:38:27.204851Z", "fetched_at": "2025-07-11T16:39:33.603160+00:00", "symbol": "DOGE-USD"}, {"trade_id": 138544566, "side": "sell", "size": "48003.20000000", "price": "0.20383000", "time": "2025-07-11T16:38:27.204851Z", "fetched_at": "2025-07-11T16:39:33.603160+00:00", "symbol": "DOGE-USD"}, {"trade_id": 138544565, "side": "sell", "size": "850.50000000", "price": "0.20383000", "time": "2025-07-11T16:38:27.204851Z", "fetched_at": "2025-07-11T16:39:33.603160+00:00", "symbol": "DOGE-USD"}, {"trade_id": 138544564, "side": "sell", "size": "5.40000000", "price": "0.20382000", "time": "2025-07-11T16:38:27.204851Z", "fetched_at": "2025-07-11T16:39:33.603160+00:00", "symbol": "DOGE-USD"}, {"trade_id": 138544563, "side": "sell", "size": "1204.20000000", "price": "0.20381000", "time": "2025-07-11T16:38:27.204851Z", "fetched_at": "2025-07-11T16:39:33.603160+00:00", "symbol": "DOGE-USD"}, {"trade_id": 138544562, "side": "sell", "size": "1964.20000000", "price": "0.20381000", "time": "2025-07-11T16:38:27.204851Z", "fetched_at": "2025-07-11T16:39:33.603160+00:00", "symbol": "DOGE-USD"}, {"trade_id": 138544561, "side": "sell", "size": "1901.00000000", "price": "0.20380000", "time": "2025-07-11T16:38:27.204851Z", "fetched_at": "2025-07-11T16:39:33.603160+00:00", "symbol": "DOGE-USD"}, {"trade_id": 138544560, "side": "sell", "size": "5.40000000", "price": "0.20380000", "time": "2025-07-11T16:38:27.204851Z", "fetched_at": "2025-07-11T16:39:33.603160+00:00", "symbol": "DOGE-USD"}, {"trade_id": 138544559, "side": "sell", "size": "245.30000000", "price": "0.20380000", "time": "2025-07-11T16:38:27.204851Z", "fetched_at": "2025-07-11T16:39:33.603160+00:00", "symbol": "DOGE-USD"}, {"trade_id": 138544558, "side": "sell", "size": "3000.00000000", "price": "0.20378000", "time": "2025-07-11T16:38:27.204851Z", "fetched_at": "2025-07-11T16:39:33.603160+00:00", "symbol": "DOGE-USD"}, {"trade_id": 138544557, "side": "sell", "size": "47.70000000", "price": "0.20379000", "time": "2025-07-11T16:38:26.284021Z", "fetched_at": "2025-07-11T16:39:33.603160+00:00", "symbol": "DOGE-USD"}, {"trade_id": 138544556, "side": "sell", "size": "1439.80000000", "price": "0.20379000", "time": "2025-07-11T16:38:26.084893Z", "fetched_at": "2025-07-11T16:39:33.603160+00:00", "symbol": "DOGE-USD"}, {"trade_id": 138544555, "side": "sell", "size": "3000.00000000", "price": "0.20377000", "time": "2025-07-11T16:38:26.083373Z", "fetched_at": "2025-07-11T16:39:33.603160+00:00", "symbol": "DOGE-USD"}, {"trade_id": 138544554, "side": "sell", "size": "1219.00000000", "price": "0.20376000", "time": "2025-07-11T16:38:26.080156Z", "fetched_at": "2025-07-11T16:39:33.603160+00:00", "symbol": "DOGE-USD"}, {"trade_id": 138544553, "side": "sell", "size": "5.40000000", "price": "0.20378000", "time": "2025-07-11T16:38:24.207134Z", "fetched_at": "2025-07-11T16:39:33.603160+00:00", "symbol": "DOGE-USD"}, {"trade_id": 138544552, "side": "sell", "size": "5.40000000", "price": "0.20376000", "time": "2025-07-11T16:38:23.869459Z", "fetched_at": "2025-07-11T16:39:33.603160+00:00", "symbol": "DOGE-USD"}, {"trade_id": 138544551, "side": "sell", "size": "5.40000000", "price": "0.20374000", "time": "2025-07-11T16:38:23.849731Z", "fetched_at": "2025-07-11T16:39:33.603160+00:00", "symbol": "DOGE-USD"}, {"trade_id": 138544550, "side": "sell", "size": "5.40000000", "price": "0.20372000", "time": "2025-07-11T16:38:23.684029Z", "fetched_at": "2025-07-11T16:39:33.603160+00:00", "symbol": "DOGE-USD"}, {"trade_id": 138544549, "side": "sell", "size": "110.10000000", "price": "0.20371000", "time": "2025-07-11T16:38:21.769877Z", "fetched_at": "2025-07-11T16:39:33.603160+00:00", "symbol": "DOGE-USD"}, {"trade_id": 138544548, "side": "sell", "size": "129.90000000", "price": "0.20370000", "time": "2025-07-11T16:38:21.761271Z", "fetched_at": "2025-07-11T16:39:33.603160+00:00", "symbol": "DOGE-USD"}, {"trade_id": 138544547, "side": "sell", "size": "90.40000000", "price": "0.20369000", "time": "2025-07-11T16:38:21.561672Z", "fetched_at": "2025-07-11T16:39:33.603160+00:00", "symbol": "DOGE-USD"}, {"trade_id": 138544546, "side": "sell", "size": "174.00000000", "price": "0.20368000", "time": "2025-07-11T16:38:21.555420Z", "fetched_at": "2025-07-11T16:39:33.603160+00:00", "symbol": "DOGE-USD"}, {"trade_id": 138544545, "side": "sell", "size": "5.50000000", "price": "0.20368000", "time": "2025-07-11T16:38:21.555420Z", "fetched_at": "2025-07-11T16:39:33.603160+00:00", "symbol": "DOGE-USD"}, {"trade_id": 138544544, "side": "sell", "size": "90.30000000", "price": "0.20367000", "time": "2025-07-11T16:38:21.506357Z", "fetched_at": "2025-07-11T16:39:33.603160+00:00", "symbol": "DOGE-USD"}, {"trade_id": 138544543, "side": "sell", "size": "168.90000000", "price": "0.20366000", "time": "2025-07-11T16:38:21.439292Z", "fetched_at": "2025-07-11T16:39:33.603160+00:00", "symbol": "DOGE-USD"}, {"trade_id": 138544542, "side": "sell", "size": "101.20000000", "price": "0.20365000", "time": "2025-07-11T16:38:21.023635Z", "fetched_at": "2025-07-11T16:39:33.603160+00:00", "symbol": "DOGE-USD"}, {"trade_id": 138544541, "side": "sell", "size": "92.30000000", "price": "0.20365000", "time": "2025-07-11T16:38:21.019816Z", "fetched_at": "2025-07-11T16:39:33.603160+00:00", "symbol": "DOGE-USD"}, {"trade_id": 138544540, "side": "sell", "size": "2947.70000000", "price": "0.20363000", "time": "2025-07-11T16:38:20.926428Z", "fetched_at": "2025-07-11T16:39:33.603160+00:00", "symbol": "DOGE-USD"}, {"trade_id": 138544539, "side": "sell", "size": "52.30000000", "price": "0.20363000", "time": "2025-07-11T16:38:20.632419Z", "fetched_at": "2025-07-11T16:39:33.603160+00:00", "symbol": "DOGE-USD"}, {"trade_id": 138544538, "side": "sell", "size": "9.10000000", "price": "0.20361000", "time": "2025-07-11T16:38:20.305182Z", "fetched_at": "2025-07-11T16:39:33.603160+00:00", "symbol": "DOGE-USD"}, {"trade_id": 138544537, "side": "buy", "size": "1258.50000000", "price": "0.20364000", "time": "2025-07-11T16:38:19.618100Z", "fetched_at": "2025-07-11T16:39:33.603160+00:00", "symbol": "DOGE-USD"}, {"trade_id": 138544536, "side": "sell", "size": "120.10000000", "price": "0.20364000", "time": "2025-07-11T16:38:18.503684Z", "fetched_at": "2025-07-11T16:39:33.603160+00:00", "symbol": "DOGE-USD"}, {"trade_id": 138544535, "side": "sell", "size": "5.50000000", "price": "0.20364000", "time": "2025-07-11T16:38:18.503684Z", "fetched_at": "2025-07-11T16:39:33.603160+00:00", "symbol": "DOGE-USD"}, {"trade_id": 138544534, "side": "sell", "size": "203.70000000", "price": "0.20363000", "time": "2025-07-11T16:38:18.496278Z", "fetched_at": "2025-07-11T16:39:33.603160+00:00", "symbol": "DOGE-USD"}, {"trade_id": 138544533, "side": "sell", "size": "46.50000000", "price": "0.20362000", "time": "2025-07-11T16:38:17.124445Z", "fetched_at": "2025-07-11T16:39:33.603160+00:00", "symbol": "DOGE-USD"}, {"trade_id": 138544532, "side": "sell", "size": "200.70000000", "price": "0.20360000", "time": "2025-07-11T16:38:15.731376Z", "fetched_at": "2025-07-11T16:39:33.603160+00:00", "symbol": "DOGE-USD"}, {"trade_id": 138544531, "side": "buy", "size": "122.80000000", "price": "0.20358000", "time": "2025-07-11T16:38:15.727769Z", "fetched_at": "2025-07-11T16:39:33.603160+00:00", "symbol": "DOGE-USD"}, {"trade_id": 138544530, "side": "buy", "size": "368.20000000", "price": "0.20359000", "time": "2025-07-11T16:38:15.727769Z", "fetched_at": "2025-07-11T16:39:33.603160+00:00", "symbol": "DOGE-USD"}, {"trade_id": 138544529, "side": "buy", "size": "368.20000000", "price": "0.20356000", "time": "2025-07-11T16:38:15.714732Z", "fetched_at": "2025-07-11T16:39:33.603160+00:00", "symbol": "DOGE-USD"}, {"trade_id": 138544528, "side": "buy", "size": "245.50000000", "price": "0.20357000", "time": "2025-07-11T16:38:15.714732Z", "fetched_at": "2025-07-11T16:39:33.603160+00:00", "symbol": "DOGE-USD"}, {"trade_id": 138544527, "side": "buy", "size": "245.50000000", "price": "0.20358000", "time": "2025-07-11T16:38:15.714732Z", "fetched_at": "2025-07-11T16:39:33.603160+00:00", "symbol": "DOGE-USD"}, {"trade_id": 138544526, "side": "sell", "size": "3149.80000000", "price": "0.20360000", "time": "2025-07-11T16:38:15.714588Z", "fetched_at": "2025-07-11T16:39:33.603160+00:00", "symbol": "DOGE-USD"}, {"trade_id": 138544525, "side": "sell", "size": "5.50000000", "price": "0.20360000", "time": "2025-07-11T16:38:15.714588Z", "fetched_at": "2025-07-11T16:39:33.603160+00:00", "symbol": "DOGE-USD"}, {"trade_id": 138544524, "side": "sell", "size": "20685.60000000", "price": "0.20359000", "time": "2025-07-11T16:38:15.713390Z", "fetched_at": "2025-07-11T16:39:33.603160+00:00", "symbol": "DOGE-USD"}, {"trade_id": 138544523, "side": "sell", "size": "44530.20000000", "price": "0.20359000", "time": "2025-07-11T16:38:15.700886Z", "fetched_at": "2025-07-11T16:39:33.603160+00:00", "symbol": "DOGE-USD"}, {"trade_id": 138544522, "side": "sell", "size": "6542.20000000", "price": "0.20359000", "time": "2025-07-11T16:38:15.700200Z", "fetched_at": "2025-07-11T16:39:33.603160+00:00", "symbol": "DOGE-USD"}, {"trade_id": 138544521, "side": "sell", "size": "6373.00000000", "price": "0.20359000", "time": "2025-07-11T16:38:15.700200Z", "fetched_at": "2025-07-11T16:39:33.603160+00:00", "symbol": "DOGE-USD"}, {"trade_id": 138544520, "side": "sell", "size": "1322.70000000", "price": "0.20356000", "time": "2025-07-11T16:38:15.700200Z", "fetched_at": "2025-07-11T16:39:33.603160+00:00", "symbol": "DOGE-USD"}, {"trade_id": 138544519, "side": "sell", "size": "2988.40000000", "price": "0.20359000", "time": "2025-07-11T16:38:15.697357Z", "fetched_at": "2025-07-11T16:39:33.603160+00:00", "symbol": "DOGE-USD"}, {"trade_id": 138544518, "side": "sell", "size": "1933.30000000", "price": "0.20358000", "time": "2025-07-11T16:38:15.697357Z", "fetched_at": "2025-07-11T16:39:33.603160+00:00", "symbol": "DOGE-USD"}, {"trade_id": 138544517, "side": "sell", "size": "1474.70000000", "price": "0.20358000", "time": "2025-07-11T16:38:15.697357Z", "fetched_at": "2025-07-11T16:39:33.603160+00:00", "symbol": "DOGE-USD"}, {"trade_id": 138544516, "side": "sell", "size": "2650.70000000", "price": "0.20358000", "time": "2025-07-11T16:38:15.697357Z", "fetched_at": "2025-07-11T16:39:33.603160+00:00", "symbol": "DOGE-USD"}, {"trade_id": 138544515, "side": "sell", "size": "1354.00000000", "price": "0.20357000", "time": "2025-07-11T16:38:15.697357Z", "fetched_at": "2025-07-11T16:39:33.603160+00:00", "symbol": "DOGE-USD"}, {"trade_id": 138544514, "side": "sell", "size": "850.50000000", "price": "0.20357000", "time": "2025-07-11T16:38:15.697357Z", "fetched_at": "2025-07-11T16:39:33.603160+00:00", "symbol": "DOGE-USD"}, {"trade_id": 138544513, "side": "sell", "size": "5.50000000", "price": "0.20356000", "time": "2025-07-11T16:38:15.697357Z", "fetched_at": "2025-07-11T16:39:33.603160+00:00", "symbol": "DOGE-USD"}, {"trade_id": 138544512, "side": "sell", "size": "5.50000000", "price": "0.20354000", "time": "2025-07-11T16:38:15.697357Z", "fetched_at": "2025-07-11T16:39:33.603160+00:00", "symbol": "DOGE-USD"}, {"trade_id": 138544511, "side": "sell", "size": "850.50000000", "price": "0.20353000", "time": "2025-07-11T16:38:15.697357Z", "fetched_at": "2025-07-11T16:39:33.603160+00:00", "symbol": "DOGE-USD"}, {"trade_id": 138544510, "side": "sell", "size": "5.50000000", "price": "0.20352000", "time": "2025-07-11T16:38:15.697357Z", "fetched_at": "2025-07-11T16:39:33.603160+00:00", "symbol": "DOGE-USD"}, {"trade_id": 138544509, "side": "sell", "size": "5.50000000", "price": "0.20350000", "time": "2025-07-11T16:38:15.697357Z", "fetched_at": "2025-07-11T16:39:33.603160+00:00", "symbol": "DOGE-USD"}, {"trade_id": 138544508, "side": "sell", "size": "245.70000000", "price": "0.20350000", "time": "2025-07-11T16:38:15.697357Z", "fetched_at": "2025-07-11T16:39:33.603160+00:00", "symbol": "DOGE-USD"}, {"trade_id": 138544507, "side": "sell", "size": "1967.30000000", "price": "0.20349000", "time": "2025-07-11T16:38:15.693886Z", "fetched_at": "2025-07-11T16:39:33.603160+00:00", "symbol": "DOGE-USD"}, {"trade_id": 138544506, "side": "sell", "size": "5.50000000", "price": "0.20348000", "time": "2025-07-11T16:38:15.693886Z", "fetched_at": "2025-07-11T16:39:33.603160+00:00", "symbol": "DOGE-USD"}, {"trade_id": 138544505, "side": "sell", "size": "5.50000000", "price": "0.20346000", "time": "2025-07-11T16:38:15.693886Z", "fetched_at": "2025-07-11T16:39:33.603160+00:00", "symbol": "DOGE-USD"}, {"trade_id": 138544504, "side": "sell", "size": "3000.00000000", "price": "0.20344000", "time": "2025-07-11T16:38:15.067350Z", "fetched_at": "2025-07-11T16:39:33.603160+00:00", "symbol": "DOGE-USD"}, {"trade_id": 138544503, "side": "buy", "size": "568.00000000", "price": "0.20343000", "time": "2025-07-11T16:38:12.721624Z", "fetched_at": "2025-07-11T16:39:33.603160+00:00", "symbol": "DOGE-USD"}, {"trade_id": 138544502, "side": "sell", "size": "5.50000000", "price": "0.20344000", "time": "2025-07-11T16:38:11.267331Z", "fetched_at": "2025-07-11T16:39:33.603160+00:00", "symbol": "DOGE-USD"}, {"trade_id": 138544501, "side": "sell", "size": "5.50000000", "price": "0.20342000", "time": "2025-07-11T16:38:10.934207Z", "fetched_at": "2025-07-11T16:39:33.603160+00:00", "symbol": "DOGE-USD"}, {"trade_id": 138544500, "side": "sell", "size": "5.50000000", "price": "0.20340000", "time": "2025-07-11T16:38:10.802923Z", "fetched_at": "2025-07-11T16:39:33.603160+00:00", "symbol": "DOGE-USD"}, {"trade_id": 138544499, "side": "buy", "size": "1128.30000000", "price": "0.20335000", "time": "2025-07-11T16:38:09.232965Z", "fetched_at": "2025-07-11T16:39:33.603160+00:00", "symbol": "DOGE-USD"}, {"trade_id": 138544498, "side": "buy", "size": "380.10000000", "price": "0.20335000", "time": "2025-07-11T16:38:08.975262Z", "fetched_at": "2025-07-11T16:39:33.603160+00:00", "symbol": "DOGE-USD"}, {"trade_id": 138544497, "side": "buy", "size": "1564.70000000", "price": "0.20336000", "time": "2025-07-11T16:38:08.975262Z", "fetched_at": "2025-07-11T16:39:33.603160+00:00", "symbol": "DOGE-USD"}, {"trade_id": 138544496, "side": "buy", "size": "681.80000000", "price": "0.20337000", "time": "2025-07-11T16:38:08.975262Z", "fetched_at": "2025-07-11T16:39:33.603160+00:00", "symbol": "DOGE-USD"}, {"trade_id": 138544495, "side": "buy", "size": "255.60000000", "price": "0.20337000", "time": "2025-07-11T16:38:08.975262Z", "fetched_at": "2025-07-11T16:39:33.603160+00:00", "symbol": "DOGE-USD"}, {"trade_id": 138544494, "side": "sell", "size": "5.50000000", "price": "0.20338000", "time": "2025-07-11T16:38:07.265738Z", "fetched_at": "2025-07-11T16:39:33.603160+00:00", "symbol": "DOGE-USD"}, {"trade_id": 138544493, "side": "sell", "size": "604.60000000", "price": "0.20334000", "time": "2025-07-11T16:38:04.837022Z", "fetched_at": "2025-07-11T16:39:33.603160+00:00", "symbol": "DOGE-USD"}, {"trade_id": 138544492, "side": "buy", "size": "850.10000000", "price": "0.20332000", "time": "2025-07-11T16:38:04.028607Z", "fetched_at": "2025-07-11T16:39:33.603160+00:00", "symbol": "DOGE-USD"}, {"trade_id": 138544491, "side": "buy", "size": "183.00000000", "price": "0.20333000", "time": "2025-07-11T16:38:04.028607Z", "fetched_at": "2025-07-11T16:39:33.603160+00:00", "symbol": "DOGE-USD"}, {"trade_id": 138544490, "side": "buy", "size": "604.60000000", "price": "0.20335000", "time": "2025-07-11T16:38:03.457009Z", "fetched_at": "2025-07-11T16:39:33.603160+00:00", "symbol": "DOGE-USD"}, {"trade_id": 138544489, "side": "sell", "size": "6056.60000000", "price": "0.20337000", "time": "2025-07-11T16:38:02.652217Z", "fetched_at": "2025-07-11T16:39:33.603160+00:00", "symbol": "DOGE-USD"}, {"trade_id": 138544488, "side": "sell", "size": "2500.00000000", "price": "0.20336000", "time": "2025-07-11T16:38:02.651661Z", "fetched_at": "2025-07-11T16:39:33.603160+00:00", "symbol": "DOGE-USD"}, {"trade_id": 138544487, "side": "sell", "size": "6719.50000000", "price": "0.20336000", "time": "2025-07-11T16:38:02.651661Z", "fetched_at": "2025-07-11T16:39:33.603160+00:00", "symbol": "DOGE-USD"}, {"trade_id": 138544486, "side": "sell", "size": "5.50000000", "price": "0.20336000", "time": "2025-07-11T16:38:02.651661Z", "fetched_at": "2025-07-11T16:39:33.603160+00:00", "symbol": "DOGE-USD"}, {"trade_id": 138544485, "side": "sell", "size": "15163.00000000", "price": "0.20336000", "time": "2025-07-11T16:38:02.651661Z", "fetched_at": "2025-07-11T16:39:33.603160+00:00", "symbol": "DOGE-USD"}, {"trade_id": 138544484, "side": "sell", "size": "9101.10000000", "price": "0.20335000", "time": "2025-07-11T16:38:02.648637Z", "fetched_at": "2025-07-11T16:39:33.603160+00:00", "symbol": "DOGE-USD"}, {"trade_id": 138544483, "side": "sell", "size": "5.50000000", "price": "0.20332000", "time": "2025-07-11T16:38:02.648637Z", "fetched_at": "2025-07-11T16:39:33.603160+00:00", "symbol": "DOGE-USD"}, {"trade_id": 138544482, "side": "buy", "size": "5.80000000", "price": "0.20328000", "time": "2025-07-11T16:38:02.113207Z", "fetched_at": "2025-07-11T16:39:33.603160+00:00", "symbol": "DOGE-USD"}, {"trade_id": 138544481, "side": "buy", "size": "185.90000000", "price": "0.20327000", "time": "2025-07-11T16:38:01.995882Z", "fetched_at": "2025-07-11T16:39:33.603160+00:00", "symbol": "DOGE-USD"}, {"trade_id": 138544480, "side": "buy", "size": "181.30000000", "price": "0.20331000", "time": "2025-07-11T16:37:59.876866Z", "fetched_at": "2025-07-11T16:39:33.603160+00:00", "symbol": "DOGE-USD"}, {"trade_id": 138544479, "side": "buy", "size": "181.30000000", "price": "0.20333000", "time": "2025-07-11T16:37:57.424597Z", "fetched_at": "2025-07-11T16:39:33.603160+00:00", "symbol": "DOGE-USD"}, {"trade_id": 138544478, "side": "buy", "size": "436.90000000", "price": "0.20337000", "time": "2025-07-11T16:37:56.018746Z", "fetched_at": "2025-07-11T16:39:33.603160+00:00", "symbol": "DOGE-USD"}, {"trade_id": 138544477, "side": "sell", "size": "11703.90000000", "price": "0.20336000", "time": "2025-07-11T16:37:55.578050Z", "fetched_at": "2025-07-11T16:39:33.603160+00:00", "symbol": "DOGE-USD"}, {"trade_id": 138544476, "side": "sell", "size": "18940.60000000", "price": "0.20336000", "time": "2025-07-11T16:37:55.577999Z", "fetched_at": "2025-07-11T16:39:33.603160+00:00", "symbol": "DOGE-USD"}, {"trade_id": 138544475, "side": "sell", "size": "28955.00000000", "price": "0.20336000", "time": "2025-07-11T16:37:55.577214Z", "fetched_at": "2025-07-11T16:39:33.603160+00:00", "symbol": "DOGE-USD"}, {"trade_id": 138544474, "side": "sell", "size": "15271.40000000", "price": "0.20336000", "time": "2025-07-11T16:37:55.573461Z", "fetched_at": "2025-07-11T16:39:33.603160+00:00", "symbol": "DOGE-USD"}, {"trade_id": 138544473, "side": "sell", "size": "5129.10000000", "price": "0.20336000", "time": "2025-07-11T16:37:55.573454Z", "fetched_at": "2025-07-11T16:39:33.603160+00:00", "symbol": "DOGE-USD"}, {"trade_id": 138544472, "side": "sell", "size": "3656.50000000", "price": "0.20336000", "time": "2025-07-11T16:37:55.573454Z", "fetched_at": "2025-07-11T16:39:33.603160+00:00", "symbol": "DOGE-USD"}, {"trade_id": 138544471, "side": "sell", "size": "5.50000000", "price": "0.20336000", "time": "2025-07-11T16:37:55.573454Z", "fetched_at": "2025-07-11T16:39:33.603160+00:00", "symbol": "DOGE-USD"}, {"trade_id": 138544470, "side": "sell", "size": "49319.70000000", "price": "0.20335000", "time": "2025-07-11T16:37:55.568886Z", "fetched_at": "2025-07-11T16:39:33.603160+00:00", "symbol": "DOGE-USD"}, {"trade_id": 138544469, "side": "sell", "size": "5.50000000", "price": "0.20334000", "time": "2025-07-11T16:37:55.568886Z", "fetched_at": "2025-07-11T16:39:33.603160+00:00", "symbol": "DOGE-USD"}, {"trade_id": 138544468, "side": "sell", "size": "9369.80000000", "price": "0.20333000", "time": "2025-07-11T16:37:55.462819Z", "fetched_at": "2025-07-11T16:39:33.603160+00:00", "symbol": "DOGE-USD"}, {"trade_id": 138544467, "side": "sell", "size": "5.50000000", "price": "0.20332000", "time": "2025-07-11T16:37:55.457261Z", "fetched_at": "2025-07-11T16:39:33.603160+00:00", "symbol": "DOGE-USD"}, {"trade_id": 138544466, "side": "sell", "size": "5.50000000", "price": "0.20330000", "time": "2025-07-11T16:37:55.457261Z", "fetched_at": "2025-07-11T16:39:33.603160+00:00", "symbol": "DOGE-USD"}, {"trade_id": 138544465, "side": "sell", "size": "5.50000000", "price": "0.20328000", "time": "2025-07-11T16:37:55.457261Z", "fetched_at": "2025-07-11T16:39:33.603160+00:00", "symbol": "DOGE-USD"}, {"trade_id": 138544464, "side": "sell", "size": "5.50000000", "price": "0.20326000", "time": "2025-07-11T16:37:54.434083Z", "fetched_at": "2025-07-11T16:39:33.603160+00:00", "symbol": "DOGE-USD"}, {"trade_id": 138544463, "side": "sell", "size": "73.70000000", "price": "0.20325000", "time": "2025-07-11T16:37:54.430707Z", "fetched_at": "2025-07-11T16:39:33.603160+00:00", "symbol": "DOGE-USD"}, {"trade_id": 138544462, "side": "sell", "size": "5.50000000", "price": "0.20324000", "time": "2025-07-11T16:37:54.424504Z", "fetched_at": "2025-07-11T16:39:33.603160+00:00", "symbol": "DOGE-USD"}, {"trade_id": 138544461, "side": "buy", "size": "1136.70000000", "price": "0.20319000", "time": "2025-07-11T16:37:53.475637Z", "fetched_at": "2025-07-11T16:39:33.603160+00:00", "symbol": "DOGE-USD"}, {"trade_id": 138544460, "side": "buy", "size": "1363.30000000", "price": "0.20321000", "time": "2025-07-11T16:37:53.475637Z", "fetched_at": "2025-07-11T16:39:33.603160+00:00", "symbol": "DOGE-USD"}, {"trade_id": 138544459, "side": "sell", "size": "2.30000000", "price": "0.20323000", "time": "2025-07-11T16:37:49.883692Z", "fetched_at": "2025-07-11T16:39:33.603160+00:00", "symbol": "DOGE-USD"}, {"trade_id": 138544458, "side": "sell", "size": "187.00000000", "price": "0.20322000", "time": "2025-07-11T16:37:49.085619Z", "fetched_at": "2025-07-11T16:39:33.603160+00:00", "symbol": "DOGE-USD"}, {"trade_id": 138544457, "side": "sell", "size": "1800.00000000", "price": "0.20321000", "time": "2025-07-11T16:37:49.073293Z", "fetched_at": "2025-07-11T16:39:33.603160+00:00", "symbol": "DOGE-USD"}, {"trade_id": 138544456, "side": "buy", "size": "755.50000000", "price": "0.20315000", "time": "2025-07-11T16:37:47.748165Z", "fetched_at": "2025-07-11T16:39:33.603160+00:00", "symbol": "DOGE-USD"}, {"trade_id": 138544455, "side": "buy", "size": "1783.90000000", "price": "0.20315000", "time": "2025-07-11T16:37:47.748165Z", "fetched_at": "2025-07-11T16:39:33.603160+00:00", "symbol": "DOGE-USD"}, {"trade_id": 138544454, "side": "buy", "size": "1209.30000000", "price": "0.20315000", "time": "2025-07-11T16:37:47.748165Z", "fetched_at": "2025-07-11T16:39:33.603160+00:00", "symbol": "DOGE-USD"}, {"trade_id": 138544453, "side": "buy", "size": "850.50000000", "price": "0.20316000", "time": "2025-07-11T16:37:47.748165Z", "fetched_at": "2025-07-11T16:39:33.603160+00:00", "symbol": "DOGE-USD"}, {"trade_id": 138544452, "side": "buy", "size": "5.50000000", "price": "0.20316000", "time": "2025-07-11T16:37:47.748165Z", "fetched_at": "2025-07-11T16:39:33.603160+00:00", "symbol": "DOGE-USD"}, {"trade_id": 138544451, "side": "buy", "size": "1207.40000000", "price": "0.20317000", "time": "2025-07-11T16:37:47.748165Z", "fetched_at": "2025-07-11T16:39:33.603160+00:00", "symbol": "DOGE-USD"}, {"trade_id": 138544450, "side": "buy", "size": "25.20000000", "price": "0.20318000", "time": "2025-07-11T16:37:47.748165Z", "fetched_at": "2025-07-11T16:39:33.603160+00:00", "symbol": "DOGE-USD"}, {"trade_id": 138544449, "side": "buy", "size": "1305.50000000", "price": "0.20319000", "time": "2025-07-11T16:37:47.748165Z", "fetched_at": "2025-07-11T16:39:33.603160+00:00", "symbol": "DOGE-USD"}, {"trade_id": 138544448, "side": "buy", "size": "246.90000000", "price": "0.20318000", "time": "2025-07-11T16:37:46.514260Z", "fetched_at": "2025-07-11T16:39:33.603160+00:00", "symbol": "DOGE-USD"}, {"trade_id": 138544447, "side": "buy", "size": "5.50000000", "price": "0.20318000", "time": "2025-07-11T16:37:46.514260Z", "fetched_at": "2025-07-11T16:39:33.603160+00:00", "symbol": "DOGE-USD"}, {"trade_id": 138544446, "side": "buy", "size": "1406.20000000", "price": "0.20319000", "time": "2025-07-11T16:37:46.514260Z", "fetched_at": "2025-07-11T16:39:33.603160+00:00", "symbol": "DOGE-USD"}, {"trade_id": 138544445, "side": "buy", "size": "5.50000000", "price": "0.20320000", "time": "2025-07-11T16:37:44.611892Z", "fetched_at": "2025-07-11T16:39:33.603160+00:00", "symbol": "DOGE-USD"}, {"trade_id": 138544444, "side": "buy", "size": "203.30000000", "price": "0.20322000", "time": "2025-07-11T16:37:44.598359Z", "fetched_at": "2025-07-11T16:39:33.603160+00:00", "symbol": "DOGE-USD"}, {"trade_id": 138544443, "side": "buy", "size": "5.50000000", "price": "0.20322000", "time": "2025-07-11T16:37:44.598359Z", "fetched_at": "2025-07-11T16:39:33.603160+00:00", "symbol": "DOGE-USD"}, {"trade_id": 138544442, "side": "buy", "size": "499.50000000", "price": "0.20324000", "time": "2025-07-11T16:37:44.394128Z", "fetched_at": "2025-07-11T16:39:33.603160+00:00", "symbol": "DOGE-USD"}, {"trade_id": 138544441, "side": "buy", "size": "248.40000000", "price": "0.20324000", "time": "2025-07-11T16:37:44.394128Z", "fetched_at": "2025-07-11T16:39:33.603160+00:00", "symbol": "DOGE-USD"}, {"trade_id": 138544440, "side": "buy", "size": "245.50000000", "price": "0.20324000", "time": "2025-07-11T16:37:44.394128Z", "fetched_at": "2025-07-11T16:39:33.603160+00:00", "symbol": "DOGE-USD"}, {"trade_id": 138544439, "side": "buy", "size": "310.10000000", "price": "0.20323000", "time": "2025-07-11T16:37:42.340584Z", "fetched_at": "2025-07-11T16:39:33.603160+00:00", "symbol": "DOGE-USD"}, {"trade_id": 138544438, "side": "buy", "size": "386.10000000", "price": "0.20324000", "time": "2025-07-11T16:37:42.340584Z", "fetched_at": "2025-07-11T16:39:33.603160+00:00", "symbol": "DOGE-USD"}, {"trade_id": 138544437, "side": "buy", "size": "5.50000000", "price": "0.20324000", "time": "2025-07-11T16:37:42.340584Z", "fetched_at": "2025-07-11T16:39:33.603160+00:00", "symbol": "DOGE-USD"}, {"trade_id": 138544436, "side": "buy", "size": "865.00000000", "price": "0.20328000", "time": "2025-07-11T16:37:41.079986Z", "fetched_at": "2025-07-11T16:39:33.603160+00:00", "symbol": "DOGE-USD"}, {"trade_id": 138544435, "side": "buy", "size": "5.50000000", "price": "0.20328000", "time": "2025-07-11T16:37:41.079986Z", "fetched_at": "2025-07-11T16:39:33.603160+00:00", "symbol": "DOGE-USD"}, {"trade_id": 138544434, "side": "buy", "size": "5.50000000", "price": "0.20330000", "time": "2025-07-11T16:37:40.975541Z", "fetched_at": "2025-07-11T16:39:33.603160+00:00", "symbol": "DOGE-USD"}, {"trade_id": 138544433, "side": "buy", "size": "548.50000000", "price": "0.20333000", "time": "2025-07-11T16:37:40.604894Z", "fetched_at": "2025-07-11T16:39:33.603160+00:00", "symbol": "DOGE-USD"}, {"trade_id": 138544432, "side": "buy", "size": "255.70000000", "price": "0.20333000", "time": "2025-07-11T16:37:40.604894Z", "fetched_at": "2025-07-11T16:39:33.603160+00:00", "symbol": "DOGE-USD"}, {"trade_id": 138544431, "side": "buy", "size": "255.60000000", "price": "0.20335000", "time": "2025-07-11T16:37:40.536353Z", "fetched_at": "2025-07-11T16:39:33.603160+00:00", "symbol": "DOGE-USD"}, {"trade_id": 138544430, "side": "sell", "size": "5.50000000", "price": "0.20334000", "time": "2025-07-11T16:37:37.900732Z", "fetched_at": "2025-07-11T16:39:33.603160+00:00", "symbol": "DOGE-USD"}, {"trade_id": 138544429, "side": "buy", "size": "248.80000000", "price": "0.20330000", "time": "2025-07-11T16:37:36.379261Z", "fetched_at": "2025-07-11T16:39:33.603160+00:00", "symbol": "DOGE-USD"}, {"trade_id": 138544428, "side": "sell", "size": "5.50000000", "price": "0.20332000", "time": "2025-07-11T16:37:35.763649Z", "fetched_at": "2025-07-11T16:39:33.603160+00:00", "symbol": "DOGE-USD"}, {"trade_id": 138544427, "side": "sell", "size": "5.50000000", "price": "0.20330000", "time": "2025-07-11T16:37:35.531361Z", "fetched_at": "2025-07-11T16:39:33.603160+00:00", "symbol": "DOGE-USD"}, {"trade_id": 138544426, "side": "sell", "size": "5.50000000", "price": "0.20328000", "time": "2025-07-11T16:37:35.427593Z", "fetched_at": "2025-07-11T16:39:33.603160+00:00", "symbol": "DOGE-USD"}, {"trade_id": 138544425, "side": "sell", "size": "624.20000000", "price": "0.20324000", "time": "2025-07-11T16:37:34.000046Z", "fetched_at": "2025-07-11T16:39:33.603160+00:00", "symbol": "DOGE-USD"}, {"trade_id": 138544424, "side": "sell", "size": "177.50000000", "price": "0.20324000", "time": "2025-07-11T16:37:33.995932Z", "fetched_at": "2025-07-11T16:39:33.603160+00:00", "symbol": "DOGE-USD"}, {"trade_id": 138544423, "side": "sell", "size": "5.50000000", "price": "0.20324000", "time": "2025-07-11T16:37:33.995932Z", "fetched_at": "2025-07-11T16:39:33.603160+00:00", "symbol": "DOGE-USD"}, {"trade_id": 138544422, "side": "buy", "size": "29.80000000", "price": "0.20323000", "time": "2025-07-11T16:37:33.436087Z", "fetched_at": "2025-07-11T16:39:33.603160+00:00", "symbol": "DOGE-USD"}, {"trade_id": 138544421, "side": "sell", "size": "5.50000000", "price": "0.20322000", "time": "2025-07-11T16:37:31.927868Z", "fetched_at": "2025-07-11T16:39:33.603160+00:00", "symbol": "DOGE-USD"}, {"trade_id": 138544420, "side": "sell", "size": "125.10000000", "price": "0.20321000", "time": "2025-07-11T16:37:31.601538Z", "fetched_at": "2025-07-11T16:39:33.603160+00:00", "symbol": "DOGE-USD"}, {"trade_id": 138544419, "side": "sell", "size": "189.80000000", "price": "0.20321000", "time": "2025-07-11T16:37:31.591379Z", "fetched_at": "2025-07-11T16:39:33.603160+00:00", "symbol": "DOGE-USD"}, {"trade_id": 138544418, "side": "sell", "size": "5.50000000", "price": "0.20320000", "time": "2025-07-11T16:37:31.586846Z", "fetched_at": "2025-07-11T16:39:33.603160+00:00", "symbol": "DOGE-USD"}, {"trade_id": 138544417, "side": "sell", "size": "5.50000000", "price": "0.20318000", "time": "2025-07-11T16:37:31.583514Z", "fetched_at": "2025-07-11T16:39:33.603160+00:00", "symbol": "DOGE-USD"}, {"trade_id": 138544416, "side": "sell", "size": "5.50000000", "price": "0.20316000", "time": "2025-07-11T16:37:31.043331Z", "fetched_at": "2025-07-11T16:39:33.603160+00:00", "symbol": "DOGE-USD"}, {"trade_id": 138544415, "side": "sell", "size": "5.50000000", "price": "0.20314000", "time": "2025-07-11T16:37:30.978407Z", "fetched_at": "2025-07-11T16:39:33.603160+00:00", "symbol": "DOGE-USD"}, {"trade_id": 138544414, "side": "buy", "size": "882.70000000", "price": "0.20308000", "time": "2025-07-11T16:37:29.897528Z", "fetched_at": "2025-07-11T16:39:33.603160+00:00", "symbol": "DOGE-USD"}, {"trade_id": 138544413, "side": "buy", "size": "1328.50000000", "price": "0.20309000", "time": "2025-07-11T16:37:29.897528Z", "fetched_at": "2025-07-11T16:39:33.603160+00:00", "symbol": "DOGE-USD"}, {"trade_id": 138544412, "side": "buy", "size": "1270.60000000", "price": "0.20309000", "time": "2025-07-11T16:37:29.897528Z", "fetched_at": "2025-07-11T16:39:33.603160+00:00", "symbol": "DOGE-USD"}, {"trade_id": 138544411, "side": "buy", "size": "439.70000000", "price": "0.20313000", "time": "2025-07-11T16:37:29.682311Z", "fetched_at": "2025-07-11T16:39:33.603160+00:00", "symbol": "DOGE-USD"}, {"trade_id": 138544410, "side": "buy", "size": "280.80000000", "price": "0.20309000", "time": "2025-07-11T16:37:26.803932Z", "fetched_at": "2025-07-11T16:39:33.603160+00:00", "symbol": "DOGE-USD"}, {"trade_id": 138544409, "side": "buy", "size": "456.60000000", "price": "0.20312000", "time": "2025-07-11T16:37:26.745313Z", "fetched_at": "2025-07-11T16:39:33.603160+00:00", "symbol": "DOGE-USD"}, {"trade_id": 138544408, "side": "buy", "size": "2951.80000000", "price": "0.20315000", "time": "2025-07-11T16:37:26.174256Z", "fetched_at": "2025-07-11T16:39:33.603160+00:00", "symbol": "DOGE-USD"}, {"trade_id": 138544407, "side": "buy", "size": "2955.00000000", "price": "0.20315000", "time": "2025-07-11T16:37:26.174256Z", "fetched_at": "2025-07-11T16:39:33.603160+00:00", "symbol": "DOGE-USD"}, {"trade_id": 138544406, "side": "buy", "size": "300.90000000", "price": "0.20315000", "time": "2025-07-11T16:37:26.174256Z", "fetched_at": "2025-07-11T16:39:33.603160+00:00", "symbol": "DOGE-USD"}, {"trade_id": 138544405, "side": "buy", "size": "1097.40000000", "price": "0.20316000", "time": "2025-07-11T16:37:26.169024Z", "fetched_at": "2025-07-11T16:39:33.603160+00:00", "symbol": "DOGE-USD"}, {"trade_id": 138544404, "side": "buy", "size": "850.50000000", "price": "0.20317000", "time": "2025-07-11T16:37:26.169024Z", "fetched_at": "2025-07-11T16:39:33.603160+00:00", "symbol": "DOGE-USD"}, {"trade_id": 138544403, "side": "buy", "size": "183.00000000", "price": "0.20320000", "time": "2025-07-11T16:37:26.169024Z", "fetched_at": "2025-07-11T16:39:33.603160+00:00", "symbol": "DOGE-USD"}, {"trade_id": 138544402, "side": "buy", "size": "248.40000000", "price": "0.20320000", "time": "2025-07-11T16:37:26.169024Z", "fetched_at": "2025-07-11T16:39:33.603160+00:00", "symbol": "DOGE-USD"}, {"trade_id": 138544401, "side": "buy", "size": "245.50000000", "price": "0.20320000", "time": "2025-07-11T16:37:26.169024Z", "fetched_at": "2025-07-11T16:39:33.603160+00:00", "symbol": "DOGE-USD"}, {"trade_id": 138544400, "side": "buy", "size": "1190.30000000", "price": "0.20322000", "time": "2025-07-11T16:37:25.204027Z", "fetched_at": "2025-07-11T16:39:33.603160+00:00", "symbol": "DOGE-USD"}, {"trade_id": 138544399, "side": "sell", "size": "5.50000000", "price": "0.20320000", "time": "2025-07-11T16:37:25.034176Z", "fetched_at": "2025-07-11T16:39:33.603160+00:00", "symbol": "DOGE-USD"}, {"trade_id": 138544398, "side": "sell", "size": "63.00000000", "price": "0.20320000", "time": "2025-07-11T16:37:25.034176Z", "fetched_at": "2025-07-11T16:39:33.603160+00:00", "symbol": "DOGE-USD"}, {"trade_id": 138544397, "side": "sell", "size": "183.00000000", "price": "0.20320000", "time": "2025-07-11T16:37:25.034144Z", "fetched_at": "2025-07-11T16:39:33.603160+00:00", "symbol": "DOGE-USD"}, {"trade_id": 138544396, "side": "sell", "size": "5.50000000", "price": "0.20318000", "time": "2025-07-11T16:37:24.651789Z", "fetched_at": "2025-07-11T16:39:33.603160+00:00", "symbol": "DOGE-USD"}, {"trade_id": 138544395, "side": "sell", "size": "5.50000000", "price": "0.20316000", "time": "2025-07-11T16:37:24.527201Z", "fetched_at": "2025-07-11T16:39:33.603160+00:00", "symbol": "DOGE-USD"}, {"trade_id": 138544394, "side": "sell", "size": "5.50000000", "price": "0.20314000", "time": "2025-07-11T16:37:24.176073Z", "fetched_at": "2025-07-11T16:39:33.603160+00:00", "symbol": "DOGE-USD"}, {"trade_id": 138544393, "side": "sell", "size": "5.50000000", "price": "0.20312000", "time": "2025-07-11T16:37:23.006711Z", "fetched_at": "2025-07-11T16:39:33.603160+00:00", "symbol": "DOGE-USD"}, {"trade_id": 138544392, "side": "sell", "size": "5.50000000", "price": "0.20310000", "time": "2025-07-11T16:37:22.996226Z", "fetched_at": "2025-07-11T16:39:33.603160+00:00", "symbol": "DOGE-USD"}, {"trade_id": 138544391, "side": "sell", "size": "5.50000000", "price": "0.20308000", "time": "2025-07-11T16:37:21.473220Z", "fetched_at": "2025-07-11T16:39:33.603160+00:00", "symbol": "DOGE-USD"}, {"trade_id": 138544390, "side": "sell", "size": "5.50000000", "price": "0.20306000", "time": "2025-07-11T16:37:20.741601Z", "fetched_at": "2025-07-11T16:39:33.603160+00:00", "symbol": "DOGE-USD"}, {"trade_id": 138544389, "side": "sell", "size": "5.50000000", "price": "0.20304000", "time": "2025-07-11T16:37:20.617554Z", "fetched_at": "2025-07-11T16:39:33.603160+00:00", "symbol": "DOGE-USD"}, {"trade_id": 138544388, "side": "sell", "size": "5.50000000", "price": "0.20302000", "time": "2025-07-11T16:37:19.501784Z", "fetched_at": "2025-07-11T16:39:33.603160+00:00", "symbol": "DOGE-USD"}, {"trade_id": 138544387, "side": "sell", "size": "1778.40000000", "price": "0.20300000", "time": "2025-07-11T16:37:18.456945Z", "fetched_at": "2025-07-11T16:39:33.603160+00:00", "symbol": "DOGE-USD"}, {"trade_id": 138544386, "side": "sell", "size": "1335.70000000", "price": "0.20300000", "time": "2025-07-11T16:37:18.456945Z", "fetched_at": "2025-07-11T16:39:33.603160+00:00", "symbol": "DOGE-USD"}, {"trade_id": 138544385, "side": "sell", "size": "5.50000000", "price": "0.20300000", "time": "2025-07-11T16:37:18.456945Z", "fetched_at": "2025-07-11T16:39:33.603160+00:00", "symbol": "DOGE-USD"}, {"trade_id": 138544384, "side": "sell", "size": "1573.70000000", "price": "0.20299000", "time": "2025-07-11T16:37:18.456945Z", "fetched_at": "2025-07-11T16:39:33.603160+00:00", "symbol": "DOGE-USD"}, {"trade_id": 138544383, "side": "sell", "size": "89.80000000", "price": "0.20298000", "time": "2025-07-11T16:37:18.456945Z", "fetched_at": "2025-07-11T16:39:33.603160+00:00", "symbol": "DOGE-USD"}, {"trade_id": 138544382, "side": "sell", "size": "5.50000000", "price": "0.20298000", "time": "2025-07-11T16:37:18.456945Z", "fetched_at": "2025-07-11T16:39:33.603160+00:00", "symbol": "DOGE-USD"}, {"trade_id": 138544381, "side": "sell", "size": "3000.00000000", "price": "0.20296000", "time": "2025-07-11T16:37:18.433815Z", "fetched_at": "2025-07-11T16:39:33.603160+00:00", "symbol": "DOGE-USD"}, {"trade_id": 138544380, "side": "sell", "size": "13001.10000000", "price": "0.20297000", "time": "2025-07-11T16:37:18.424681Z", "fetched_at": "2025-07-11T16:39:33.603160+00:00", "symbol": "DOGE-USD"}, {"trade_id": 138544379, "side": "sell", "size": "4683.70000000", "price": "0.20296000", "time": "2025-07-11T16:37:18.424681Z", "fetched_at": "2025-07-11T16:39:33.603160+00:00", "symbol": "DOGE-USD"}, {"trade_id": 138544378, "side": "sell", "size": "2770.60000000", "price": "0.20296000", "time": "2025-07-11T16:37:18.424681Z", "fetched_at": "2025-07-11T16:39:33.603160+00:00", "symbol": "DOGE-USD"}, {"trade_id": 138544377, "side": "sell", "size": "5.50000000", "price": "0.20296000", "time": "2025-07-11T16:37:18.424681Z", "fetched_at": "2025-07-11T16:39:33.603160+00:00", "symbol": "DOGE-USD"}, {"trade_id": 138544376, "side": "sell", "size": "5.50000000", "price": "0.20294000", "time": "2025-07-11T16:37:18.424681Z", "fetched_at": "2025-07-11T16:39:33.603160+00:00", "symbol": "DOGE-USD"}, {"trade_id": 138544375, "side": "sell", "size": "5.50000000", "price": "0.20292000", "time": "2025-07-11T16:37:16.492992Z", "fetched_at": "2025-07-11T16:39:33.603160+00:00", "symbol": "DOGE-USD"}, {"trade_id": 138544374, "side": "buy", "size": "79.10000000", "price": "0.20287000", "time": "2025-07-11T16:37:15.424114Z", "fetched_at": "2025-07-11T16:39:33.603160+00:00", "symbol": "DOGE-USD"}, {"trade_id": 138544373, "side": "buy", "size": "373.00000000", "price": "0.20290000", "time": "2025-07-11T16:37:15.421089Z", "fetched_at": "2025-07-11T16:39:33.603160+00:00", "symbol": "DOGE-USD"}, {"trade_id": 138544372, "side": "buy", "size": "1259.10000000", "price": "0.20290000", "time": "2025-07-11T16:37:15.421089Z", "fetched_at": "2025-07-11T16:39:33.603160+00:00", "symbol": "DOGE-USD"}, {"trade_id": 138544371, "side": "sell", "size": "5.50000000", "price": "0.20290000", "time": "2025-07-11T16:37:14.726830Z", "fetched_at": "2025-07-11T16:39:33.603160+00:00", "symbol": "DOGE-USD"}, {"trade_id": 138544370, "side": "sell", "size": "3000.00000000", "price": "0.20289000", "time": "2025-07-11T16:37:14.723297Z", "fetched_at": "2025-07-11T16:39:33.603160+00:00", "symbol": "DOGE-USD"}, {"trade_id": 138544369, "side": "buy", "size": "39.20000000", "price": "0.20287000", "time": "2025-07-11T16:37:14.417007Z", "fetched_at": "2025-07-11T16:39:33.603160+00:00", "symbol": "DOGE-USD"}, {"trade_id": 138544368, "side": "buy", "size": "14.80000000", "price": "0.20288000", "time": "2025-07-11T16:37:13.773700Z", "fetched_at": "2025-07-11T16:39:33.603160+00:00", "symbol": "DOGE-USD"}, {"trade_id": 138544367, "side": "sell", "size": "97.70000000", "price": "0.20288000", "time": "2025-07-11T16:37:13.620527Z", "fetched_at": "2025-07-11T16:39:33.603160+00:00", "symbol": "DOGE-USD"}, {"trade_id": 138544366, "side": "sell", "size": "9479.70000000", "price": "0.20291000", "time": "2025-07-11T16:37:12.977247Z", "fetched_at": "2025-07-11T16:39:33.603160+00:00", "symbol": "DOGE-USD"}, {"trade_id": 138544365, "side": "sell", "size": "15375.50000000", "price": "0.20290000", "time": "2025-07-11T16:37:12.973877Z", "fetched_at": "2025-07-11T16:39:33.603160+00:00", "symbol": "DOGE-USD"}, {"trade_id": 138544364, "side": "sell", "size": "5.50000000", "price": "0.20288000", "time": "2025-07-11T16:37:12.973877Z", "fetched_at": "2025-07-11T16:39:33.603160+00:00", "symbol": "DOGE-USD"}, {"trade_id": 138544363, "side": "sell", "size": "0.60000000", "price": "0.20284000", "time": "2025-07-11T16:37:09.270833Z", "fetched_at": "2025-07-11T16:39:33.603160+00:00", "symbol": "DOGE-USD"}, {"trade_id": 138544362, "side": "sell", "size": "4.90000000", "price": "0.20284000", "time": "2025-07-11T16:37:08.865392Z", "fetched_at": "2025-07-11T16:39:33.603160+00:00", "symbol": "DOGE-USD"}, {"trade_id": 138544361, "side": "buy", "size": "41.00000000", "price": "0.20280000", "time": "2025-07-11T16:37:08.576448Z", "fetched_at": "2025-07-11T16:39:33.603160+00:00", "symbol": "DOGE-USD"}, {"trade_id": 138544360, "side": "sell", "size": "9473.50000000", "price": "0.20283000", "time": "2025-07-11T16:37:06.083881Z", "fetched_at": "2025-07-11T16:39:33.603160+00:00", "symbol": "DOGE-USD"}, {"trade_id": 138544359, "side": "sell", "size": "5.50000000", "price": "0.20280000", "time": "2025-07-11T16:37:06.072951Z", "fetched_at": "2025-07-11T16:39:33.603160+00:00", "symbol": "DOGE-USD"}, {"trade_id": 138544358, "side": "sell", "size": "5.50000000", "price": "0.20276000", "time": "2025-07-11T16:37:05.788650Z", "fetched_at": "2025-07-11T16:39:33.603160+00:00", "symbol": "DOGE-USD"}, {"trade_id": 138544357, "side": "sell", "size": "5.50000000", "price": "0.20272000", "time": "2025-07-11T16:37:05.388146Z", "fetched_at": "2025-07-11T16:39:33.603160+00:00", "symbol": "DOGE-USD"}, {"trade_id": 138544356, "side": "sell", "size": "5.50000000", "price": "0.20268000", "time": "2025-07-11T16:37:05.262938Z", "fetched_at": "2025-07-11T16:39:33.603160+00:00", "symbol": "DOGE-USD"}, {"trade_id": 138544355, "side": "sell", "size": "1868.90000000", "price": "0.20264000", "time": "2025-07-11T16:37:04.296619Z", "fetched_at": "2025-07-11T16:39:33.603160+00:00", "symbol": "DOGE-USD"}, {"trade_id": 138544354, "side": "buy", "size": "368.20000000", "price": "0.20262000", "time": "2025-07-11T16:37:04.295065Z", "fetched_at": "2025-07-11T16:39:33.603160+00:00", "symbol": "DOGE-USD"}, {"trade_id": 138544353, "side": "buy", "size": "372.60000000", "price": "0.20262000", "time": "2025-07-11T16:37:04.294327Z", "fetched_at": "2025-07-11T16:39:33.603160+00:00", "symbol": "DOGE-USD"}, {"trade_id": 138544352, "side": "sell", "size": "9450.00000000", "price": "0.20263000", "time": "2025-07-11T16:37:04.291305Z", "fetched_at": "2025-07-11T16:39:33.603160+00:00", "symbol": "DOGE-USD"}, {"trade_id": 138544351, "side": "sell", "size": "1404.00000000", "price": "0.20262000", "time": "2025-07-11T16:37:04.288366Z", "fetched_at": "2025-07-11T16:39:33.603160+00:00", "symbol": "DOGE-USD"}, {"trade_id": 138544350, "side": "sell", "size": "6514.60000000", "price": "0.20262000", "time": "2025-07-11T16:37:04.288366Z", "fetched_at": "2025-07-11T16:39:33.603160+00:00", "symbol": "DOGE-USD"}, {"trade_id": 138544349, "side": "sell", "size": "13.20000000", "price": "0.20262000", "time": "2025-07-11T16:37:04.288366Z", "fetched_at": "2025-07-11T16:39:33.603160+00:00", "symbol": "DOGE-USD"}, {"trade_id": 138544348, "side": "sell", "size": "850.50000000", "price": "0.20262000", "time": "2025-07-11T16:37:04.288366Z", "fetched_at": "2025-07-11T16:39:33.603160+00:00", "symbol": "DOGE-USD"}, {"trade_id": 138544347, "side": "sell", "size": "3000.00000000", "price": "0.20259000", "time": "2025-07-11T16:37:04.287984Z", "fetched_at": "2025-07-11T16:39:33.603160+00:00", "symbol": "DOGE-USD"}, {"trade_id": 138544346, "side": "sell", "size": "1800.00000000", "price": "0.20258000", "time": "2025-07-11T16:37:04.287974Z", "fetched_at": "2025-07-11T16:39:33.603160+00:00", "symbol": "DOGE-USD"}, {"trade_id": 138544345, "side": "sell", "size": "4422.90000000", "price": "0.20257000", "time": "2025-07-11T16:37:04.287974Z", "fetched_at": "2025-07-11T16:39:33.603160+00:00", "symbol": "DOGE-USD"}, {"trade_id": 138544344, "side": "sell", "size": "4215.70000000", "price": "0.20257000", "time": "2025-07-11T16:37:04.287895Z", "fetched_at": "2025-07-11T16:39:33.603160+00:00", "symbol": "DOGE-USD"}, {"trade_id": 138544343, "side": "buy", "size": "1210.50000000", "price": "0.20254000", "time": "2025-07-11T16:37:04.091414Z", "fetched_at": "2025-07-11T16:39:33.603160+00:00", "symbol": "DOGE-USD"}, {"trade_id": 138544342, "side": "buy", "size": "1440.20000000", "price": "0.20255000", "time": "2025-07-11T16:37:04.089198Z", "fetched_at": "2025-07-11T16:39:33.603160+00:00", "symbol": "DOGE-USD"}, {"trade_id": 138544341, "side": "buy", "size": "5.50000000", "price": "0.20256000", "time": "2025-07-11T16:37:04.089198Z", "fetched_at": "2025-07-11T16:39:33.603160+00:00", "symbol": "DOGE-USD"}, {"trade_id": 138544340, "side": "buy", "size": "118.70000000", "price": "0.20260000", "time": "2025-07-11T16:37:02.628256Z", "fetched_at": "2025-07-11T16:39:33.603160+00:00", "symbol": "DOGE-USD"}, {"trade_id": 138544339, "side": "buy", "size": "5.50000000", "price": "0.20260000", "time": "2025-07-11T16:37:02.628256Z", "fetched_at": "2025-07-11T16:39:33.603160+00:00", "symbol": "DOGE-USD"}, {"trade_id": 138544338, "side": "sell", "size": "95.70000000", "price": "0.20261000", "time": "2025-07-11T16:37:02.392695Z", "fetched_at": "2025-07-11T16:39:33.603160+00:00", "symbol": "DOGE-USD"}, {"trade_id": 138544337, "side": "buy", "size": "0.10000000", "price": "0.20261000", "time": "2025-07-11T16:37:02.213241Z", "fetched_at": "2025-07-11T16:39:33.603160+00:00", "symbol": "DOGE-USD"}, {"trade_id": 138544336, "side": "buy", "size": "5.50000000", "price": "0.20262000", "time": "2025-07-11T16:37:01.890999Z", "fetched_at": "2025-07-11T16:39:33.603160+00:00", "symbol": "DOGE-USD"}, {"trade_id": 138544335, "side": "buy", "size": "11.00000000", "price": "0.20264000", "time": "2025-07-11T16:37:01.447600Z", "fetched_at": "2025-07-11T16:39:33.603160+00:00", "symbol": "DOGE-USD"}, {"trade_id": 138544334, "side": "buy", "size": "1282.50000000", "price": "0.20264000", "time": "2025-07-11T16:37:01.447148Z", "fetched_at": "2025-07-11T16:39:33.603160+00:00", "symbol": "DOGE-USD"}, {"trade_id": 138544333, "side": "buy", "size": "5.50000000", "price": "0.20264000", "time": "2025-07-11T16:37:01.447148Z", "fetched_at": "2025-07-11T16:39:33.603160+00:00", "symbol": "DOGE-USD"}, {"trade_id": 138544332, "side": "buy", "size": "5.50000000", "price": "0.20266000", "time": "2025-07-11T16:37:01.447148Z", "fetched_at": "2025-07-11T16:39:33.603160+00:00", "symbol": "DOGE-USD"}, {"trade_id": 138544331, "side": "buy", "size": "274.10000000", "price": "0.20268000", "time": "2025-07-11T16:37:01.371521Z", "fetched_at": "2025-07-11T16:39:33.603160+00:00", "symbol": "DOGE-USD"}, {"trade_id": 138544330, "side": "buy", "size": "5.50000000", "price": "0.20268000", "time": "2025-07-11T16:37:01.371521Z", "fetched_at": "2025-07-11T16:39:33.603160+00:00", "symbol": "DOGE-USD"}, {"trade_id": 138544329, "side": "buy", "size": "220.50000000", "price": "0.20272000", "time": "2025-07-11T16:36:59.906661Z", "fetched_at": "2025-07-11T16:39:33.603160+00:00", "symbol": "DOGE-USD"}, {"trade_id": 138544328, "side": "buy", "size": "1227.90000000", "price": "0.20272000", "time": "2025-07-11T16:36:59.906661Z", "fetched_at": "2025-07-11T16:39:33.603160+00:00", "symbol": "DOGE-USD"}, {"trade_id": 138544327, "side": "buy", "size": "41.70000000", "price": "0.20276000", "time": "2025-07-11T16:36:59.906661Z", "fetched_at": "2025-07-11T16:39:33.603160+00:00", "symbol": "DOGE-USD"}, {"trade_id": 138544326, "side": "buy", "size": "245.50000000", "price": "0.20277000", "time": "2025-07-11T16:36:59.578298Z", "fetched_at": "2025-07-11T16:39:33.603160+00:00", "symbol": "DOGE-USD"}, {"trade_id": 138544325, "side": "sell", "size": "850.50000000", "price": "0.20278000", "time": "2025-07-11T16:36:59.572883Z", "fetched_at": "2025-07-11T16:39:33.603160+00:00", "symbol": "DOGE-USD"}, {"trade_id": 138544324, "side": "sell", "size": "5.50000000", "price": "0.20276000", "time": "2025-07-11T16:36:59.571716Z", "fetched_at": "2025-07-11T16:39:33.603160+00:00", "symbol": "DOGE-USD"}, {"trade_id": 138544323, "side": "sell", "size": "9405.40000000", "price": "0.20275000", "time": "2025-07-11T16:36:59.570633Z", "fetched_at": "2025-07-11T16:39:33.603160+00:00", "symbol": "DOGE-USD"}, {"trade_id": 138544322, "side": "sell", "size": "5205.30000000", "price": "0.20275000", "time": "2025-07-11T16:36:59.570633Z", "fetched_at": "2025-07-11T16:39:33.603160+00:00", "symbol": "DOGE-USD"}, {"trade_id": 138544321, "side": "sell", "size": "2269.60000000", "price": "0.20274000", "time": "2025-07-11T16:36:59.570633Z", "fetched_at": "2025-07-11T16:39:33.603160+00:00", "symbol": "DOGE-USD"}, {"trade_id": 138544320, "side": "sell", "size": "2935.70000000", "price": "0.20274000", "time": "2025-07-11T16:36:59.570620Z", "fetched_at": "2025-07-11T16:39:33.603160+00:00", "symbol": "DOGE-USD"}, {"trade_id": 138544319, "side": "sell", "size": "3942.90000000", "price": "0.20273000", "time": "2025-07-11T16:36:59.569578Z", "fetched_at": "2025-07-11T16:39:33.603160+00:00", "symbol": "DOGE-USD"}, {"trade_id": 138544318, "side": "sell", "size": "9722.10000000", "price": "0.20273000", "time": "2025-07-11T16:36:59.569578Z", "fetched_at": "2025-07-11T16:39:33.603160+00:00", "symbol": "DOGE-USD"}, {"trade_id": 138544317, "side": "sell", "size": "5086.50000000", "price": "0.20273000", "time": "2025-07-11T16:36:59.569336Z", "fetched_at": "2025-07-11T16:39:33.603160+00:00", "symbol": "DOGE-USD"}, {"trade_id": 138544316, "side": "sell", "size": "8885.20000000", "price": "0.20272000", "time": "2025-07-11T16:36:59.569336Z", "fetched_at": "2025-07-11T16:39:33.603160+00:00", "symbol": "DOGE-USD"}, {"trade_id": 138544315, "side": "buy", "size": "83.10000000", "price": "0.20268000", "time": "2025-07-11T16:36:58.101126Z", "fetched_at": "2025-07-11T16:39:33.603160+00:00", "symbol": "DOGE-USD"}, {"trade_id": 138544314, "side": "sell", "size": "12942.60000000", "price": "0.20267000", "time": "2025-07-11T16:36:57.508162Z", "fetched_at": "2025-07-11T16:39:33.603160+00:00", "symbol": "DOGE-USD"}, {"trade_id": 138544313, "side": "sell", "size": "1332.80000000", "price": "0.20266000", "time": "2025-07-11T16:36:57.493375Z", "fetched_at": "2025-07-11T16:39:33.603160+00:00", "symbol": "DOGE-USD"}, {"trade_id": 138544312, "side": "sell", "size": "6.60000000", "price": "0.20265000", "time": "2025-07-11T16:36:57.493375Z", "fetched_at": "2025-07-11T16:39:33.603160+00:00", "symbol": "DOGE-USD"}, {"trade_id": 138544311, "side": "buy", "size": "127.10000000", "price": "0.20269000", "time": "2025-07-11T16:36:55.820842Z", "fetched_at": "2025-07-11T16:39:33.603160+00:00", "symbol": "DOGE-USD"}, {"trade_id": 138544310, "side": "buy", "size": "245.50000000", "price": "0.20270000", "time": "2025-07-11T16:36:55.820842Z", "fetched_at": "2025-07-11T16:39:33.603160+00:00", "symbol": "DOGE-USD"}, {"trade_id": 138544309, "side": "sell", "size": "1256.30000000", "price": "0.20270000", "time": "2025-07-11T16:36:55.815653Z", "fetched_at": "2025-07-11T16:39:33.603160+00:00", "symbol": "DOGE-USD"}