[{"trade_id": 138512625, "side": "sell", "size": "253.90000000", "price": "0.20347000", "time": "2025-07-11T15:20:45.817099Z", "fetched_at": "2025-07-11T15:20:51.574550+00:00", "symbol": "DOGE-USD"}, {"trade_id": 138512624, "side": "sell", "size": "54.10000000", "price": "0.20346000", "time": "2025-07-11T15:20:45.817099Z", "fetched_at": "2025-07-11T15:20:51.574550+00:00", "symbol": "DOGE-USD"}, {"trade_id": 138512623, "side": "sell", "size": "8.00000000", "price": "0.20345000", "time": "2025-07-11T15:20:45.817099Z", "fetched_at": "2025-07-11T15:20:51.574550+00:00", "symbol": "DOGE-USD"}, {"trade_id": 138512622, "side": "buy", "size": "199.20000000", "price": "0.20337000", "time": "2025-07-11T15:20:42.622520Z", "fetched_at": "2025-07-11T15:20:51.574550+00:00", "symbol": "DOGE-USD"}, {"trade_id": 138512621, "side": "buy", "size": "850.50000000", "price": "0.20337000", "time": "2025-07-11T15:20:42.622520Z", "fetched_at": "2025-07-11T15:20:51.574550+00:00", "symbol": "DOGE-USD"}, {"trade_id": 138512620, "side": "buy", "size": "1373.50000000", "price": "0.20338000", "time": "2025-07-11T15:20:42.622520Z", "fetched_at": "2025-07-11T15:20:51.574550+00:00", "symbol": "DOGE-USD"}, {"trade_id": 138512619, "side": "buy", "size": "5.50000000", "price": "0.20338000", "time": "2025-07-11T15:20:42.622520Z", "fetched_at": "2025-07-11T15:20:51.574550+00:00", "symbol": "DOGE-USD"}, {"trade_id": 138512618, "side": "buy", "size": "1437.20000000", "price": "0.20340000", "time": "2025-07-11T15:20:42.622520Z", "fetched_at": "2025-07-11T15:20:51.574550+00:00", "symbol": "DOGE-USD"}, {"trade_id": 138512617, "side": "buy", "size": "5.50000000", "price": "0.20340000", "time": "2025-07-11T15:20:42.622520Z", "fetched_at": "2025-07-11T15:20:51.574550+00:00", "symbol": "DOGE-USD"}, {"trade_id": 138512616, "side": "buy", "size": "1440.10000000", "price": "0.20342000", "time": "2025-07-11T15:20:42.622520Z", "fetched_at": "2025-07-11T15:20:51.574550+00:00", "symbol": "DOGE-USD"}, {"trade_id": 138512615, "side": "buy", "size": "5.50000000", "price": "0.20342000", "time": "2025-07-11T15:20:42.622520Z", "fetched_at": "2025-07-11T15:20:51.574550+00:00", "symbol": "DOGE-USD"}, {"trade_id": 138512614, "side": "buy", "size": "895.10000000", "price": "0.20344000", "time": "2025-07-11T15:20:41.800889Z", "fetched_at": "2025-07-11T15:20:51.574550+00:00", "symbol": "DOGE-USD"}, {"trade_id": 138512613, "side": "buy", "size": "5.50000000", "price": "0.20344000", "time": "2025-07-11T15:20:41.800889Z", "fetched_at": "2025-07-11T15:20:51.574550+00:00", "symbol": "DOGE-USD"}, {"trade_id": 138512612, "side": "buy", "size": "46.30000000", "price": "0.20345000", "time": "2025-07-11T15:20:41.800889Z", "fetched_at": "2025-07-11T15:20:51.574550+00:00", "symbol": "DOGE-USD"}, {"trade_id": 138512611, "side": "buy", "size": "256.00000000", "price": "0.20345000", "time": "2025-07-11T15:20:41.800889Z", "fetched_at": "2025-07-11T15:20:51.574550+00:00", "symbol": "DOGE-USD"}, {"trade_id": 138512610, "side": "buy", "size": "5.50000000", "price": "0.20346000", "time": "2025-07-11T15:20:41.800889Z", "fetched_at": "2025-07-11T15:20:51.574550+00:00", "symbol": "DOGE-USD"}, {"trade_id": 138512609, "side": "sell", "size": "80.00000000", "price": "0.20349000", "time": "2025-07-11T15:20:40.417408Z", "fetched_at": "2025-07-11T15:20:51.574550+00:00", "symbol": "DOGE-USD"}, {"trade_id": 138512608, "side": "buy", "size": "24.80000000", "price": "0.20347000", "time": "2025-07-11T15:20:39.283673Z", "fetched_at": "2025-07-11T15:20:51.574550+00:00", "symbol": "DOGE-USD"}, {"trade_id": 138512607, "side": "sell", "size": "5.50000000", "price": "0.20354000", "time": "2025-07-11T15:20:37.323282Z", "fetched_at": "2025-07-11T15:20:51.574550+00:00", "symbol": "DOGE-USD"}, {"trade_id": 138512606, "side": "buy", "size": "120.00000000", "price": "0.20353000", "time": "2025-07-11T15:20:37.294266Z", "fetched_at": "2025-07-11T15:20:51.574550+00:00", "symbol": "DOGE-USD"}, {"trade_id": 138512605, "side": "sell", "size": "5.50000000", "price": "0.20352000", "time": "2025-07-11T15:20:37.263623Z", "fetched_at": "2025-07-11T15:20:51.574550+00:00", "symbol": "DOGE-USD"}, {"trade_id": 138512604, "side": "buy", "size": "182.10000000", "price": "0.20351000", "time": "2025-07-11T15:20:37.195771Z", "fetched_at": "2025-07-11T15:20:51.574550+00:00", "symbol": "DOGE-USD"}, {"trade_id": 138512603, "side": "sell", "size": "8.80000000", "price": "0.20351000", "time": "2025-07-11T15:20:36.982500Z", "fetched_at": "2025-07-11T15:20:51.574550+00:00", "symbol": "DOGE-USD"}, {"trade_id": 138512602, "side": "sell", "size": "481.20000000", "price": "0.20351000", "time": "2025-07-11T15:20:36.534806Z", "fetched_at": "2025-07-11T15:20:51.574550+00:00", "symbol": "DOGE-USD"}, {"trade_id": 138512601, "side": "sell", "size": "5.50000000", "price": "0.20350000", "time": "2025-07-11T15:20:36.534806Z", "fetched_at": "2025-07-11T15:20:51.574550+00:00", "symbol": "DOGE-USD"}, {"trade_id": 138512600, "side": "sell", "size": "1170.00000000", "price": "0.20343000", "time": "2025-07-11T15:20:34.911855Z", "fetched_at": "2025-07-11T15:20:51.574550+00:00", "symbol": "DOGE-USD"}, {"trade_id": 138512599, "side": "sell", "size": "187.00000000", "price": "0.20342000", "time": "2025-07-11T15:20:34.893703Z", "fetched_at": "2025-07-11T15:20:51.574550+00:00", "symbol": "DOGE-USD"}, {"trade_id": 138512598, "side": "buy", "size": "5.50000000", "price": "0.20342000", "time": "2025-07-11T15:20:33.822531Z", "fetched_at": "2025-07-11T15:20:51.574550+00:00", "symbol": "DOGE-USD"}, {"trade_id": 138512597, "side": "buy", "size": "5.50000000", "price": "0.20344000", "time": "2025-07-11T15:20:33.554745Z", "fetched_at": "2025-07-11T15:20:51.574550+00:00", "symbol": "DOGE-USD"}, {"trade_id": 138512596, "side": "buy", "size": "236.70000000", "price": "0.20348000", "time": "2025-07-11T15:20:33.433883Z", "fetched_at": "2025-07-11T15:20:51.574550+00:00", "symbol": "DOGE-USD"}, {"trade_id": 138512595, "side": "buy", "size": "5.50000000", "price": "0.20348000", "time": "2025-07-11T15:20:33.433883Z", "fetched_at": "2025-07-11T15:20:51.574550+00:00", "symbol": "DOGE-USD"}, {"trade_id": 138512594, "side": "buy", "size": "0.10000000", "price": "0.20351000", "time": "2025-07-11T15:20:33.311943Z", "fetched_at": "2025-07-11T15:20:51.574550+00:00", "symbol": "DOGE-USD"}, {"trade_id": 138512593, "side": "buy", "size": "255.30000000", "price": "0.20351000", "time": "2025-07-11T15:20:33.311247Z", "fetched_at": "2025-07-11T15:20:51.574550+00:00", "symbol": "DOGE-USD"}, {"trade_id": 138512592, "side": "buy", "size": "236.60000000", "price": "0.20353000", "time": "2025-07-11T15:20:33.311247Z", "fetched_at": "2025-07-11T15:20:51.574550+00:00", "symbol": "DOGE-USD"}, {"trade_id": 138512591, "side": "buy", "size": "85.10000000", "price": "0.20353000", "time": "2025-07-11T15:20:33.311247Z", "fetched_at": "2025-07-11T15:20:51.574550+00:00", "symbol": "DOGE-USD"}, {"trade_id": 138512590, "side": "sell", "size": "1485.60000000", "price": "0.20352000", "time": "2025-07-11T15:20:30.419266Z", "fetched_at": "2025-07-11T15:20:51.574550+00:00", "symbol": "DOGE-USD"}, {"trade_id": 138512589, "side": "sell", "size": "41.40000000", "price": "0.20352000", "time": "2025-07-11T15:20:30.028824Z", "fetched_at": "2025-07-11T15:20:51.574550+00:00", "symbol": "DOGE-USD"}, {"trade_id": 138512588, "side": "sell", "size": "54.10000000", "price": "0.20351000", "time": "2025-07-11T15:20:30.028824Z", "fetched_at": "2025-07-11T15:20:51.574550+00:00", "symbol": "DOGE-USD"}, {"trade_id": 138512587, "side": "sell", "size": "149.90000000", "price": "0.20352000", "time": "2025-07-11T15:20:29.248994Z", "fetched_at": "2025-07-11T15:20:51.574550+00:00", "symbol": "DOGE-USD"}, {"trade_id": 138512586, "side": "sell", "size": "1169.30000000", "price": "0.20351000", "time": "2025-07-11T15:20:29.248994Z", "fetched_at": "2025-07-11T15:20:51.574550+00:00", "symbol": "DOGE-USD"}, {"trade_id": 138512585, "side": "sell", "size": "52.30000000", "price": "0.20350000", "time": "2025-07-11T15:20:28.045129Z", "fetched_at": "2025-07-11T15:20:51.574550+00:00", "symbol": "DOGE-USD"}, {"trade_id": 138512584, "side": "sell", "size": "5.50000000", "price": "0.20352000", "time": "2025-07-11T15:20:25.921768Z", "fetched_at": "2025-07-11T15:20:51.574550+00:00", "symbol": "DOGE-USD"}, {"trade_id": 138512583, "side": "sell", "size": "287.80000000", "price": "0.20350000", "time": "2025-07-11T15:20:25.549963Z", "fetched_at": "2025-07-11T15:20:51.574550+00:00", "symbol": "DOGE-USD"}, {"trade_id": 138512582, "side": "buy", "size": "984.40000000", "price": "0.20346000", "time": "2025-07-11T15:20:24.835990Z", "fetched_at": "2025-07-11T15:20:51.574550+00:00", "symbol": "DOGE-USD"}, {"trade_id": 138512581, "side": "sell", "size": "4748.00000000", "price": "0.20343000", "time": "2025-07-11T15:20:24.073461Z", "fetched_at": "2025-07-11T15:20:51.574550+00:00", "symbol": "DOGE-USD"}, {"trade_id": 138512580, "side": "buy", "size": "15.80000000", "price": "0.20337000", "time": "2025-07-11T15:20:22.782826Z", "fetched_at": "2025-07-11T15:20:51.574550+00:00", "symbol": "DOGE-USD"}, {"trade_id": 138512579, "side": "buy", "size": "5.50000000", "price": "0.20338000", "time": "2025-07-11T15:20:22.782826Z", "fetched_at": "2025-07-11T15:20:51.574550+00:00", "symbol": "DOGE-USD"}, {"trade_id": 138512578, "side": "buy", "size": "5.50000000", "price": "0.20340000", "time": "2025-07-11T15:20:22.782826Z", "fetched_at": "2025-07-11T15:20:51.574550+00:00", "symbol": "DOGE-USD"}, {"trade_id": 138512577, "side": "buy", "size": "242.20000000", "price": "0.20341000", "time": "2025-07-11T15:20:21.952937Z", "fetched_at": "2025-07-11T15:20:51.574550+00:00", "symbol": "DOGE-USD"}, {"trade_id": 138512576, "side": "buy", "size": "1303.90000000", "price": "0.20342000", "time": "2025-07-11T15:20:21.952937Z", "fetched_at": "2025-07-11T15:20:51.574550+00:00", "symbol": "DOGE-USD"}, {"trade_id": 138512575, "side": "buy", "size": "5.50000000", "price": "0.20342000", "time": "2025-07-11T15:20:21.952937Z", "fetched_at": "2025-07-11T15:20:51.574550+00:00", "symbol": "DOGE-USD"}, {"trade_id": 138512574, "side": "buy", "size": "5.50000000", "price": "0.20344000", "time": "2025-07-11T15:20:21.952937Z", "fetched_at": "2025-07-11T15:20:51.574550+00:00", "symbol": "DOGE-USD"}, {"trade_id": 138512573, "side": "buy", "size": "85.20000000", "price": "0.20344000", "time": "2025-07-11T15:20:21.952937Z", "fetched_at": "2025-07-11T15:20:51.574550+00:00", "symbol": "DOGE-USD"}, {"trade_id": 138512572, "side": "buy", "size": "340.60000000", "price": "0.20350000", "time": "2025-07-11T15:20:21.425943Z", "fetched_at": "2025-07-11T15:20:51.574550+00:00", "symbol": "DOGE-USD"}, {"trade_id": 138512571, "side": "buy", "size": "85.10000000", "price": "0.20350000", "time": "2025-07-11T15:20:21.425943Z", "fetched_at": "2025-07-11T15:20:51.574550+00:00", "symbol": "DOGE-USD"}, {"trade_id": 138512570, "side": "sell", "size": "1216.60000000", "price": "0.20351000", "time": "2025-07-11T15:20:20.965027Z", "fetched_at": "2025-07-11T15:20:51.574550+00:00", "symbol": "DOGE-USD"}, {"trade_id": 138512569, "side": "sell", "size": "5.50000000", "price": "0.20356000", "time": "2025-07-11T15:20:18.985898Z", "fetched_at": "2025-07-11T15:20:51.574550+00:00", "symbol": "DOGE-USD"}, {"trade_id": 138512568, "side": "sell", "size": "5.50000000", "price": "0.20354000", "time": "2025-07-11T15:20:18.931472Z", "fetched_at": "2025-07-11T15:20:51.574550+00:00", "symbol": "DOGE-USD"}, {"trade_id": 138512567, "side": "sell", "size": "5.50000000", "price": "0.20352000", "time": "2025-07-11T15:20:18.841694Z", "fetched_at": "2025-07-11T15:20:51.574550+00:00", "symbol": "DOGE-USD"}, {"trade_id": 138512566, "side": "sell", "size": "113.90000000", "price": "0.20350000", "time": "2025-07-11T15:20:17.676728Z", "fetched_at": "2025-07-11T15:20:51.574550+00:00", "symbol": "DOGE-USD"}, {"trade_id": 138512565, "side": "sell", "size": "5.50000000", "price": "0.20350000", "time": "2025-07-11T15:20:17.676728Z", "fetched_at": "2025-07-11T15:20:51.574550+00:00", "symbol": "DOGE-USD"}, {"trade_id": 138512564, "side": "sell", "size": "6.80000000", "price": "0.20348000", "time": "2025-07-11T15:20:16.333574Z", "fetched_at": "2025-07-11T15:20:51.574550+00:00", "symbol": "DOGE-USD"}, {"trade_id": 138512563, "side": "buy", "size": "34.70000000", "price": "0.20346000", "time": "2025-07-11T15:20:15.863340Z", "fetched_at": "2025-07-11T15:20:51.574550+00:00", "symbol": "DOGE-USD"}, {"trade_id": 138512562, "side": "buy", "size": "369.30000000", "price": "0.20348000", "time": "2025-07-11T15:20:15.863340Z", "fetched_at": "2025-07-11T15:20:51.574550+00:00", "symbol": "DOGE-USD"}, {"trade_id": 138512561, "side": "buy", "size": "12952.30000000", "price": "0.20343000", "time": "2025-07-11T15:20:13.990832Z", "fetched_at": "2025-07-11T15:20:51.574550+00:00", "symbol": "DOGE-USD"}, {"trade_id": 138512560, "side": "buy", "size": "850.50000000", "price": "0.20344000", "time": "2025-07-11T15:20:13.990832Z", "fetched_at": "2025-07-11T15:20:51.574550+00:00", "symbol": "DOGE-USD"}, {"trade_id": 138512559, "side": "buy", "size": "1196.80000000", "price": "0.20345000", "time": "2025-07-11T15:20:13.990832Z", "fetched_at": "2025-07-11T15:20:51.574550+00:00", "symbol": "DOGE-USD"}, {"trade_id": 138512558, "side": "buy", "size": "1446.70000000", "price": "0.20346000", "time": "2025-07-11T15:20:13.990832Z", "fetched_at": "2025-07-11T15:20:51.574550+00:00", "symbol": "DOGE-USD"}, {"trade_id": 138512557, "side": "buy", "size": "54.10000000", "price": "0.20347000", "time": "2025-07-11T15:20:13.990832Z", "fetched_at": "2025-07-11T15:20:51.574550+00:00", "symbol": "DOGE-USD"}, {"trade_id": 138512556, "side": "sell", "size": "5.50000000", "price": "0.20348000", "time": "2025-07-11T15:20:13.662947Z", "fetched_at": "2025-07-11T15:20:51.574550+00:00", "symbol": "DOGE-USD"}, {"trade_id": 138512555, "side": "sell", "size": "5.50000000", "price": "0.20346000", "time": "2025-07-11T15:20:13.483774Z", "fetched_at": "2025-07-11T15:20:51.574550+00:00", "symbol": "DOGE-USD"}, {"trade_id": 138512554, "side": "buy", "size": "66.20000000", "price": "0.20343000", "time": "2025-07-11T15:20:13.271535Z", "fetched_at": "2025-07-11T15:20:51.574550+00:00", "symbol": "DOGE-USD"}, {"trade_id": 138512553, "side": "buy", "size": "474.80000000", "price": "0.20344000", "time": "2025-07-11T15:20:13.271535Z", "fetched_at": "2025-07-11T15:20:51.574550+00:00", "symbol": "DOGE-USD"}, {"trade_id": 138512552, "side": "sell", "size": "2945.90000000", "price": "0.20344000", "time": "2025-07-11T15:20:13.251983Z", "fetched_at": "2025-07-11T15:20:51.574550+00:00", "symbol": "DOGE-USD"}, {"trade_id": 138512551, "side": "sell", "size": "54.10000000", "price": "0.20343000", "time": "2025-07-11T15:20:13.251983Z", "fetched_at": "2025-07-11T15:20:51.574550+00:00", "symbol": "DOGE-USD"}, {"trade_id": 138512550, "side": "sell", "size": "423.60000000", "price": "0.20344000", "time": "2025-07-11T15:20:13.227442Z", "fetched_at": "2025-07-11T15:20:51.574550+00:00", "symbol": "DOGE-USD"}, {"trade_id": 138512549, "side": "sell", "size": "54.10000000", "price": "0.20343000", "time": "2025-07-11T15:20:13.227442Z", "fetched_at": "2025-07-11T15:20:51.574550+00:00", "symbol": "DOGE-USD"}, {"trade_id": 138512548, "side": "buy", "size": "74.50000000", "price": "0.20339000", "time": "2025-07-11T15:20:12.017154Z", "fetched_at": "2025-07-11T15:20:51.574550+00:00", "symbol": "DOGE-USD"}, {"trade_id": 138512547, "side": "sell", "size": "27.90000000", "price": "0.20339000", "time": "2025-07-11T15:20:10.792232Z", "fetched_at": "2025-07-11T15:20:51.574550+00:00", "symbol": "DOGE-USD"}, {"trade_id": 138512546, "side": "buy", "size": "5.50000000", "price": "0.20338000", "time": "2025-07-11T15:20:09.587764Z", "fetched_at": "2025-07-11T15:20:51.574550+00:00", "symbol": "DOGE-USD"}, {"trade_id": 138512545, "side": "buy", "size": "341.40000000", "price": "0.20340000", "time": "2025-07-11T15:20:09.469951Z", "fetched_at": "2025-07-11T15:20:51.574550+00:00", "symbol": "DOGE-USD"}, {"trade_id": 138512544, "side": "buy", "size": "5.50000000", "price": "0.20340000", "time": "2025-07-11T15:20:09.469951Z", "fetched_at": "2025-07-11T15:20:51.574550+00:00", "symbol": "DOGE-USD"}, {"trade_id": 138512543, "side": "sell", "size": "914.10000000", "price": "0.20343000", "time": "2025-07-11T15:20:07.615651Z", "fetched_at": "2025-07-11T15:20:51.574550+00:00", "symbol": "DOGE-USD"}, {"trade_id": 138512542, "side": "sell", "size": "59.00000000", "price": "0.20343000", "time": "2025-07-11T15:20:07.615651Z", "fetched_at": "2025-07-11T15:20:51.574550+00:00", "symbol": "DOGE-USD"}, {"trade_id": 138512541, "side": "buy", "size": "404.70000000", "price": "0.20341000", "time": "2025-07-11T15:20:06.804592Z", "fetched_at": "2025-07-11T15:20:51.574550+00:00", "symbol": "DOGE-USD"}, {"trade_id": 138512540, "side": "buy", "size": "245.50000000", "price": "0.20342000", "time": "2025-07-11T15:20:06.804592Z", "fetched_at": "2025-07-11T15:20:51.574550+00:00", "symbol": "DOGE-USD"}, {"trade_id": 138512539, "side": "buy", "size": "183.00000000", "price": "0.20342000", "time": "2025-07-11T15:20:06.804592Z", "fetched_at": "2025-07-11T15:20:51.574550+00:00", "symbol": "DOGE-USD"}, {"trade_id": 138512538, "side": "buy", "size": "5.50000000", "price": "0.20342000", "time": "2025-07-11T15:20:05.485884Z", "fetched_at": "2025-07-11T15:20:51.574550+00:00", "symbol": "DOGE-USD"}, {"trade_id": 138512537, "side": "buy", "size": "54.10000000", "price": "0.20345000", "time": "2025-07-11T15:20:04.828431Z", "fetched_at": "2025-07-11T15:20:51.574550+00:00", "symbol": "DOGE-USD"}, {"trade_id": 138512536, "side": "buy", "size": "340.60000000", "price": "0.20348000", "time": "2025-07-11T15:20:04.828431Z", "fetched_at": "2025-07-11T15:20:51.574550+00:00", "symbol": "DOGE-USD"}, {"trade_id": 138512535, "side": "sell", "size": "49.50000000", "price": "0.20349000", "time": "2025-07-11T15:20:04.815123Z", "fetched_at": "2025-07-11T15:20:51.574550+00:00", "symbol": "DOGE-USD"}, {"trade_id": 138512534, "side": "sell", "size": "19035.50000000", "price": "0.20355000", "time": "2025-07-11T15:20:03.119624Z", "fetched_at": "2025-07-11T15:20:51.574550+00:00", "symbol": "DOGE-USD"}, {"trade_id": 138512533, "side": "sell", "size": "5.50000000", "price": "0.20354000", "time": "2025-07-11T15:20:03.119021Z", "fetched_at": "2025-07-11T15:20:51.574550+00:00", "symbol": "DOGE-USD"}, {"trade_id": 138512532, "side": "sell", "size": "54.10000000", "price": "0.20353000", "time": "2025-07-11T15:20:03.119021Z", "fetched_at": "2025-07-11T15:20:51.574550+00:00", "symbol": "DOGE-USD"}, {"trade_id": 138512531, "side": "sell", "size": "5.50000000", "price": "0.20352000", "time": "2025-07-11T15:20:03.119021Z", "fetched_at": "2025-07-11T15:20:51.574550+00:00", "symbol": "DOGE-USD"}, {"trade_id": 138512530, "side": "sell", "size": "5.50000000", "price": "0.20350000", "time": "2025-07-11T15:20:03.113371Z", "fetched_at": "2025-07-11T15:20:51.574550+00:00", "symbol": "DOGE-USD"}, {"trade_id": 138512529, "side": "buy", "size": "30.80000000", "price": "0.20349000", "time": "2025-07-11T15:20:03.077880Z", "fetched_at": "2025-07-11T15:20:51.574550+00:00", "symbol": "DOGE-USD"}, {"trade_id": 138512528, "side": "buy", "size": "23.00000000", "price": "0.20348000", "time": "2025-07-11T15:20:02.181955Z", "fetched_at": "2025-07-11T15:20:51.574550+00:00", "symbol": "DOGE-USD"}, {"trade_id": 138512527, "side": "buy", "size": "1408.10000000", "price": "0.20343000", "time": "2025-07-11T15:20:01.133486Z", "fetched_at": "2025-07-11T15:20:51.574550+00:00", "symbol": "DOGE-USD"}, {"trade_id": 138512526, "side": "buy", "size": "49.90000000", "price": "0.20344000", "time": "2025-07-11T15:20:01.133486Z", "fetched_at": "2025-07-11T15:20:51.574550+00:00", "symbol": "DOGE-USD"}, {"trade_id": 138512525, "side": "sell", "size": "5.50000000", "price": "0.20346000", "time": "2025-07-11T15:20:00.600467Z", "fetched_at": "2025-07-11T15:20:51.574550+00:00", "symbol": "DOGE-USD"}, {"trade_id": 138512524, "side": "sell", "size": "83.00000000", "price": "0.20345000", "time": "2025-07-11T15:20:00.594882Z", "fetched_at": "2025-07-11T15:20:51.574550+00:00", "symbol": "DOGE-USD"}, {"trade_id": 138512523, "side": "sell", "size": "17.10000000", "price": "0.20341000", "time": "2025-07-11T15:19:59.984811Z", "fetched_at": "2025-07-11T15:20:51.574550+00:00", "symbol": "DOGE-USD"}, {"trade_id": 138512522, "side": "buy", "size": "1235.80000000", "price": "0.20340000", "time": "2025-07-11T15:19:59.845871Z", "fetched_at": "2025-07-11T15:20:51.574550+00:00", "symbol": "DOGE-USD"}, {"trade_id": 138512521, "side": "buy", "size": "5.50000000", "price": "0.20340000", "time": "2025-07-11T15:19:59.845871Z", "fetched_at": "2025-07-11T15:20:51.574550+00:00", "symbol": "DOGE-USD"}, {"trade_id": 138512520, "side": "sell", "size": "23.10000000", "price": "0.20342000", "time": "2025-07-11T15:19:59.233824Z", "fetched_at": "2025-07-11T15:20:51.574550+00:00", "symbol": "DOGE-USD"}, {"trade_id": 138512519, "side": "buy", "size": "5.50000000", "price": "0.20342000", "time": "2025-07-11T15:19:57.768554Z", "fetched_at": "2025-07-11T15:20:51.574550+00:00", "symbol": "DOGE-USD"}, {"trade_id": 138512518, "side": "buy", "size": "17.20000000", "price": "0.20344000", "time": "2025-07-11T15:19:57.633004Z", "fetched_at": "2025-07-11T15:20:51.574550+00:00", "symbol": "DOGE-USD"}, {"trade_id": 138512517, "side": "buy", "size": "194.80000000", "price": "0.20344000", "time": "2025-07-11T15:19:57.628362Z", "fetched_at": "2025-07-11T15:20:51.574550+00:00", "symbol": "DOGE-USD"}, {"trade_id": 138512516, "side": "buy", "size": "43.50000000", "price": "0.20344000", "time": "2025-07-11T15:19:57.353815Z", "fetched_at": "2025-07-11T15:20:51.574550+00:00", "symbol": "DOGE-USD"}, {"trade_id": 138512515, "side": "buy", "size": "5.50000000", "price": "0.20344000", "time": "2025-07-11T15:19:57.353815Z", "fetched_at": "2025-07-11T15:20:51.574550+00:00", "symbol": "DOGE-USD"}, {"trade_id": 138512514, "side": "buy", "size": "196.40000000", "price": "0.20347000", "time": "2025-07-11T15:19:52.806384Z", "fetched_at": "2025-07-11T15:20:51.574550+00:00", "symbol": "DOGE-USD"}, {"trade_id": 138512513, "side": "sell", "size": "39.30000000", "price": "0.20347000", "time": "2025-07-11T15:19:51.901169Z", "fetched_at": "2025-07-11T15:20:51.574550+00:00", "symbol": "DOGE-USD"}, {"trade_id": 138512512, "side": "sell", "size": "850.50000000", "price": "0.20347000", "time": "2025-07-11T15:19:51.901169Z", "fetched_at": "2025-07-11T15:20:51.574550+00:00", "symbol": "DOGE-USD"}, {"trade_id": 138512511, "side": "sell", "size": "54.00000000", "price": "0.20345000", "time": "2025-07-11T15:19:51.898181Z", "fetched_at": "2025-07-11T15:20:51.574550+00:00", "symbol": "DOGE-USD"}, {"trade_id": 138512510, "side": "sell", "size": "3000.00000000", "price": "0.20345000", "time": "2025-07-11T15:19:51.898181Z", "fetched_at": "2025-07-11T15:20:51.574550+00:00", "symbol": "DOGE-USD"}, {"trade_id": 138512509, "side": "sell", "size": "248.40000000", "price": "0.20345000", "time": "2025-07-11T15:19:51.898181Z", "fetched_at": "2025-07-11T15:20:51.574550+00:00", "symbol": "DOGE-USD"}, {"trade_id": 138512508, "side": "sell", "size": "850.50000000", "price": "0.20345000", "time": "2025-07-11T15:19:51.898181Z", "fetched_at": "2025-07-11T15:20:51.574550+00:00", "symbol": "DOGE-USD"}, {"trade_id": 138512507, "side": "sell", "size": "183.00000000", "price": "0.20345000", "time": "2025-07-11T15:19:51.898181Z", "fetched_at": "2025-07-11T15:20:51.574550+00:00", "symbol": "DOGE-USD"}, {"trade_id": 138512506, "side": "buy", "size": "5.50000000", "price": "0.20346000", "time": "2025-07-11T15:19:51.629498Z", "fetched_at": "2025-07-11T15:20:51.574550+00:00", "symbol": "DOGE-USD"}, {"trade_id": 138512505, "side": "buy", "size": "5.50000000", "price": "0.20348000", "time": "2025-07-11T15:19:51.411855Z", "fetched_at": "2025-07-11T15:20:51.574550+00:00", "symbol": "DOGE-USD"}, {"trade_id": 138512504, "side": "buy", "size": "5089.20000000", "price": "0.20350000", "time": "2025-07-11T15:19:50.575477Z", "fetched_at": "2025-07-11T15:20:51.574550+00:00", "symbol": "DOGE-USD"}, {"trade_id": 138512503, "side": "buy", "size": "5.50000000", "price": "0.20350000", "time": "2025-07-11T15:19:50.575477Z", "fetched_at": "2025-07-11T15:20:51.574550+00:00", "symbol": "DOGE-USD"}, {"trade_id": 138512502, "side": "buy", "size": "5931.40000000", "price": "0.20351000", "time": "2025-07-11T15:19:50.575477Z", "fetched_at": "2025-07-11T15:20:51.574550+00:00", "symbol": "DOGE-USD"}, {"trade_id": 138512501, "side": "buy", "size": "1413.80000000", "price": "0.20351000", "time": "2025-07-11T15:19:50.575477Z", "fetched_at": "2025-07-11T15:20:51.574550+00:00", "symbol": "DOGE-USD"}, {"trade_id": 138512500, "side": "buy", "size": "1755.80000000", "price": "0.20351000", "time": "2025-07-11T15:19:50.575328Z", "fetched_at": "2025-07-11T15:20:51.574550+00:00", "symbol": "DOGE-USD"}, {"trade_id": 138512499, "side": "buy", "size": "1478.20000000", "price": "0.20351000", "time": "2025-07-11T15:19:50.575328Z", "fetched_at": "2025-07-11T15:20:51.574550+00:00", "symbol": "DOGE-USD"}, {"trade_id": 138512498, "side": "buy", "size": "1250.60000000", "price": "0.20351000", "time": "2025-07-11T15:19:50.575328Z", "fetched_at": "2025-07-11T15:20:51.574550+00:00", "symbol": "DOGE-USD"}, {"trade_id": 138512497, "side": "buy", "size": "17.80000000", "price": "0.20352000", "time": "2025-07-11T15:19:50.575328Z", "fetched_at": "2025-07-11T15:20:51.574550+00:00", "symbol": "DOGE-USD"}, {"trade_id": 138512496, "side": "buy", "size": "5.50000000", "price": "0.20352000", "time": "2025-07-11T15:19:50.575328Z", "fetched_at": "2025-07-11T15:20:51.574550+00:00", "symbol": "DOGE-USD"}, {"trade_id": 138512495, "side": "buy", "size": "5.50000000", "price": "0.20354000", "time": "2025-07-11T15:19:50.575328Z", "fetched_at": "2025-07-11T15:20:51.574550+00:00", "symbol": "DOGE-USD"}, {"trade_id": 138512494, "side": "sell", "size": "99.20000000", "price": "0.20355000", "time": "2025-07-11T15:19:50.446514Z", "fetched_at": "2025-07-11T15:20:51.574550+00:00", "symbol": "DOGE-USD"}, {"trade_id": 138512493, "side": "sell", "size": "33.60000000", "price": "0.20355000", "time": "2025-07-11T15:19:50.446514Z", "fetched_at": "2025-07-11T15:20:51.574550+00:00", "symbol": "DOGE-USD"}, {"trade_id": 138512492, "side": "sell", "size": "183.00000000", "price": "0.20355000", "time": "2025-07-11T15:19:50.446514Z", "fetched_at": "2025-07-11T15:20:51.574550+00:00", "symbol": "DOGE-USD"}, {"trade_id": 138512491, "side": "buy", "size": "255.40000000", "price": "0.20356000", "time": "2025-07-11T15:19:50.196860Z", "fetched_at": "2025-07-11T15:20:51.574550+00:00", "symbol": "DOGE-USD"}, {"trade_id": 138512490, "side": "buy", "size": "5.50000000", "price": "0.20356000", "time": "2025-07-11T15:19:50.196860Z", "fetched_at": "2025-07-11T15:20:51.574550+00:00", "symbol": "DOGE-USD"}, {"trade_id": 138512489, "side": "sell", "size": "911.30000000", "price": "0.20357000", "time": "2025-07-11T15:19:49.363309Z", "fetched_at": "2025-07-11T15:20:51.574550+00:00", "symbol": "DOGE-USD"}, {"trade_id": 138512488, "side": "buy", "size": "5.40000000", "price": "0.20357000", "time": "2025-07-11T15:19:49.084510Z", "fetched_at": "2025-07-11T15:20:51.574550+00:00", "symbol": "DOGE-USD"}, {"trade_id": 138512487, "side": "sell", "size": "1191.00000000", "price": "0.20357000", "time": "2025-07-11T15:19:48.809526Z", "fetched_at": "2025-07-11T15:20:51.574550+00:00", "symbol": "DOGE-USD"}, {"trade_id": 138512486, "side": "sell", "size": "67.30000000", "price": "0.20357000", "time": "2025-07-11T15:19:48.809526Z", "fetched_at": "2025-07-11T15:20:51.574550+00:00", "symbol": "DOGE-USD"}, {"trade_id": 138512485, "side": "sell", "size": "67.20000000", "price": "0.20357000", "time": "2025-07-11T15:19:48.809526Z", "fetched_at": "2025-07-11T15:20:51.574550+00:00", "symbol": "DOGE-USD"}, {"trade_id": 138512484, "side": "sell", "size": "850.50000000", "price": "0.20357000", "time": "2025-07-11T15:19:48.809526Z", "fetched_at": "2025-07-11T15:20:51.574550+00:00", "symbol": "DOGE-USD"}, {"trade_id": 138512483, "side": "buy", "size": "125.30000000", "price": "0.20358000", "time": "2025-07-11T15:19:48.650066Z", "fetched_at": "2025-07-11T15:20:51.574550+00:00", "symbol": "DOGE-USD"}, {"trade_id": 138512482, "side": "buy", "size": "5.50000000", "price": "0.20358000", "time": "2025-07-11T15:19:48.650066Z", "fetched_at": "2025-07-11T15:20:51.574550+00:00", "symbol": "DOGE-USD"}, {"trade_id": 138512481, "side": "sell", "size": "39.30000000", "price": "0.20360000", "time": "2025-07-11T15:19:48.322455Z", "fetched_at": "2025-07-11T15:20:51.574550+00:00", "symbol": "DOGE-USD"}, {"trade_id": 138512480, "side": "sell", "size": "201.00000000", "price": "0.20360000", "time": "2025-07-11T15:19:48.322455Z", "fetched_at": "2025-07-11T15:20:51.574550+00:00", "symbol": "DOGE-USD"}, {"trade_id": 138512479, "side": "sell", "size": "39.30000000", "price": "0.20359000", "time": "2025-07-11T15:19:47.511040Z", "fetched_at": "2025-07-11T15:20:51.574550+00:00", "symbol": "DOGE-USD"}, {"trade_id": 138512478, "side": "buy", "size": "411.40000000", "price": "0.20360000", "time": "2025-07-11T15:19:44.819628Z", "fetched_at": "2025-07-11T15:20:51.574550+00:00", "symbol": "DOGE-USD"}, {"trade_id": 138512477, "side": "buy", "size": "5.50000000", "price": "0.20360000", "time": "2025-07-11T15:19:44.819628Z", "fetched_at": "2025-07-11T15:20:51.574550+00:00", "symbol": "DOGE-USD"}, {"trade_id": 138512476, "side": "buy", "size": "1101.80000000", "price": "0.20362000", "time": "2025-07-11T15:19:44.193751Z", "fetched_at": "2025-07-11T15:20:51.574550+00:00", "symbol": "DOGE-USD"}, {"trade_id": 138512475, "side": "buy", "size": "120.50000000", "price": "0.20362000", "time": "2025-07-11T15:19:44.193751Z", "fetched_at": "2025-07-11T15:20:51.574550+00:00", "symbol": "DOGE-USD"}, {"trade_id": 138512474, "side": "buy", "size": "1318.30000000", "price": "0.20364000", "time": "2025-07-11T15:19:42.939008Z", "fetched_at": "2025-07-11T15:20:51.574550+00:00", "symbol": "DOGE-USD"}, {"trade_id": 138512473, "side": "buy", "size": "63.80000000", "price": "0.20364000", "time": "2025-07-11T15:19:42.939008Z", "fetched_at": "2025-07-11T15:20:51.574550+00:00", "symbol": "DOGE-USD"}, {"trade_id": 138512472, "side": "buy", "size": "245.50000000", "price": "0.20363000", "time": "2025-07-11T15:19:42.434296Z", "fetched_at": "2025-07-11T15:20:51.574550+00:00", "symbol": "DOGE-USD"}, {"trade_id": 138512471, "side": "sell", "size": "23.10000000", "price": "0.20361000", "time": "2025-07-11T15:19:40.339537Z", "fetched_at": "2025-07-11T15:20:51.574550+00:00", "symbol": "DOGE-USD"}, {"trade_id": 138512470, "side": "buy", "size": "60.20000000", "price": "0.20364000", "time": "2025-07-11T15:19:39.571973Z", "fetched_at": "2025-07-11T15:20:51.574550+00:00", "symbol": "DOGE-USD"}, {"trade_id": 138512469, "side": "buy", "size": "1537.30000000", "price": "0.20364000", "time": "2025-07-11T15:19:39.571973Z", "fetched_at": "2025-07-11T15:20:51.574550+00:00", "symbol": "DOGE-USD"}, {"trade_id": 138512468, "side": "buy", "size": "191.40000000", "price": "0.20364000", "time": "2025-07-11T15:19:39.571973Z", "fetched_at": "2025-07-11T15:20:51.574550+00:00", "symbol": "DOGE-USD"}, {"trade_id": 138512467, "side": "buy", "size": "5.40000000", "price": "0.20364000", "time": "2025-07-11T15:19:36.588963Z", "fetched_at": "2025-07-11T15:20:51.574550+00:00", "symbol": "DOGE-USD"}, {"trade_id": 138512466, "side": "sell", "size": "5.50000000", "price": "0.20364000", "time": "2025-07-11T15:19:36.431234Z", "fetched_at": "2025-07-11T15:20:51.574550+00:00", "symbol": "DOGE-USD"}, {"trade_id": 138512465, "side": "sell", "size": "5.50000000", "price": "0.20362000", "time": "2025-07-11T15:19:36.424183Z", "fetched_at": "2025-07-11T15:20:51.574550+00:00", "symbol": "DOGE-USD"}, {"trade_id": 138512464, "side": "buy", "size": "1819.60000000", "price": "0.20355000", "time": "2025-07-11T15:19:33.084839Z", "fetched_at": "2025-07-11T15:20:51.574550+00:00", "symbol": "DOGE-USD"}, {"trade_id": 138512463, "side": "buy", "size": "180.80000000", "price": "0.20355000", "time": "2025-07-11T15:19:33.084839Z", "fetched_at": "2025-07-11T15:20:51.574550+00:00", "symbol": "DOGE-USD"}, {"trade_id": 138512462, "side": "sell", "size": "19096.30000000", "price": "0.20360000", "time": "2025-07-11T15:19:32.267016Z", "fetched_at": "2025-07-11T15:20:51.574550+00:00", "symbol": "DOGE-USD"}, {"trade_id": 138512461, "side": "sell", "size": "5.50000000", "price": "0.20360000", "time": "2025-07-11T15:19:32.267016Z", "fetched_at": "2025-07-11T15:20:51.574550+00:00", "symbol": "DOGE-USD"}, {"trade_id": 138512460, "side": "buy", "size": "69.00000000", "price": "0.20359000", "time": "2025-07-11T15:19:32.152119Z", "fetched_at": "2025-07-11T15:20:51.574550+00:00", "symbol": "DOGE-USD"}, {"trade_id": 138512459, "side": "sell", "size": "5.50000000", "price": "0.20358000", "time": "2025-07-11T15:19:32.111285Z", "fetched_at": "2025-07-11T15:20:51.574550+00:00", "symbol": "DOGE-USD"}, {"trade_id": 138512458, "side": "sell", "size": "0.80000000", "price": "0.20356000", "time": "2025-07-11T15:19:32.041759Z", "fetched_at": "2025-07-11T15:20:51.574550+00:00", "symbol": "DOGE-USD"}, {"trade_id": 138512457, "side": "sell", "size": "4.70000000", "price": "0.20356000", "time": "2025-07-11T15:19:31.786524Z", "fetched_at": "2025-07-11T15:20:51.574550+00:00", "symbol": "DOGE-USD"}, {"trade_id": 138512456, "side": "buy", "size": "52.00000000", "price": "0.20355000", "time": "2025-07-11T15:19:31.690178Z", "fetched_at": "2025-07-11T15:20:51.574550+00:00", "symbol": "DOGE-USD"}, {"trade_id": 138512455, "side": "sell", "size": "54.10000000", "price": "0.20354000", "time": "2025-07-11T15:19:31.590868Z", "fetched_at": "2025-07-11T15:20:51.574550+00:00", "symbol": "DOGE-USD"}, {"trade_id": 138512454, "side": "sell", "size": "125.00000000", "price": "0.20354000", "time": "2025-07-11T15:19:31.590868Z", "fetched_at": "2025-07-11T15:20:51.574550+00:00", "symbol": "DOGE-USD"}, {"trade_id": 138512453, "side": "sell", "size": "145.80000000", "price": "0.20353000", "time": "2025-07-11T15:19:29.595473Z", "fetched_at": "2025-07-11T15:20:51.574550+00:00", "symbol": "DOGE-USD"}, {"trade_id": 138512452, "side": "sell", "size": "5.50000000", "price": "0.20356000", "time": "2025-07-11T15:19:26.182016Z", "fetched_at": "2025-07-11T15:20:51.574550+00:00", "symbol": "DOGE-USD"}, {"trade_id": 138512451, "side": "sell", "size": "54.10000000", "price": "0.20354000", "time": "2025-07-11T15:19:26.177803Z", "fetched_at": "2025-07-11T15:20:51.574550+00:00", "symbol": "DOGE-USD"}, {"trade_id": 138512450, "side": "sell", "size": "1036.00000000", "price": "0.20353000", "time": "2025-07-11T15:19:26.177803Z", "fetched_at": "2025-07-11T15:20:51.574550+00:00", "symbol": "DOGE-USD"}, {"trade_id": 138512449, "side": "sell", "size": "5.50000000", "price": "0.20352000", "time": "2025-07-11T15:19:26.177803Z", "fetched_at": "2025-07-11T15:20:51.574550+00:00", "symbol": "DOGE-USD"}, {"trade_id": 138512448, "side": "sell", "size": "4112.90000000", "price": "0.20344000", "time": "2025-07-11T15:19:25.532802Z", "fetched_at": "2025-07-11T15:20:51.574550+00:00", "symbol": "DOGE-USD"}, {"trade_id": 138512447, "side": "sell", "size": "130.10000000", "price": "0.20344000", "time": "2025-07-11T15:19:25.346309Z", "fetched_at": "2025-07-11T15:20:51.574550+00:00", "symbol": "DOGE-USD"}, {"trade_id": 138512446, "side": "buy", "size": "677.60000000", "price": "0.20342000", "time": "2025-07-11T15:19:25.299609Z", "fetched_at": "2025-07-11T15:20:51.574550+00:00", "symbol": "DOGE-USD"}, {"trade_id": 138512445, "side": "buy", "size": "1398.00000000", "price": "0.20342000", "time": "2025-07-11T15:19:24.238973Z", "fetched_at": "2025-07-11T15:20:51.574550+00:00", "symbol": "DOGE-USD"}, {"trade_id": 138512444, "side": "buy", "size": "5.50000000", "price": "0.20342000", "time": "2025-07-11T15:19:24.238973Z", "fetched_at": "2025-07-11T15:20:51.574550+00:00", "symbol": "DOGE-USD"}, {"trade_id": 138512443, "side": "buy", "size": "5.50000000", "price": "0.20344000", "time": "2025-07-11T15:19:23.907398Z", "fetched_at": "2025-07-11T15:20:51.574550+00:00", "symbol": "DOGE-USD"}, {"trade_id": 138512442, "side": "buy", "size": "95.50000000", "price": "0.20345000", "time": "2025-07-11T15:19:23.864061Z", "fetched_at": "2025-07-11T15:20:51.574550+00:00", "symbol": "DOGE-USD"}, {"trade_id": 138512441, "side": "buy", "size": "1416.40000000", "price": "0.20345000", "time": "2025-07-11T15:19:23.860678Z", "fetched_at": "2025-07-11T15:20:51.574550+00:00", "symbol": "DOGE-USD"}, {"trade_id": 138512440, "side": "buy", "size": "156.30000000", "price": "0.20345000", "time": "2025-07-11T15:19:23.850885Z", "fetched_at": "2025-07-11T15:20:51.574550+00:00", "symbol": "DOGE-USD"}, {"trade_id": 138512439, "side": "buy", "size": "5.50000000", "price": "0.20346000", "time": "2025-07-11T15:19:22.533773Z", "fetched_at": "2025-07-11T15:20:51.574550+00:00", "symbol": "DOGE-USD"}, {"trade_id": 138512438, "side": "buy", "size": "1710.30000000", "price": "0.20348000", "time": "2025-07-11T15:19:22.396306Z", "fetched_at": "2025-07-11T15:20:51.574550+00:00", "symbol": "DOGE-USD"}, {"trade_id": 138512437, "side": "buy", "size": "286.40000000", "price": "0.20348000", "time": "2025-07-11T15:19:22.396306Z", "fetched_at": "2025-07-11T15:20:51.574550+00:00", "symbol": "DOGE-USD"}, {"trade_id": 138512436, "side": "buy", "size": "5.50000000", "price": "0.20348000", "time": "2025-07-11T15:19:22.396306Z", "fetched_at": "2025-07-11T15:20:51.574550+00:00", "symbol": "DOGE-USD"}, {"trade_id": 138512435, "side": "buy", "size": "252.90000000", "price": "0.20349000", "time": "2025-07-11T15:19:21.444659Z", "fetched_at": "2025-07-11T15:20:51.574550+00:00", "symbol": "DOGE-USD"}, {"trade_id": 138512434, "side": "buy", "size": "1250.10000000", "price": "0.20350000", "time": "2025-07-11T15:19:21.444659Z", "fetched_at": "2025-07-11T15:20:51.574550+00:00", "symbol": "DOGE-USD"}, {"trade_id": 138512433, "side": "buy", "size": "5.50000000", "price": "0.20350000", "time": "2025-07-11T15:19:21.444659Z", "fetched_at": "2025-07-11T15:20:51.574550+00:00", "symbol": "DOGE-USD"}, {"trade_id": 138512432, "side": "buy", "size": "500.00000000", "price": "0.20351000", "time": "2025-07-11T15:19:21.444659Z", "fetched_at": "2025-07-11T15:20:51.574550+00:00", "symbol": "DOGE-USD"}, {"trade_id": 138512431, "side": "buy", "size": "5.50000000", "price": "0.20352000", "time": "2025-07-11T15:19:21.444659Z", "fetched_at": "2025-07-11T15:20:51.574550+00:00", "symbol": "DOGE-USD"}, {"trade_id": 138512430, "side": "buy", "size": "5.50000000", "price": "0.20354000", "time": "2025-07-11T15:19:21.444659Z", "fetched_at": "2025-07-11T15:20:51.574550+00:00", "symbol": "DOGE-USD"}, {"trade_id": 138512429, "side": "buy", "size": "5.50000000", "price": "0.20356000", "time": "2025-07-11T15:19:21.444659Z", "fetched_at": "2025-07-11T15:20:51.574550+00:00", "symbol": "DOGE-USD"}, {"trade_id": 138512428, "side": "buy", "size": "5.50000000", "price": "0.20358000", "time": "2025-07-11T15:19:21.373333Z", "fetched_at": "2025-07-11T15:20:51.574550+00:00", "symbol": "DOGE-USD"}, {"trade_id": 138512427, "side": "sell", "size": "7910.00000000", "price": "0.20360000", "time": "2025-07-11T15:19:19.716587Z", "fetched_at": "2025-07-11T15:20:51.574550+00:00", "symbol": "DOGE-USD"}, {"trade_id": 138512426, "side": "buy", "size": "5.50000000", "price": "0.20360000", "time": "2025-07-11T15:19:19.220117Z", "fetched_at": "2025-07-11T15:20:51.574550+00:00", "symbol": "DOGE-USD"}, {"trade_id": 138512425, "side": "buy", "size": "5.50000000", "price": "0.20362000", "time": "2025-07-11T15:19:18.905438Z", "fetched_at": "2025-07-11T15:20:51.574550+00:00", "symbol": "DOGE-USD"}, {"trade_id": 138512424, "side": "buy", "size": "1704.50000000", "price": "0.20363000", "time": "2025-07-11T15:19:18.745957Z", "fetched_at": "2025-07-11T15:20:51.574550+00:00", "symbol": "DOGE-USD"}, {"trade_id": 138512423, "side": "buy", "size": "255.90000000", "price": "0.20363000", "time": "2025-07-11T15:19:18.745957Z", "fetched_at": "2025-07-11T15:20:51.574550+00:00", "symbol": "DOGE-USD"}, {"trade_id": 138512422, "side": "buy", "size": "4.90000000", "price": "0.20363000", "time": "2025-07-11T15:19:17.679108Z", "fetched_at": "2025-07-11T15:20:51.574550+00:00", "symbol": "DOGE-USD"}, {"trade_id": 138512421, "side": "sell", "size": "165.00000000", "price": "0.20366000", "time": "2025-07-11T15:19:16.718966Z", "fetched_at": "2025-07-11T15:20:51.574550+00:00", "symbol": "DOGE-USD"}, {"trade_id": 138512420, "side": "sell", "size": "311.00000000", "price": "0.20366000", "time": "2025-07-11T15:19:16.718966Z", "fetched_at": "2025-07-11T15:20:51.574550+00:00", "symbol": "DOGE-USD"}, {"trade_id": 138512419, "side": "buy", "size": "1718.80000000", "price": "0.20364000", "time": "2025-07-11T15:19:16.309953Z", "fetched_at": "2025-07-11T15:20:51.574550+00:00", "symbol": "DOGE-USD"}, {"trade_id": 138512418, "side": "buy", "size": "391.30000000", "price": "0.20364000", "time": "2025-07-11T15:19:16.309953Z", "fetched_at": "2025-07-11T15:20:51.574550+00:00", "symbol": "DOGE-USD"}, {"trade_id": 138512417, "side": "buy", "size": "5.50000000", "price": "0.20364000", "time": "2025-07-11T15:19:16.309953Z", "fetched_at": "2025-07-11T15:20:51.574550+00:00", "symbol": "DOGE-USD"}, {"trade_id": 138512416, "side": "buy", "size": "1961.20000000", "price": "0.20365000", "time": "2025-07-11T15:19:14.766698Z", "fetched_at": "2025-07-11T15:20:51.574550+00:00", "symbol": "DOGE-USD"}, {"trade_id": 138512415, "side": "buy", "size": "203.90000000", "price": "0.20369000", "time": "2025-07-11T15:19:14.712896Z", "fetched_at": "2025-07-11T15:20:51.574550+00:00", "symbol": "DOGE-USD"}, {"trade_id": 138512414, "side": "buy", "size": "24.50000000", "price": "0.20369000", "time": "2025-07-11T15:19:14.322140Z", "fetched_at": "2025-07-11T15:20:51.574550+00:00", "symbol": "DOGE-USD"}, {"trade_id": 138512413, "side": "sell", "size": "1870.00000000", "price": "0.20367000", "time": "2025-07-11T15:19:14.186905Z", "fetched_at": "2025-07-11T15:20:51.574550+00:00", "symbol": "DOGE-USD"}, {"trade_id": 138512412, "side": "sell", "size": "248.40000000", "price": "0.20361000", "time": "2025-07-11T15:19:13.557719Z", "fetched_at": "2025-07-11T15:20:51.574550+00:00", "symbol": "DOGE-USD"}, {"trade_id": 138512411, "side": "buy", "size": "1326.70000000", "price": "0.20361000", "time": "2025-07-11T15:19:13.459290Z", "fetched_at": "2025-07-11T15:20:51.574550+00:00", "symbol": "DOGE-USD"}, {"trade_id": 138512410, "side": "buy", "size": "40.60000000", "price": "0.20361000", "time": "2025-07-11T15:19:13.422980Z", "fetched_at": "2025-07-11T15:20:51.574550+00:00", "symbol": "DOGE-USD"}, {"trade_id": 138512409, "side": "buy", "size": "2120.50000000", "price": "0.20362000", "time": "2025-07-11T15:19:13.382196Z", "fetched_at": "2025-07-11T15:20:51.574550+00:00", "symbol": "DOGE-USD"}, {"trade_id": 138512408, "side": "buy", "size": "40.70000000", "price": "0.20363000", "time": "2025-07-11T15:19:13.233789Z", "fetched_at": "2025-07-11T15:20:51.574550+00:00", "symbol": "DOGE-USD"}, {"trade_id": 138512407, "side": "buy", "size": "5.50000000", "price": "0.20364000", "time": "2025-07-11T15:19:13.051606Z", "fetched_at": "2025-07-11T15:20:51.574550+00:00", "symbol": "DOGE-USD"}, {"trade_id": 138512406, "side": "buy", "size": "305.80000000", "price": "0.20366000", "time": "2025-07-11T15:19:12.320200Z", "fetched_at": "2025-07-11T15:20:51.574550+00:00", "symbol": "DOGE-USD"}, {"trade_id": 138512405, "side": "buy", "size": "5.50000000", "price": "0.20366000", "time": "2025-07-11T15:19:12.320200Z", "fetched_at": "2025-07-11T15:20:51.574550+00:00", "symbol": "DOGE-USD"}, {"trade_id": 138512404, "side": "buy", "size": "49.90000000", "price": "0.20368000", "time": "2025-07-11T15:19:11.725477Z", "fetched_at": "2025-07-11T15:20:51.574550+00:00", "symbol": "DOGE-USD"}, {"trade_id": 138512403, "side": "buy", "size": "283.00000000", "price": "0.20365000", "time": "2025-07-11T15:19:10.731385Z", "fetched_at": "2025-07-11T15:20:51.574550+00:00", "symbol": "DOGE-USD"}, {"trade_id": 138512402, "side": "buy", "size": "54.00000000", "price": "0.20367000", "time": "2025-07-11T15:19:10.731385Z", "fetched_at": "2025-07-11T15:20:51.574550+00:00", "symbol": "DOGE-USD"}, {"trade_id": 138512401, "side": "buy", "size": "458.60000000", "price": "0.20371000", "time": "2025-07-11T15:19:10.541701Z", "fetched_at": "2025-07-11T15:20:51.574550+00:00", "symbol": "DOGE-USD"}, {"trade_id": 138512400, "side": "sell", "size": "463.90000000", "price": "0.20373000", "time": "2025-07-11T15:19:10.240534Z", "fetched_at": "2025-07-11T15:20:51.574550+00:00", "symbol": "DOGE-USD"}, {"trade_id": 138512399, "side": "sell", "size": "13.10000000", "price": "0.20372000", "time": "2025-07-11T15:19:10.240534Z", "fetched_at": "2025-07-11T15:20:51.574550+00:00", "symbol": "DOGE-USD"}, {"trade_id": 138512398, "side": "buy", "size": "865.40000000", "price": "0.20368000", "time": "2025-07-11T15:19:09.999418Z", "fetched_at": "2025-07-11T15:20:51.574550+00:00", "symbol": "DOGE-USD"}, {"trade_id": 138512397, "side": "buy", "size": "466.50000000", "price": "0.20369000", "time": "2025-07-11T15:19:09.999418Z", "fetched_at": "2025-07-11T15:20:51.574550+00:00", "symbol": "DOGE-USD"}, {"trade_id": 138512396, "side": "buy", "size": "850.50000000", "price": "0.20369000", "time": "2025-07-11T15:19:09.962714Z", "fetched_at": "2025-07-11T15:20:51.574550+00:00", "symbol": "DOGE-USD"}, {"trade_id": 138512395, "side": "sell", "size": "374.90000000", "price": "0.20372000", "time": "2025-07-11T15:19:09.873181Z", "fetched_at": "2025-07-11T15:20:51.574550+00:00", "symbol": "DOGE-USD"}, {"trade_id": 138512394, "side": "sell", "size": "13.10000000", "price": "0.20372000", "time": "2025-07-11T15:19:09.855507Z", "fetched_at": "2025-07-11T15:20:51.574550+00:00", "symbol": "DOGE-USD"}, {"trade_id": 138512393, "side": "sell", "size": "269.00000000", "price": "0.20371000", "time": "2025-07-11T15:19:09.855507Z", "fetched_at": "2025-07-11T15:20:51.574550+00:00", "symbol": "DOGE-USD"}, {"trade_id": 138512392, "side": "sell", "size": "1043.90000000", "price": "0.20370000", "time": "2025-07-11T15:19:09.855507Z", "fetched_at": "2025-07-11T15:20:51.574550+00:00", "symbol": "DOGE-USD"}, {"trade_id": 138512391, "side": "sell", "size": "248.40000000", "price": "0.20368000", "time": "2025-07-11T15:19:09.855507Z", "fetched_at": "2025-07-11T15:20:51.574550+00:00", "symbol": "DOGE-USD"}, {"trade_id": 138512390, "side": "sell", "size": "282.10000000", "price": "0.20370000", "time": "2025-07-11T15:19:09.828049Z", "fetched_at": "2025-07-11T15:20:51.574550+00:00", "symbol": "DOGE-USD"}, {"trade_id": 138512389, "side": "buy", "size": "53.50000000", "price": "0.20367000", "time": "2025-07-11T15:19:09.712522Z", "fetched_at": "2025-07-11T15:20:51.574550+00:00", "symbol": "DOGE-USD"}, {"trade_id": 138512388, "side": "buy", "size": "850.50000000", "price": "0.20368000", "time": "2025-07-11T15:19:09.712522Z", "fetched_at": "2025-07-11T15:20:51.574550+00:00", "symbol": "DOGE-USD"}, {"trade_id": 138512387, "side": "buy", "size": "5.50000000", "price": "0.20368000", "time": "2025-07-11T15:19:09.712522Z", "fetched_at": "2025-07-11T15:20:51.574550+00:00", "symbol": "DOGE-USD"}, {"trade_id": 138512386, "side": "buy", "size": "5.40000000", "price": "0.20372000", "time": "2025-07-11T15:19:09.584527Z", "fetched_at": "2025-07-11T15:20:51.574550+00:00", "symbol": "DOGE-USD"}, {"trade_id": 138512385, "side": "buy", "size": "5.40000000", "price": "0.20376000", "time": "2025-07-11T15:19:09.219401Z", "fetched_at": "2025-07-11T15:20:51.574550+00:00", "symbol": "DOGE-USD"}, {"trade_id": 138512384, "side": "buy", "size": "319.70000000", "price": "0.20377000", "time": "2025-07-11T15:19:09.202995Z", "fetched_at": "2025-07-11T15:20:51.574550+00:00", "symbol": "DOGE-USD"}, {"trade_id": 138512383, "side": "buy", "size": "2698.10000000", "price": "0.20380000", "time": "2025-07-11T15:19:08.874863Z", "fetched_at": "2025-07-11T15:20:51.574550+00:00", "symbol": "DOGE-USD"}, {"trade_id": 138512382, "side": "buy", "size": "188.10000000", "price": "0.20382000", "time": "2025-07-11T15:19:08.290443Z", "fetched_at": "2025-07-11T15:20:51.574550+00:00", "symbol": "DOGE-USD"}, {"trade_id": 138512381, "side": "buy", "size": "577.20000000", "price": "0.20382000", "time": "2025-07-11T15:19:08.287778Z", "fetched_at": "2025-07-11T15:20:51.574550+00:00", "symbol": "DOGE-USD"}, {"trade_id": 138512380, "side": "buy", "size": "22382.60000000", "price": "0.20382000", "time": "2025-07-11T15:19:08.278907Z", "fetched_at": "2025-07-11T15:20:51.574550+00:00", "symbol": "DOGE-USD"}, {"trade_id": 138512379, "side": "buy", "size": "54.00000000", "price": "0.20383000", "time": "2025-07-11T15:19:07.965205Z", "fetched_at": "2025-07-11T15:20:51.574550+00:00", "symbol": "DOGE-USD"}, {"trade_id": 138512378, "side": "buy", "size": "2994.10000000", "price": "0.20384000", "time": "2025-07-11T15:19:07.877701Z", "fetched_at": "2025-07-11T15:20:51.574550+00:00", "symbol": "DOGE-USD"}, {"trade_id": 138512377, "side": "buy", "size": "54.00000000", "price": "0.20385000", "time": "2025-07-11T15:19:07.852411Z", "fetched_at": "2025-07-11T15:20:51.574550+00:00", "symbol": "DOGE-USD"}, {"trade_id": 138512376, "side": "sell", "size": "39.20000000", "price": "0.20384000", "time": "2025-07-11T15:19:06.816186Z", "fetched_at": "2025-07-11T15:20:51.574550+00:00", "symbol": "DOGE-USD"}, {"trade_id": 138512375, "side": "sell", "size": "538.00000000", "price": "0.20384000", "time": "2025-07-11T15:19:06.816186Z", "fetched_at": "2025-07-11T15:20:51.574550+00:00", "symbol": "DOGE-USD"}, {"trade_id": 138512374, "side": "sell", "size": "619.70000000", "price": "0.20385000", "time": "2025-07-11T15:19:06.435248Z", "fetched_at": "2025-07-11T15:20:51.574550+00:00", "symbol": "DOGE-USD"}, {"trade_id": 138512373, "side": "sell", "size": "39.20000000", "price": "0.20384000", "time": "2025-07-11T15:19:06.435248Z", "fetched_at": "2025-07-11T15:20:51.574550+00:00", "symbol": "DOGE-USD"}, {"trade_id": 138512372, "side": "sell", "size": "850.50000000", "price": "0.20384000", "time": "2025-07-11T15:19:06.435248Z", "fetched_at": "2025-07-11T15:20:51.574550+00:00", "symbol": "DOGE-USD"}, {"trade_id": 138512371, "side": "sell", "size": "183.00000000", "price": "0.20385000", "time": "2025-07-11T15:19:06.412004Z", "fetched_at": "2025-07-11T15:20:51.574550+00:00", "symbol": "DOGE-USD"}, {"trade_id": 138512370, "side": "sell", "size": "1418.30000000", "price": "0.20385000", "time": "2025-07-11T15:19:06.412004Z", "fetched_at": "2025-07-11T15:20:51.574550+00:00", "symbol": "DOGE-USD"}, {"trade_id": 138512369, "side": "sell", "size": "39.20000000", "price": "0.20385000", "time": "2025-07-11T15:19:06.412004Z", "fetched_at": "2025-07-11T15:20:51.574550+00:00", "symbol": "DOGE-USD"}, {"trade_id": 138512368, "side": "sell", "size": "248.40000000", "price": "0.20383000", "time": "2025-07-11T15:19:06.412004Z", "fetched_at": "2025-07-11T15:20:51.574550+00:00", "symbol": "DOGE-USD"}, {"trade_id": 138512367, "side": "buy", "size": "49.60000000", "price": "0.20384000", "time": "2025-07-11T15:19:06.347164Z", "fetched_at": "2025-07-11T15:20:51.574550+00:00", "symbol": "DOGE-USD"}, {"trade_id": 138512366, "side": "sell", "size": "5.40000000", "price": "0.20384000", "time": "2025-07-11T15:19:04.822034Z", "fetched_at": "2025-07-11T15:20:51.574550+00:00", "symbol": "DOGE-USD"}, {"trade_id": 138512365, "side": "buy", "size": "113.50000000", "price": "0.20382000", "time": "2025-07-11T15:19:04.432134Z", "fetched_at": "2025-07-11T15:20:51.574550+00:00", "symbol": "DOGE-USD"}, {"trade_id": 138512364, "side": "buy", "size": "183.00000000", "price": "0.20383000", "time": "2025-07-11T15:19:04.432134Z", "fetched_at": "2025-07-11T15:20:51.574550+00:00", "symbol": "DOGE-USD"}, {"trade_id": 138512363, "side": "buy", "size": "245.50000000", "price": "0.20383000", "time": "2025-07-11T15:19:04.432134Z", "fetched_at": "2025-07-11T15:20:51.574550+00:00", "symbol": "DOGE-USD"}, {"trade_id": 138512362, "side": "buy", "size": "924.00000000", "price": "0.20383000", "time": "2025-07-11T15:19:04.432134Z", "fetched_at": "2025-07-11T15:20:51.574550+00:00", "symbol": "DOGE-USD"}, {"trade_id": 138512361, "side": "sell", "size": "1948.00000000", "price": "0.20380000", "time": "2025-07-11T15:19:04.285728Z", "fetched_at": "2025-07-11T15:20:51.574550+00:00", "symbol": "DOGE-USD"}, {"trade_id": 138512360, "side": "sell", "size": "5.40000000", "price": "0.20380000", "time": "2025-07-11T15:19:04.285728Z", "fetched_at": "2025-07-11T15:20:51.574550+00:00", "symbol": "DOGE-USD"}, {"trade_id": 138512359, "side": "sell", "size": "51.80000000", "price": "0.20378000", "time": "2025-07-11T15:19:02.626268Z", "fetched_at": "2025-07-11T15:20:51.574550+00:00", "symbol": "DOGE-USD"}, {"trade_id": 138512358, "side": "sell", "size": "11.00000000", "price": "0.20378000", "time": "2025-07-11T15:19:02.626268Z", "fetched_at": "2025-07-11T15:20:51.574550+00:00", "symbol": "DOGE-USD"}, {"trade_id": 138512357, "side": "sell", "size": "5.40000000", "price": "0.20376000", "time": "2025-07-11T15:19:02.626268Z", "fetched_at": "2025-07-11T15:20:51.574550+00:00", "symbol": "DOGE-USD"}, {"trade_id": 138512356, "side": "buy", "size": "762.10000000", "price": "0.20372000", "time": "2025-07-11T15:19:02.452099Z", "fetched_at": "2025-07-11T15:20:51.574550+00:00", "symbol": "DOGE-USD"}, {"trade_id": 138512355, "side": "buy", "size": "65.30000000", "price": "0.20368000", "time": "2025-07-11T15:19:01.873743Z", "fetched_at": "2025-07-11T15:20:51.574550+00:00", "symbol": "DOGE-USD"}, {"trade_id": 138512354, "side": "buy", "size": "3789.50000000", "price": "0.20368000", "time": "2025-07-11T15:19:01.873743Z", "fetched_at": "2025-07-11T15:20:51.574550+00:00", "symbol": "DOGE-USD"}, {"trade_id": 138512353, "side": "buy", "size": "2276.00000000", "price": "0.20368000", "time": "2025-07-11T15:19:01.873743Z", "fetched_at": "2025-07-11T15:20:51.574550+00:00", "symbol": "DOGE-USD"}, {"trade_id": 138512352, "side": "buy", "size": "1765.70000000", "price": "0.20369000", "time": "2025-07-11T15:19:01.873743Z", "fetched_at": "2025-07-11T15:20:51.574550+00:00", "symbol": "DOGE-USD"}, {"trade_id": 138512351, "side": "buy", "size": "47.60000000", "price": "0.20370000", "time": "2025-07-11T15:19:01.873743Z", "fetched_at": "2025-07-11T15:20:51.574550+00:00", "symbol": "DOGE-USD"}, {"trade_id": 138512350, "side": "buy", "size": "850.50000000", "price": "0.20370000", "time": "2025-07-11T15:19:01.873743Z", "fetched_at": "2025-07-11T15:20:51.574550+00:00", "symbol": "DOGE-USD"}, {"trade_id": 138512349, "side": "buy", "size": "1343.40000000", "price": "0.20372000", "time": "2025-07-11T15:19:01.873743Z", "fetched_at": "2025-07-11T15:20:51.574550+00:00", "symbol": "DOGE-USD"}, {"trade_id": 138512348, "side": "buy", "size": "1300.60000000", "price": "0.20372000", "time": "2025-07-11T15:19:01.873743Z", "fetched_at": "2025-07-11T15:20:51.574550+00:00", "symbol": "DOGE-USD"}, {"trade_id": 138512347, "side": "sell", "size": "5.40000000", "price": "0.20374000", "time": "2025-07-11T15:19:01.279538Z", "fetched_at": "2025-07-11T15:20:51.574550+00:00", "symbol": "DOGE-USD"}, {"trade_id": 138512346, "side": "sell", "size": "5.40000000", "price": "0.20372000", "time": "2025-07-11T15:19:01.279538Z", "fetched_at": "2025-07-11T15:20:51.574550+00:00", "symbol": "DOGE-USD"}, {"trade_id": 138512345, "side": "sell", "size": "5.50000000", "price": "0.20370000", "time": "2025-07-11T15:19:01.273643Z", "fetched_at": "2025-07-11T15:20:51.574550+00:00", "symbol": "DOGE-USD"}, {"trade_id": 138512344, "side": "sell", "size": "10.80000000", "price": "0.20369000", "time": "2025-07-11T15:19:01.273643Z", "fetched_at": "2025-07-11T15:20:51.574550+00:00", "symbol": "DOGE-USD"}, {"trade_id": 138512343, "side": "sell", "size": "5.50000000", "price": "0.20368000", "time": "2025-07-11T15:19:01.273643Z", "fetched_at": "2025-07-11T15:20:51.574550+00:00", "symbol": "DOGE-USD"}, {"trade_id": 138512342, "side": "sell", "size": "81.00000000", "price": "0.20366000", "time": "2025-07-11T15:19:01.271762Z", "fetched_at": "2025-07-11T15:20:51.574550+00:00", "symbol": "DOGE-USD"}, {"trade_id": 138512341, "side": "sell", "size": "5.50000000", "price": "0.20366000", "time": "2025-07-11T15:19:01.271762Z", "fetched_at": "2025-07-11T15:20:51.574550+00:00", "symbol": "DOGE-USD"}, {"trade_id": 138512340, "side": "buy", "size": "4.30000000", "price": "0.20365000", "time": "2025-07-11T15:19:01.026189Z", "fetched_at": "2025-07-11T15:20:51.574550+00:00", "symbol": "DOGE-USD"}, {"trade_id": 138512339, "side": "sell", "size": "5.50000000", "price": "0.20364000", "time": "2025-07-11T15:19:00.956445Z", "fetched_at": "2025-07-11T15:20:51.574550+00:00", "symbol": "DOGE-USD"}, {"trade_id": 138512338, "side": "sell", "size": "237.00000000", "price": "0.20360000", "time": "2025-07-11T15:19:00.343771Z", "fetched_at": "2025-07-11T15:20:51.574550+00:00", "symbol": "DOGE-USD"}, {"trade_id": 138512337, "side": "sell", "size": "39.30000000", "price": "0.20362000", "time": "2025-07-11T15:18:58.483920Z", "fetched_at": "2025-07-11T15:20:51.574550+00:00", "symbol": "DOGE-USD"}, {"trade_id": 138512336, "side": "sell", "size": "5.50000000", "price": "0.20362000", "time": "2025-07-11T15:18:58.478508Z", "fetched_at": "2025-07-11T15:20:51.574550+00:00", "symbol": "DOGE-USD"}, {"trade_id": 138512335, "side": "sell", "size": "957.00000000", "price": "0.20360000", "time": "2025-07-11T15:18:58.474971Z", "fetched_at": "2025-07-11T15:20:51.574550+00:00", "symbol": "DOGE-USD"}, {"trade_id": 138512334, "side": "sell", "size": "5.50000000", "price": "0.20360000", "time": "2025-07-11T15:18:58.474971Z", "fetched_at": "2025-07-11T15:20:51.574550+00:00", "symbol": "DOGE-USD"}, {"trade_id": 138512333, "side": "sell", "size": "774.00000000", "price": "0.20358000", "time": "2025-07-11T15:18:57.618309Z", "fetched_at": "2025-07-11T15:20:51.574550+00:00", "symbol": "DOGE-USD"}, {"trade_id": 138512332, "side": "sell", "size": "5.50000000", "price": "0.20358000", "time": "2025-07-11T15:18:57.618309Z", "fetched_at": "2025-07-11T15:20:51.574550+00:00", "symbol": "DOGE-USD"}, {"trade_id": 138512331, "side": "sell", "size": "54.00000000", "price": "0.20357000", "time": "2025-07-11T15:18:57.618309Z", "fetched_at": "2025-07-11T15:20:51.574550+00:00", "symbol": "DOGE-USD"}, {"trade_id": 138512330, "side": "sell", "size": "198.50000000", "price": "0.20357000", "time": "2025-07-11T15:18:57.618309Z", "fetched_at": "2025-07-11T15:20:51.574550+00:00", "symbol": "DOGE-USD"}, {"trade_id": 138512329, "side": "sell", "size": "5.50000000", "price": "0.20356000", "time": "2025-07-11T15:18:57.618309Z", "fetched_at": "2025-07-11T15:20:51.574550+00:00", "symbol": "DOGE-USD"}, {"trade_id": 138512328, "side": "sell", "size": "149.50000000", "price": "0.20356000", "time": "2025-07-11T15:18:57.618309Z", "fetched_at": "2025-07-11T15:20:51.574550+00:00", "symbol": "DOGE-USD"}, {"trade_id": 138512327, "side": "sell", "size": "26.80000000", "price": "0.20355000", "time": "2025-07-11T15:18:55.418737Z", "fetched_at": "2025-07-11T15:20:51.574550+00:00", "symbol": "DOGE-USD"}, {"trade_id": 138512326, "side": "sell", "size": "5.50000000", "price": "0.20354000", "time": "2025-07-11T15:18:55.189721Z", "fetched_at": "2025-07-11T15:20:51.574550+00:00", "symbol": "DOGE-USD"}, {"trade_id": 138512325, "side": "sell", "size": "159.60000000", "price": "0.20354000", "time": "2025-07-11T15:18:55.189721Z", "fetched_at": "2025-07-11T15:20:51.574550+00:00", "symbol": "DOGE-USD"}, {"trade_id": 138512324, "side": "sell", "size": "61.20000000", "price": "0.20353000", "time": "2025-07-11T15:18:54.596691Z", "fetched_at": "2025-07-11T15:20:51.574550+00:00", "symbol": "DOGE-USD"}, {"trade_id": 138512323, "side": "sell", "size": "5.50000000", "price": "0.20352000", "time": "2025-07-11T15:18:54.596691Z", "fetched_at": "2025-07-11T15:20:51.574550+00:00", "symbol": "DOGE-USD"}, {"trade_id": 138512322, "side": "sell", "size": "90.50000000", "price": "0.20352000", "time": "2025-07-11T15:18:54.596691Z", "fetched_at": "2025-07-11T15:20:51.574550+00:00", "symbol": "DOGE-USD"}, {"trade_id": 138512321, "side": "sell", "size": "370.50000000", "price": "0.20351000", "time": "2025-07-11T15:18:54.585201Z", "fetched_at": "2025-07-11T15:20:51.574550+00:00", "symbol": "DOGE-USD"}, {"trade_id": 138512320, "side": "buy", "size": "994.80000000", "price": "0.20349000", "time": "2025-07-11T15:18:54.176280Z", "fetched_at": "2025-07-11T15:20:51.574550+00:00", "symbol": "DOGE-USD"}, {"trade_id": 138512319, "side": "buy", "size": "50.40000000", "price": "0.20350000", "time": "2025-07-11T15:18:54.176280Z", "fetched_at": "2025-07-11T15:20:51.574550+00:00", "symbol": "DOGE-USD"}, {"trade_id": 138512318, "side": "buy", "size": "245.50000000", "price": "0.20350000", "time": "2025-07-11T15:18:54.176280Z", "fetched_at": "2025-07-11T15:20:51.574550+00:00", "symbol": "DOGE-USD"}, {"trade_id": 138512317, "side": "sell", "size": "5.50000000", "price": "0.20350000", "time": "2025-07-11T15:18:54.123461Z", "fetched_at": "2025-07-11T15:20:51.574550+00:00", "symbol": "DOGE-USD"}, {"trade_id": 138512316, "side": "sell", "size": "184.00000000", "price": "0.20350000", "time": "2025-07-11T15:18:54.123461Z", "fetched_at": "2025-07-11T15:20:51.574550+00:00", "symbol": "DOGE-USD"}, {"trade_id": 138512315, "side": "sell", "size": "61.20000000", "price": "0.20349000", "time": "2025-07-11T15:18:53.789646Z", "fetched_at": "2025-07-11T15:20:51.574550+00:00", "symbol": "DOGE-USD"}, {"trade_id": 138512314, "side": "sell", "size": "5.50000000", "price": "0.20348000", "time": "2025-07-11T15:18:53.748142Z", "fetched_at": "2025-07-11T15:20:51.574550+00:00", "symbol": "DOGE-USD"}, {"trade_id": 138512313, "side": "sell", "size": "5.50000000", "price": "0.20346000", "time": "2025-07-11T15:18:53.615918Z", "fetched_at": "2025-07-11T15:20:51.574550+00:00", "symbol": "DOGE-USD"}, {"trade_id": 138512312, "side": "sell", "size": "2449.30000000", "price": "0.20344000", "time": "2025-07-11T15:18:53.389725Z", "fetched_at": "2025-07-11T15:20:51.574550+00:00", "symbol": "DOGE-USD"}, {"trade_id": 138512311, "side": "sell", "size": "5.50000000", "price": "0.20344000", "time": "2025-07-11T15:18:53.389725Z", "fetched_at": "2025-07-11T15:20:51.574550+00:00", "symbol": "DOGE-USD"}, {"trade_id": 138512310, "side": "sell", "size": "39.30000000", "price": "0.20343000", "time": "2025-07-11T15:18:53.378248Z", "fetched_at": "2025-07-11T15:20:51.574550+00:00", "symbol": "DOGE-USD"}, {"trade_id": 138512309, "side": "sell", "size": "19203.20000000", "price": "0.20343000", "time": "2025-07-11T15:18:53.378248Z", "fetched_at": "2025-07-11T15:20:51.574550+00:00", "symbol": "DOGE-USD"}, {"trade_id": 138512308, "side": "sell", "size": "54.10000000", "price": "0.20341000", "time": "2025-07-11T15:18:53.378248Z", "fetched_at": "2025-07-11T15:20:51.574550+00:00", "symbol": "DOGE-USD"}, {"trade_id": 138512307, "side": "sell", "size": "54.10000000", "price": "0.20341000", "time": "2025-07-11T15:18:53.365870Z", "fetched_at": "2025-07-11T15:20:51.574550+00:00", "symbol": "DOGE-USD"}, {"trade_id": 138512306, "side": "sell", "size": "5.50000000", "price": "0.20340000", "time": "2025-07-11T15:18:53.365870Z", "fetched_at": "2025-07-11T15:20:51.574550+00:00", "symbol": "DOGE-USD"}, {"trade_id": 138512305, "side": "sell", "size": "527.00000000", "price": "0.20339000", "time": "2025-07-11T15:18:53.365870Z", "fetched_at": "2025-07-11T15:20:51.574550+00:00", "symbol": "DOGE-USD"}, {"trade_id": 138512304, "side": "buy", "size": "183.00000000", "price": "0.20339000", "time": "2025-07-11T15:18:53.343776Z", "fetched_at": "2025-07-11T15:20:51.574550+00:00", "symbol": "DOGE-USD"}, {"trade_id": 138512303, "side": "sell", "size": "2130.00000000", "price": "0.20335000", "time": "2025-07-11T15:18:52.650027Z", "fetched_at": "2025-07-11T15:20:51.574550+00:00", "symbol": "DOGE-USD"}, {"trade_id": 138512302, "side": "buy", "size": "353.10000000", "price": "0.20336000", "time": "2025-07-11T15:18:50.908088Z", "fetched_at": "2025-07-11T15:20:51.574550+00:00", "symbol": "DOGE-USD"}, {"trade_id": 138512301, "side": "buy", "size": "96.50000000", "price": "0.20336000", "time": "2025-07-11T15:18:50.090498Z", "fetched_at": "2025-07-11T15:20:51.574550+00:00", "symbol": "DOGE-USD"}, {"trade_id": 138512300, "side": "buy", "size": "54.10000000", "price": "0.20337000", "time": "2025-07-11T15:18:50.090498Z", "fetched_at": "2025-07-11T15:20:51.574550+00:00", "symbol": "DOGE-USD"}, {"trade_id": 138512299, "side": "sell", "size": "39.30000000", "price": "0.20335000", "time": "2025-07-11T15:18:49.662533Z", "fetched_at": "2025-07-11T15:20:51.574550+00:00", "symbol": "DOGE-USD"}, {"trade_id": 138512298, "side": "sell", "size": "4989.00000000", "price": "0.20335000", "time": "2025-07-11T15:18:49.662533Z", "fetched_at": "2025-07-11T15:20:51.574550+00:00", "symbol": "DOGE-USD"}, {"trade_id": 138512297, "side": "buy", "size": "5.50000000", "price": "0.20336000", "time": "2025-07-11T15:18:48.791089Z", "fetched_at": "2025-07-11T15:20:51.574550+00:00", "symbol": "DOGE-USD"}, {"trade_id": 138512296, "side": "sell", "size": "1444.90000000", "price": "0.20348000", "time": "2025-07-11T15:18:47.137246Z", "fetched_at": "2025-07-11T15:20:51.574550+00:00", "symbol": "DOGE-USD"}, {"trade_id": 138512295, "side": "sell", "size": "5.50000000", "price": "0.20348000", "time": "2025-07-11T15:18:47.137246Z", "fetched_at": "2025-07-11T15:20:51.574550+00:00", "symbol": "DOGE-USD"}, {"trade_id": 138512294, "side": "sell", "size": "144.80000000", "price": "0.20348000", "time": "2025-07-11T15:18:47.137246Z", "fetched_at": "2025-07-11T15:20:51.574550+00:00", "symbol": "DOGE-USD"}, {"trade_id": 138512293, "side": "sell", "size": "850.50000000", "price": "0.20347000", "time": "2025-07-11T15:18:47.137246Z", "fetched_at": "2025-07-11T15:20:51.574550+00:00", "symbol": "DOGE-USD"}, {"trade_id": 138512292, "side": "sell", "size": "1177.90000000", "price": "0.20346000", "time": "2025-07-11T15:18:47.137246Z", "fetched_at": "2025-07-11T15:20:51.574550+00:00", "symbol": "DOGE-USD"}, {"trade_id": 138512291, "side": "sell", "size": "5.50000000", "price": "0.20346000", "time": "2025-07-11T15:18:47.137246Z", "fetched_at": "2025-07-11T15:20:51.574550+00:00", "symbol": "DOGE-USD"}, {"trade_id": 138512290, "side": "sell", "size": "54.10000000", "price": "0.20345000", "time": "2025-07-11T15:18:47.137246Z", "fetched_at": "2025-07-11T15:20:51.574550+00:00", "symbol": "DOGE-USD"}, {"trade_id": 138512289, "side": "sell", "size": "1311.30000000", "price": "0.20345000", "time": "2025-07-11T15:18:47.137246Z", "fetched_at": "2025-07-11T15:20:51.574550+00:00", "symbol": "DOGE-USD"}, {"trade_id": 138512288, "side": "sell", "size": "5.50000000", "price": "0.20344000", "time": "2025-07-11T15:18:47.137246Z", "fetched_at": "2025-07-11T15:20:51.574550+00:00", "symbol": "DOGE-USD"}, {"trade_id": 138512287, "side": "sell", "size": "70.00000000", "price": "0.20340000", "time": "2025-07-11T15:18:46.766236Z", "fetched_at": "2025-07-11T15:20:51.574550+00:00", "symbol": "DOGE-USD"}, {"trade_id": 138512286, "side": "sell", "size": "5.50000000", "price": "0.20340000", "time": "2025-07-11T15:18:46.766236Z", "fetched_at": "2025-07-11T15:20:51.574550+00:00", "symbol": "DOGE-USD"}, {"trade_id": 138512285, "side": "buy", "size": "163.80000000", "price": "0.20339000", "time": "2025-07-11T15:18:46.508454Z", "fetched_at": "2025-07-11T15:20:51.574550+00:00", "symbol": "DOGE-USD"}, {"trade_id": 138512284, "side": "sell", "size": "5.50000000", "price": "0.20336000", "time": "2025-07-11T15:18:45.580968Z", "fetched_at": "2025-07-11T15:20:51.574550+00:00", "symbol": "DOGE-USD"}, {"trade_id": 138512283, "side": "buy", "size": "166.00000000", "price": "0.20335000", "time": "2025-07-11T15:18:45.490192Z", "fetched_at": "2025-07-11T15:20:51.574550+00:00", "symbol": "DOGE-USD"}, {"trade_id": 138512282, "side": "buy", "size": "183.00000000", "price": "0.20335000", "time": "2025-07-11T15:18:45.490192Z", "fetched_at": "2025-07-11T15:20:51.574550+00:00", "symbol": "DOGE-USD"}, {"trade_id": 138512281, "side": "sell", "size": "165.00000000", "price": "0.20332000", "time": "2025-07-11T15:18:45.292641Z", "fetched_at": "2025-07-11T15:20:51.574550+00:00", "symbol": "DOGE-USD"}, {"trade_id": 138512280, "side": "sell", "size": "5.50000000", "price": "0.20332000", "time": "2025-07-11T15:18:45.292641Z", "fetched_at": "2025-07-11T15:20:51.574550+00:00", "symbol": "DOGE-USD"}, {"trade_id": 138512279, "side": "sell", "size": "0.80000000", "price": "0.20330000", "time": "2025-07-11T15:18:44.537944Z", "fetched_at": "2025-07-11T15:20:51.574550+00:00", "symbol": "DOGE-USD"}, {"trade_id": 138512278, "side": "sell", "size": "4.70000000", "price": "0.20330000", "time": "2025-07-11T15:18:44.500115Z", "fetched_at": "2025-07-11T15:20:51.574550+00:00", "symbol": "DOGE-USD"}, {"trade_id": 138512277, "side": "sell", "size": "1239.20000000", "price": "0.20327000", "time": "2025-07-11T15:18:44.188227Z", "fetched_at": "2025-07-11T15:20:51.574550+00:00", "symbol": "DOGE-USD"}, {"trade_id": 138512276, "side": "sell", "size": "2287.80000000", "price": "0.20327000", "time": "2025-07-11T15:18:44.188227Z", "fetched_at": "2025-07-11T15:20:51.574550+00:00", "symbol": "DOGE-USD"}, {"trade_id": 138512275, "side": "sell", "size": "8349.80000000", "price": "0.20326000", "time": "2025-07-11T15:18:44.177213Z", "fetched_at": "2025-07-11T15:20:51.574550+00:00", "symbol": "DOGE-USD"}, {"trade_id": 138512274, "side": "sell", "size": "3378.50000000", "price": "0.20326000", "time": "2025-07-11T15:18:44.177213Z", "fetched_at": "2025-07-11T15:20:51.574550+00:00", "symbol": "DOGE-USD"}, {"trade_id": 138512273, "side": "sell", "size": "54.10000000", "price": "0.20325000", "time": "2025-07-11T15:18:44.177213Z", "fetched_at": "2025-07-11T15:20:51.574550+00:00", "symbol": "DOGE-USD"}, {"trade_id": 138512272, "side": "sell", "size": "88.00000000", "price": "0.20324000", "time": "2025-07-11T15:18:44.174667Z", "fetched_at": "2025-07-11T15:20:51.574550+00:00", "symbol": "DOGE-USD"}, {"trade_id": 138512271, "side": "sell", "size": "1806.00000000", "price": "0.20324000", "time": "2025-07-11T15:18:44.174667Z", "fetched_at": "2025-07-11T15:20:51.574550+00:00", "symbol": "DOGE-USD"}, {"trade_id": 138512270, "side": "buy", "size": "13.60000000", "price": "0.20320000", "time": "2025-07-11T15:18:42.949467Z", "fetched_at": "2025-07-11T15:20:51.574550+00:00", "symbol": "DOGE-USD"}, {"trade_id": 138512269, "side": "buy", "size": "5.50000000", "price": "0.20320000", "time": "2025-07-11T15:18:42.949467Z", "fetched_at": "2025-07-11T15:20:51.574550+00:00", "symbol": "DOGE-USD"}, {"trade_id": 138512268, "side": "buy", "size": "5.50000000", "price": "0.20322000", "time": "2025-07-11T15:18:42.949467Z", "fetched_at": "2025-07-11T15:20:51.574550+00:00", "symbol": "DOGE-USD"}, {"trade_id": 138512267, "side": "sell", "size": "839.50000000", "price": "0.20323000", "time": "2025-07-11T15:18:42.832632Z", "fetched_at": "2025-07-11T15:20:51.574550+00:00", "symbol": "DOGE-USD"}, {"trade_id": 138512266, "side": "sell", "size": "850.50000000", "price": "0.20323000", "time": "2025-07-11T15:18:42.832632Z", "fetched_at": "2025-07-11T15:20:51.574550+00:00", "symbol": "DOGE-USD"}, {"trade_id": 138512265, "side": "sell", "size": "248.40000000", "price": "0.20323000", "time": "2025-07-11T15:18:42.832632Z", "fetched_at": "2025-07-11T15:20:51.574550+00:00", "symbol": "DOGE-USD"}, {"trade_id": 138512264, "side": "sell", "size": "183.00000000", "price": "0.20323000", "time": "2025-07-11T15:18:42.832632Z", "fetched_at": "2025-07-11T15:20:51.574550+00:00", "symbol": "DOGE-USD"}, {"trade_id": 138512263, "side": "buy", "size": "5.50000000", "price": "0.20324000", "time": "2025-07-11T15:18:42.692626Z", "fetched_at": "2025-07-11T15:20:51.574550+00:00", "symbol": "DOGE-USD"}, {"trade_id": 138512262, "side": "buy", "size": "419.00000000", "price": "0.20326000", "time": "2025-07-11T15:18:42.404830Z", "fetched_at": "2025-07-11T15:20:51.574550+00:00", "symbol": "DOGE-USD"}, {"trade_id": 138512261, "side": "buy", "size": "640.40000000", "price": "0.20326000", "time": "2025-07-11T15:18:42.404830Z", "fetched_at": "2025-07-11T15:20:51.574550+00:00", "symbol": "DOGE-USD"}, {"trade_id": 138512260, "side": "buy", "size": "1607.10000000", "price": "0.20326000", "time": "2025-07-11T15:18:42.083350Z", "fetched_at": "2025-07-11T15:20:51.574550+00:00", "symbol": "DOGE-USD"}, {"trade_id": 138512259, "side": "buy", "size": "5.50000000", "price": "0.20326000", "time": "2025-07-11T15:18:42.083350Z", "fetched_at": "2025-07-11T15:20:51.574550+00:00", "symbol": "DOGE-USD"}, {"trade_id": 138512258, "side": "buy", "size": "5.50000000", "price": "0.20328000", "time": "2025-07-11T15:18:41.132031Z", "fetched_at": "2025-07-11T15:20:51.574550+00:00", "symbol": "DOGE-USD"}, {"trade_id": 138512257, "side": "sell", "size": "701.80000000", "price": "0.20329000", "time": "2025-07-11T15:18:40.930878Z", "fetched_at": "2025-07-11T15:20:51.574550+00:00", "symbol": "DOGE-USD"}, {"trade_id": 138512256, "side": "sell", "size": "39.30000000", "price": "0.20329000", "time": "2025-07-11T15:18:40.930878Z", "fetched_at": "2025-07-11T15:20:51.574550+00:00", "symbol": "DOGE-USD"}, {"trade_id": 138512255, "side": "sell", "size": "248.40000000", "price": "0.20329000", "time": "2025-07-11T15:18:40.930878Z", "fetched_at": "2025-07-11T15:20:51.574550+00:00", "symbol": "DOGE-USD"}, {"trade_id": 138512254, "side": "sell", "size": "183.00000000", "price": "0.20329000", "time": "2025-07-11T15:18:40.930878Z", "fetched_at": "2025-07-11T15:20:51.574550+00:00", "symbol": "DOGE-USD"}, {"trade_id": 138512253, "side": "buy", "size": "0.10000000", "price": "0.20330000", "time": "2025-07-11T15:18:40.646635Z", "fetched_at": "2025-07-11T15:20:51.574550+00:00", "symbol": "DOGE-USD"}, {"trade_id": 138512252, "side": "buy", "size": "628.20000000", "price": "0.20330000", "time": "2025-07-11T15:18:40.037297Z", "fetched_at": "2025-07-11T15:20:51.574550+00:00", "symbol": "DOGE-USD"}, {"trade_id": 138512251, "side": "buy", "size": "2579.80000000", "price": "0.20330000", "time": "2025-07-11T15:18:40.037297Z", "fetched_at": "2025-07-11T15:20:51.574550+00:00", "symbol": "DOGE-USD"}, {"trade_id": 138512250, "side": "buy", "size": "5.50000000", "price": "0.20330000", "time": "2025-07-11T15:18:40.037297Z", "fetched_at": "2025-07-11T15:20:51.574550+00:00", "symbol": "DOGE-USD"}, {"trade_id": 138512249, "side": "sell", "size": "47.80000000", "price": "0.20331000", "time": "2025-07-11T15:18:39.839299Z", "fetched_at": "2025-07-11T15:20:51.574550+00:00", "symbol": "DOGE-USD"}, {"trade_id": 138512248, "side": "buy", "size": "5.50000000", "price": "0.20332000", "time": "2025-07-11T15:18:39.590345Z", "fetched_at": "2025-07-11T15:20:51.574550+00:00", "symbol": "DOGE-USD"}, {"trade_id": 138512247, "side": "buy", "size": "2858.80000000", "price": "0.20334000", "time": "2025-07-11T15:18:38.971645Z", "fetched_at": "2025-07-11T15:20:51.574550+00:00", "symbol": "DOGE-USD"}, {"trade_id": 138512246, "side": "buy", "size": "558.70000000", "price": "0.20334000", "time": "2025-07-11T15:18:38.971645Z", "fetched_at": "2025-07-11T15:20:51.574550+00:00", "symbol": "DOGE-USD"}, {"trade_id": 138512245, "side": "buy", "size": "5.50000000", "price": "0.20334000", "time": "2025-07-11T15:18:38.971645Z", "fetched_at": "2025-07-11T15:20:51.574550+00:00", "symbol": "DOGE-USD"}, {"trade_id": 138512244, "side": "sell", "size": "42.40000000", "price": "0.20335000", "time": "2025-07-11T15:18:37.849936Z", "fetched_at": "2025-07-11T15:20:51.574550+00:00", "symbol": "DOGE-USD"}, {"trade_id": 138512243, "side": "buy", "size": "407.50000000", "price": "0.20337000", "time": "2025-07-11T15:18:36.848009Z", "fetched_at": "2025-07-11T15:20:51.574550+00:00", "symbol": "DOGE-USD"}, {"trade_id": 138512242, "side": "buy", "size": "54.10000000", "price": "0.20338000", "time": "2025-07-11T15:18:36.848009Z", "fetched_at": "2025-07-11T15:20:51.574550+00:00", "symbol": "DOGE-USD"}, {"trade_id": 138512241, "side": "buy", "size": "148.90000000", "price": "0.20339000", "time": "2025-07-11T15:18:36.388961Z", "fetched_at": "2025-07-11T15:20:51.574550+00:00", "symbol": "DOGE-USD"}, {"trade_id": 138512240, "side": "buy", "size": "4556.20000000", "price": "0.20334000", "time": "2025-07-11T15:18:34.986690Z", "fetched_at": "2025-07-11T15:20:51.574550+00:00", "symbol": "DOGE-USD"}, {"trade_id": 138512239, "side": "buy", "size": "5.50000000", "price": "0.20334000", "time": "2025-07-11T15:18:34.986690Z", "fetched_at": "2025-07-11T15:20:51.574550+00:00", "symbol": "DOGE-USD"}, {"trade_id": 138512238, "side": "buy", "size": "45.80000000", "price": "0.20335000", "time": "2025-07-11T15:18:34.986690Z", "fetched_at": "2025-07-11T15:20:51.574550+00:00", "symbol": "DOGE-USD"}, {"trade_id": 138512237, "side": "buy", "size": "5.50000000", "price": "0.20336000", "time": "2025-07-11T15:18:34.986690Z", "fetched_at": "2025-07-11T15:20:51.574550+00:00", "symbol": "DOGE-USD"}, {"trade_id": 138512236, "side": "buy", "size": "5.50000000", "price": "0.20338000", "time": "2025-07-11T15:18:34.986690Z", "fetched_at": "2025-07-11T15:20:51.574550+00:00", "symbol": "DOGE-USD"}, {"trade_id": 138512235, "side": "buy", "size": "5.50000000", "price": "0.20340000", "time": "2025-07-11T15:18:34.986690Z", "fetched_at": "2025-07-11T15:20:51.574550+00:00", "symbol": "DOGE-USD"}, {"trade_id": 138512234, "side": "buy", "size": "2971.30000000", "price": "0.20342000", "time": "2025-07-11T15:18:34.899246Z", "fetched_at": "2025-07-11T15:20:51.574550+00:00", "symbol": "DOGE-USD"}, {"trade_id": 138512233, "side": "buy", "size": "255.60000000", "price": "0.20342000", "time": "2025-07-11T15:18:34.899246Z", "fetched_at": "2025-07-11T15:20:51.574550+00:00", "symbol": "DOGE-USD"}, {"trade_id": 138512232, "side": "buy", "size": "5.50000000", "price": "0.20342000", "time": "2025-07-11T15:18:34.899246Z", "fetched_at": "2025-07-11T15:20:51.574550+00:00", "symbol": "DOGE-USD"}, {"trade_id": 138512231, "side": "buy", "size": "43.00000000", "price": "0.20343000", "time": "2025-07-11T15:18:34.899246Z", "fetched_at": "2025-07-11T15:20:51.574550+00:00", "symbol": "DOGE-USD"}, {"trade_id": 138512230, "side": "buy", "size": "54.10000000", "price": "0.20344000", "time": "2025-07-11T15:18:34.401875Z", "fetched_at": "2025-07-11T15:20:51.574550+00:00", "symbol": "DOGE-USD"}, {"trade_id": 138512229, "side": "buy", "size": "84.90000000", "price": "0.20345000", "time": "2025-07-11T15:18:33.284311Z", "fetched_at": "2025-07-11T15:20:51.574550+00:00", "symbol": "DOGE-USD"}, {"trade_id": 138512228, "side": "buy", "size": "303.60000000", "price": "0.20345000", "time": "2025-07-11T15:18:33.280932Z", "fetched_at": "2025-07-11T15:20:51.574550+00:00", "symbol": "DOGE-USD"}, {"trade_id": 138512227, "side": "buy", "size": "2921.90000000", "price": "0.20345000", "time": "2025-07-11T15:18:33.277886Z", "fetched_at": "2025-07-11T15:20:51.574550+00:00", "symbol": "DOGE-USD"}, {"trade_id": 138512226, "side": "buy", "size": "0.60000000", "price": "0.20345000", "time": "2025-07-11T15:18:33.125104Z", "fetched_at": "2025-07-11T15:20:51.574550+00:00", "symbol": "DOGE-USD"}, {"trade_id": 138512225, "side": "buy", "size": "630.10000000", "price": "0.20347000", "time": "2025-07-11T15:18:33.092352Z", "fetched_at": "2025-07-11T15:20:51.574550+00:00", "symbol": "DOGE-USD"}, {"trade_id": 138512224, "side": "sell", "size": "5.50000000", "price": "0.20346000", "time": "2025-07-11T15:18:32.583698Z", "fetched_at": "2025-07-11T15:20:51.574550+00:00", "symbol": "DOGE-USD"}, {"trade_id": 138512223, "side": "buy", "size": "3111.10000000", "price": "0.20341000", "time": "2025-07-11T15:18:31.590935Z", "fetched_at": "2025-07-11T15:20:51.574550+00:00", "symbol": "DOGE-USD"}, {"trade_id": 138512222, "side": "buy", "size": "1365.60000000", "price": "0.20342000", "time": "2025-07-11T15:18:31.590935Z", "fetched_at": "2025-07-11T15:20:51.574550+00:00", "symbol": "DOGE-USD"}, {"trade_id": 138512221, "side": "buy", "size": "1455.20000000", "price": "0.20343000", "time": "2025-07-11T15:18:31.590935Z", "fetched_at": "2025-07-11T15:20:51.574550+00:00", "symbol": "DOGE-USD"}, {"trade_id": 138512220, "side": "buy", "size": "1302.20000000", "price": "0.20344000", "time": "2025-07-11T15:18:31.590935Z", "fetched_at": "2025-07-11T15:20:51.574550+00:00", "symbol": "DOGE-USD"}, {"trade_id": 138512219, "side": "buy", "size": "54.10000000", "price": "0.20345000", "time": "2025-07-11T15:18:31.590935Z", "fetched_at": "2025-07-11T15:20:51.574550+00:00", "symbol": "DOGE-USD"}, {"trade_id": 138512218, "side": "buy", "size": "868.30000000", "price": "0.20345000", "time": "2025-07-11T15:18:31.590935Z", "fetched_at": "2025-07-11T15:20:51.574550+00:00", "symbol": "DOGE-USD"}, {"trade_id": 138512217, "side": "buy", "size": "255.60000000", "price": "0.20345000", "time": "2025-07-11T15:18:31.590935Z", "fetched_at": "2025-07-11T15:20:51.574550+00:00", "symbol": "DOGE-USD"}, {"trade_id": 138512216, "side": "buy", "size": "563.60000000", "price": "0.20345000", "time": "2025-07-11T15:18:31.590935Z", "fetched_at": "2025-07-11T15:20:51.574550+00:00", "symbol": "DOGE-USD"}, {"trade_id": 138512215, "side": "buy", "size": "51.60000000", "price": "0.20345000", "time": "2025-07-11T15:18:30.376070Z", "fetched_at": "2025-07-11T15:20:51.574550+00:00", "symbol": "DOGE-USD"}, {"trade_id": 138512214, "side": "buy", "size": "1500.00000000", "price": "0.20345000", "time": "2025-07-11T15:18:30.214621Z", "fetched_at": "2025-07-11T15:20:51.574550+00:00", "symbol": "DOGE-USD"}, {"trade_id": 138512213, "side": "sell", "size": "1345.70000000", "price": "0.20345000", "time": "2025-07-11T15:18:29.409498Z", "fetched_at": "2025-07-11T15:20:51.574550+00:00", "symbol": "DOGE-USD"}, {"trade_id": 138512212, "side": "sell", "size": "795.00000000", "price": "0.20344000", "time": "2025-07-11T15:18:27.959977Z", "fetched_at": "2025-07-11T15:20:51.574550+00:00", "symbol": "DOGE-USD"}, {"trade_id": 138512211, "side": "sell", "size": "5.50000000", "price": "0.20344000", "time": "2025-07-11T15:18:27.959977Z", "fetched_at": "2025-07-11T15:20:51.574550+00:00", "symbol": "DOGE-USD"}, {"trade_id": 138512210, "side": "sell", "size": "51.00000000", "price": "0.20340000", "time": "2025-07-11T15:18:27.696580Z", "fetched_at": "2025-07-11T15:20:51.574550+00:00", "symbol": "DOGE-USD"}, {"trade_id": 138512209, "side": "sell", "size": "5.50000000", "price": "0.20340000", "time": "2025-07-11T15:18:27.696580Z", "fetched_at": "2025-07-11T15:20:51.574550+00:00", "symbol": "DOGE-USD"}, {"trade_id": 138512208, "side": "sell", "size": "5.50000000", "price": "0.20338000", "time": "2025-07-11T15:18:24.913370Z", "fetched_at": "2025-07-11T15:20:51.574550+00:00", "symbol": "DOGE-USD"}, {"trade_id": 138512207, "side": "sell", "size": "5.50000000", "price": "0.20336000", "time": "2025-07-11T15:18:24.913370Z", "fetched_at": "2025-07-11T15:20:51.574550+00:00", "symbol": "DOGE-USD"}, {"trade_id": 138512206, "side": "sell", "size": "5.50000000", "price": "0.20334000", "time": "2025-07-11T15:18:24.913370Z", "fetched_at": "2025-07-11T15:20:51.574550+00:00", "symbol": "DOGE-USD"}, {"trade_id": 138512205, "side": "sell", "size": "5.50000000", "price": "0.20332000", "time": "2025-07-11T15:18:24.701026Z", "fetched_at": "2025-07-11T15:20:51.574550+00:00", "symbol": "DOGE-USD"}, {"trade_id": 138512204, "side": "sell", "size": "5.50000000", "price": "0.20330000", "time": "2025-07-11T15:18:22.962832Z", "fetched_at": "2025-07-11T15:20:51.574550+00:00", "symbol": "DOGE-USD"}, {"trade_id": 138512203, "side": "sell", "size": "5.50000000", "price": "0.20328000", "time": "2025-07-11T15:18:22.923152Z", "fetched_at": "2025-07-11T15:20:51.574550+00:00", "symbol": "DOGE-USD"}, {"trade_id": 138512202, "side": "buy", "size": "117.00000000", "price": "0.20327000", "time": "2025-07-11T15:18:22.852273Z", "fetched_at": "2025-07-11T15:20:51.574550+00:00", "symbol": "DOGE-USD"}, {"trade_id": 138512201, "side": "buy", "size": "183.00000000", "price": "0.20327000", "time": "2025-07-11T15:18:22.852273Z", "fetched_at": "2025-07-11T15:20:51.574550+00:00", "symbol": "DOGE-USD"}, {"trade_id": 138512200, "side": "sell", "size": "12.00000000", "price": "0.20326000", "time": "2025-07-11T15:18:22.743405Z", "fetched_at": "2025-07-11T15:20:51.574550+00:00", "symbol": "DOGE-USD"}, {"trade_id": 138512199, "side": "sell", "size": "5.50000000", "price": "0.20326000", "time": "2025-07-11T15:18:22.743405Z", "fetched_at": "2025-07-11T15:20:51.574550+00:00", "symbol": "DOGE-USD"}, {"trade_id": 138512198, "side": "buy", "size": "16.00000000", "price": "0.20325000", "time": "2025-07-11T15:18:21.465998Z", "fetched_at": "2025-07-11T15:20:51.574550+00:00", "symbol": "DOGE-USD"}, {"trade_id": 138512197, "side": "sell", "size": "5.50000000", "price": "0.20324000", "time": "2025-07-11T15:18:21.340247Z", "fetched_at": "2025-07-11T15:20:51.574550+00:00", "symbol": "DOGE-USD"}, {"trade_id": 138512196, "side": "buy", "size": "72.00000000", "price": "0.20323000", "time": "2025-07-11T15:18:20.542269Z", "fetched_at": "2025-07-11T15:20:51.574550+00:00", "symbol": "DOGE-USD"}, {"trade_id": 138512195, "side": "sell", "size": "5.50000000", "price": "0.20322000", "time": "2025-07-11T15:18:20.534519Z", "fetched_at": "2025-07-11T15:20:51.574550+00:00", "symbol": "DOGE-USD"}, {"trade_id": 138512194, "side": "sell", "size": "5.50000000", "price": "0.20320000", "time": "2025-07-11T15:18:20.313117Z", "fetched_at": "2025-07-11T15:20:51.574550+00:00", "symbol": "DOGE-USD"}, {"trade_id": 138512193, "side": "buy", "size": "301.10000000", "price": "0.20319000", "time": "2025-07-11T15:18:20.127Z", "fetched_at": "2025-07-11T15:20:51.574550+00:00", "symbol": "DOGE-USD"}, {"trade_id": 138512192, "side": "buy", "size": "245.50000000", "price": "0.20319000", "time": "2025-07-11T15:18:20.127Z", "fetched_at": "2025-07-11T15:20:51.574550+00:00", "symbol": "DOGE-USD"}, {"trade_id": 138512191, "side": "sell", "size": "5.50000000", "price": "0.20318000", "time": "2025-07-11T15:18:19.862462Z", "fetched_at": "2025-07-11T15:20:51.574550+00:00", "symbol": "DOGE-USD"}, {"trade_id": 138512190, "side": "sell", "size": "222.00000000", "price": "0.20316000", "time": "2025-07-11T15:18:19.677869Z", "fetched_at": "2025-07-11T15:20:51.574550+00:00", "symbol": "DOGE-USD"}, {"trade_id": 138512189, "side": "sell", "size": "5.50000000", "price": "0.20316000", "time": "2025-07-11T15:18:19.677869Z", "fetched_at": "2025-07-11T15:20:51.574550+00:00", "symbol": "DOGE-USD"}, {"trade_id": 138512188, "side": "sell", "size": "11.60000000", "price": "0.20315000", "time": "2025-07-11T15:18:18.811878Z", "fetched_at": "2025-07-11T15:20:51.574550+00:00", "symbol": "DOGE-USD"}, {"trade_id": 138512187, "side": "sell", "size": "931.00000000", "price": "0.20314000", "time": "2025-07-11T15:18:18.811878Z", "fetched_at": "2025-07-11T15:20:51.574550+00:00", "symbol": "DOGE-USD"}, {"trade_id": 138512186, "side": "sell", "size": "5.50000000", "price": "0.20314000", "time": "2025-07-11T15:18:18.811878Z", "fetched_at": "2025-07-11T15:20:51.574550+00:00", "symbol": "DOGE-USD"}, {"trade_id": 138512185, "side": "sell", "size": "11.60000000", "price": "0.20313000", "time": "2025-07-11T15:18:18.574473Z", "fetched_at": "2025-07-11T15:20:51.574550+00:00", "symbol": "DOGE-USD"}, {"trade_id": 138512184, "side": "sell", "size": "11.60000000", "price": "0.20313000", "time": "2025-07-11T15:18:18.537799Z", "fetched_at": "2025-07-11T15:20:51.574550+00:00", "symbol": "DOGE-USD"}, {"trade_id": 138512183, "side": "sell", "size": "19.40000000", "price": "0.20313000", "time": "2025-07-11T15:18:18.498449Z", "fetched_at": "2025-07-11T15:20:51.574550+00:00", "symbol": "DOGE-USD"}, {"trade_id": 138512182, "side": "sell", "size": "19.40000000", "price": "0.20313000", "time": "2025-07-11T15:18:18.462243Z", "fetched_at": "2025-07-11T15:20:51.574550+00:00", "symbol": "DOGE-USD"}, {"trade_id": 138512181, "side": "sell", "size": "19.40000000", "price": "0.20313000", "time": "2025-07-11T15:18:18.424670Z", "fetched_at": "2025-07-11T15:20:51.574550+00:00", "symbol": "DOGE-USD"}, {"trade_id": 138512180, "side": "sell", "size": "19.40000000", "price": "0.20313000", "time": "2025-07-11T15:18:18.382891Z", "fetched_at": "2025-07-11T15:20:51.574550+00:00", "symbol": "DOGE-USD"}, {"trade_id": 138512179, "side": "sell", "size": "19.40000000", "price": "0.20313000", "time": "2025-07-11T15:18:18.344999Z", "fetched_at": "2025-07-11T15:20:51.574550+00:00", "symbol": "DOGE-USD"}, {"trade_id": 138512178, "side": "sell", "size": "19.40000000", "price": "0.20313000", "time": "2025-07-11T15:18:18.327854Z", "fetched_at": "2025-07-11T15:20:51.574550+00:00", "symbol": "DOGE-USD"}, {"trade_id": 138512177, "side": "sell", "size": "234.00000000", "price": "0.20311000", "time": "2025-07-11T15:18:17.746553Z", "fetched_at": "2025-07-11T15:20:51.574550+00:00", "symbol": "DOGE-USD"}, {"trade_id": 138512176, "side": "sell", "size": "2562.00000000", "price": "0.20309000", "time": "2025-07-11T15:18:17.672072Z", "fetched_at": "2025-07-11T15:20:51.574550+00:00", "symbol": "DOGE-USD"}, {"trade_id": 138512175, "side": "buy", "size": "910.60000000", "price": "0.20307000", "time": "2025-07-11T15:18:15.303979Z", "fetched_at": "2025-07-11T15:20:51.574550+00:00", "symbol": "DOGE-USD"}, {"trade_id": 138512174, "side": "buy", "size": "1381.30000000", "price": "0.20308000", "time": "2025-07-11T15:18:15.303979Z", "fetched_at": "2025-07-11T15:20:51.574550+00:00", "symbol": "DOGE-USD"}, {"trade_id": 138512173, "side": "buy", "size": "5.50000000", "price": "0.20308000", "time": "2025-07-11T15:18:15.303979Z", "fetched_at": "2025-07-11T15:20:51.574550+00:00", "symbol": "DOGE-USD"}, {"trade_id": 138512172, "side": "buy", "size": "280.60000000", "price": "0.20311000", "time": "2025-07-11T15:18:15.303979Z", "fetched_at": "2025-07-11T15:20:51.574550+00:00", "symbol": "DOGE-USD"}, {"trade_id": 138512171, "side": "sell", "size": "1152.90000000", "price": "0.20313000", "time": "2025-07-11T15:18:14.398167Z", "fetched_at": "2025-07-11T15:20:51.574550+00:00", "symbol": "DOGE-USD"}, {"trade_id": 138512170, "side": "buy", "size": "352.50000000", "price": "0.20310000", "time": "2025-07-11T15:18:13.830089Z", "fetched_at": "2025-07-11T15:20:51.574550+00:00", "symbol": "DOGE-USD"}, {"trade_id": 138512169, "side": "buy", "size": "10.50000000", "price": "0.20311000", "time": "2025-07-11T15:18:13.830089Z", "fetched_at": "2025-07-11T15:20:51.574550+00:00", "symbol": "DOGE-USD"}, {"trade_id": 138512168, "side": "sell", "size": "946.30000000", "price": "0.20319000", "time": "2025-07-11T15:18:13.631523Z", "fetched_at": "2025-07-11T15:20:51.574550+00:00", "symbol": "DOGE-USD"}, {"trade_id": 138512167, "side": "sell", "size": "1354.40000000", "price": "0.20318000", "time": "2025-07-11T15:18:13.631523Z", "fetched_at": "2025-07-11T15:20:51.574550+00:00", "symbol": "DOGE-USD"}, {"trade_id": 138512166, "side": "sell", "size": "3280.30000000", "price": "0.20318000", "time": "2025-07-11T15:18:13.631523Z", "fetched_at": "2025-07-11T15:20:51.574550+00:00", "symbol": "DOGE-USD"}, {"trade_id": 138512165, "side": "sell", "size": "5.50000000", "price": "0.20318000", "time": "2025-07-11T15:18:13.631523Z", "fetched_at": "2025-07-11T15:20:51.574550+00:00", "symbol": "DOGE-USD"}, {"trade_id": 138512164, "side": "sell", "size": "1408.20000000", "price": "0.20317000", "time": "2025-07-11T15:18:13.631523Z", "fetched_at": "2025-07-11T15:20:51.574550+00:00", "symbol": "DOGE-USD"}, {"trade_id": 138512163, "side": "sell", "size": "152.00000000", "price": "0.20315000", "time": "2025-07-11T15:18:13.631523Z", "fetched_at": "2025-07-11T15:20:51.574550+00:00", "symbol": "DOGE-USD"}, {"trade_id": 138512162, "side": "sell", "size": "1209.70000000", "price": "0.20314000", "time": "2025-07-11T15:18:13.631523Z", "fetched_at": "2025-07-11T15:20:51.574550+00:00", "symbol": "DOGE-USD"}, {"trade_id": 138512161, "side": "sell", "size": "1178.80000000", "price": "0.20314000", "time": "2025-07-11T15:18:13.631523Z", "fetched_at": "2025-07-11T15:20:51.574550+00:00", "symbol": "DOGE-USD"}, {"trade_id": 138512160, "side": "sell", "size": "22.90000000", "price": "0.20313000", "time": "2025-07-11T15:18:13.631523Z", "fetched_at": "2025-07-11T15:20:51.574550+00:00", "symbol": "DOGE-USD"}, {"trade_id": 138512159, "side": "buy", "size": "255.90000000", "price": "0.20313000", "time": "2025-07-11T15:18:13.123487Z", "fetched_at": "2025-07-11T15:20:51.574550+00:00", "symbol": "DOGE-USD"}, {"trade_id": 138512158, "side": "buy", "size": "3267.40000000", "price": "0.20311000", "time": "2025-07-11T15:18:12.526421Z", "fetched_at": "2025-07-11T15:20:51.574550+00:00", "symbol": "DOGE-USD"}, {"trade_id": 138512157, "side": "buy", "size": "12024.10000000", "price": "0.20314000", "time": "2025-07-11T15:18:12.523115Z", "fetched_at": "2025-07-11T15:20:51.574550+00:00", "symbol": "DOGE-USD"}, {"trade_id": 138512156, "side": "buy", "size": "11.60000000", "price": "0.20315000", "time": "2025-07-11T15:18:12.523115Z", "fetched_at": "2025-07-11T15:20:51.574550+00:00", "symbol": "DOGE-USD"}, {"trade_id": 138512155, "side": "buy", "size": "965.40000000", "price": "0.20315000", "time": "2025-07-11T15:18:12.523115Z", "fetched_at": "2025-07-11T15:20:51.574550+00:00", "symbol": "DOGE-USD"}, {"trade_id": 138512154, "side": "buy", "size": "6835.30000000", "price": "0.20315000", "time": "2025-07-11T15:18:12.522693Z", "fetched_at": "2025-07-11T15:20:51.574550+00:00", "symbol": "DOGE-USD"}, {"trade_id": 138512153, "side": "sell", "size": "5.50000000", "price": "0.20316000", "time": "2025-07-11T15:18:12.136421Z", "fetched_at": "2025-07-11T15:20:51.574550+00:00", "symbol": "DOGE-USD"}, {"trade_id": 138512152, "side": "sell", "size": "1777.60000000", "price": "0.20314000", "time": "2025-07-11T15:18:12.125667Z", "fetched_at": "2025-07-11T15:20:51.574550+00:00", "symbol": "DOGE-USD"}, {"trade_id": 138512151, "side": "sell", "size": "25.70000000", "price": "0.20313000", "time": "2025-07-11T15:18:12.125667Z", "fetched_at": "2025-07-11T15:20:51.574550+00:00", "symbol": "DOGE-USD"}, {"trade_id": 138512150, "side": "sell", "size": "5.50000000", "price": "0.20312000", "time": "2025-07-11T15:18:12.125667Z", "fetched_at": "2025-07-11T15:20:51.574550+00:00", "symbol": "DOGE-USD"}, {"trade_id": 138512149, "side": "sell", "size": "5.00000000", "price": "0.20309000", "time": "2025-07-11T15:18:12.125667Z", "fetched_at": "2025-07-11T15:20:51.574550+00:00", "symbol": "DOGE-USD"}, {"trade_id": 138512148, "side": "sell", "size": "5.00000000", "price": "0.20309000", "time": "2025-07-11T15:18:12.125667Z", "fetched_at": "2025-07-11T15:20:51.574550+00:00", "symbol": "DOGE-USD"}, {"trade_id": 138512147, "side": "sell", "size": "500.00000000", "price": "0.20307000", "time": "2025-07-11T15:18:09.276669Z", "fetched_at": "2025-07-11T15:20:51.574550+00:00", "symbol": "DOGE-USD"}, {"trade_id": 138512146, "side": "sell", "size": "235.00000000", "price": "0.20307000", "time": "2025-07-11T15:18:09.240917Z", "fetched_at": "2025-07-11T15:20:51.574550+00:00", "symbol": "DOGE-USD"}, {"trade_id": 138512145, "side": "sell", "size": "248.40000000", "price": "0.20307000", "time": "2025-07-11T15:18:09.240917Z", "fetched_at": "2025-07-11T15:20:51.574550+00:00", "symbol": "DOGE-USD"}, {"trade_id": 138512144, "side": "buy", "size": "178.60000000", "price": "0.20306000", "time": "2025-07-11T15:18:07.988324Z", "fetched_at": "2025-07-11T15:20:51.574550+00:00", "symbol": "DOGE-USD"}, {"trade_id": 138512143, "side": "buy", "size": "5.50000000", "price": "0.20306000", "time": "2025-07-11T15:18:07.988324Z", "fetched_at": "2025-07-11T15:20:51.574550+00:00", "symbol": "DOGE-USD"}, {"trade_id": 138512142, "side": "buy", "size": "30.00000000", "price": "0.20307000", "time": "2025-07-11T15:18:06.949787Z", "fetched_at": "2025-07-11T15:20:51.574550+00:00", "symbol": "DOGE-USD"}, {"trade_id": 138512141, "side": "buy", "size": "11377.60000000", "price": "0.20307000", "time": "2025-07-11T15:18:06.917942Z", "fetched_at": "2025-07-11T15:20:51.574550+00:00", "symbol": "DOGE-USD"}, {"trade_id": 138512140, "side": "buy", "size": "1780.30000000", "price": "0.20307000", "time": "2025-07-11T15:18:06.917942Z", "fetched_at": "2025-07-11T15:20:51.574550+00:00", "symbol": "DOGE-USD"}, {"trade_id": 138512139, "side": "buy", "size": "30.00000000", "price": "0.20308000", "time": "2025-07-11T15:18:06.917942Z", "fetched_at": "2025-07-11T15:20:51.574550+00:00", "symbol": "DOGE-USD"}, {"trade_id": 138512138, "side": "buy", "size": "247.40000000", "price": "0.20308000", "time": "2025-07-11T15:18:06.917942Z", "fetched_at": "2025-07-11T15:20:51.574550+00:00", "symbol": "DOGE-USD"}, {"trade_id": 138512137, "side": "buy", "size": "5.50000000", "price": "0.20308000", "time": "2025-07-11T15:18:06.917942Z", "fetched_at": "2025-07-11T15:20:51.574550+00:00", "symbol": "DOGE-USD"}, {"trade_id": 138512136, "side": "buy", "size": "1730.60000000", "price": "0.20309000", "time": "2025-07-11T15:18:06.867811Z", "fetched_at": "2025-07-11T15:20:51.574550+00:00", "symbol": "DOGE-USD"}, {"trade_id": 138512135, "side": "buy", "size": "30.00000000", "price": "0.20310000", "time": "2025-07-11T15:18:06.863561Z", "fetched_at": "2025-07-11T15:20:51.574550+00:00", "symbol": "DOGE-USD"}, {"trade_id": 138512134, "side": "buy", "size": "1829.50000000", "price": "0.20310000", "time": "2025-07-11T15:18:06.863561Z", "fetched_at": "2025-07-11T15:20:51.574550+00:00", "symbol": "DOGE-USD"}, {"trade_id": 138512133, "side": "buy", "size": "173.50000000", "price": "0.20310000", "time": "2025-07-11T15:18:06.863561Z", "fetched_at": "2025-07-11T15:20:51.574550+00:00", "symbol": "DOGE-USD"}, {"trade_id": 138512132, "side": "sell", "size": "56.30000000", "price": "0.20312000", "time": "2025-07-11T15:18:06.491867Z", "fetched_at": "2025-07-11T15:20:51.574550+00:00", "symbol": "DOGE-USD"}, {"trade_id": 138512131, "side": "sell", "size": "1443.70000000", "price": "0.20312000", "time": "2025-07-11T15:18:06.491867Z", "fetched_at": "2025-07-11T15:20:51.574550+00:00", "symbol": "DOGE-USD"}, {"trade_id": 138512130, "side": "sell", "size": "487.30000000", "price": "0.20312000", "time": "2025-07-11T15:18:05.702104Z", "fetched_at": "2025-07-11T15:20:51.574550+00:00", "symbol": "DOGE-USD"}, {"trade_id": 138512129, "side": "buy", "size": "54.20000000", "price": "0.20312000", "time": "2025-07-11T15:18:05.588721Z", "fetched_at": "2025-07-11T15:20:51.574550+00:00", "symbol": "DOGE-USD"}, {"trade_id": 138512128, "side": "sell", "size": "895.10000000", "price": "0.20309000", "time": "2025-07-11T15:18:03.955306Z", "fetched_at": "2025-07-11T15:20:51.574550+00:00", "symbol": "DOGE-USD"}, {"trade_id": 138512127, "side": "sell", "size": "1217.10000000", "price": "0.20309000", "time": "2025-07-11T15:18:03.955306Z", "fetched_at": "2025-07-11T15:20:51.574550+00:00", "symbol": "DOGE-USD"}, {"trade_id": 138512126, "side": "buy", "size": "5.50000000", "price": "0.20310000", "time": "2025-07-11T15:18:03.837473Z", "fetched_at": "2025-07-11T15:20:51.574550+00:00", "symbol": "DOGE-USD"}, {"trade_id": 138512125, "side": "buy", "size": "5.50000000", "price": "0.20312000", "time": "2025-07-11T15:18:03.825960Z", "fetched_at": "2025-07-11T15:20:51.574550+00:00", "symbol": "DOGE-USD"}, {"trade_id": 138512124, "side": "buy", "size": "820.90000000", "price": "0.20316000", "time": "2025-07-11T15:18:03.479808Z", "fetched_at": "2025-07-11T15:20:51.574550+00:00", "symbol": "DOGE-USD"}, {"trade_id": 138512123, "side": "buy", "size": "5.50000000", "price": "0.20316000", "time": "2025-07-11T15:18:03.479808Z", "fetched_at": "2025-07-11T15:20:51.574550+00:00", "symbol": "DOGE-USD"}, {"trade_id": 138512122, "side": "sell", "size": "1062.90000000", "price": "0.20318000", "time": "2025-07-11T15:18:02.779726Z", "fetched_at": "2025-07-11T15:20:51.574550+00:00", "symbol": "DOGE-USD"}, {"trade_id": 138512121, "side": "sell", "size": "303.80000000", "price": "0.20320000", "time": "2025-07-11T15:18:02.758307Z", "fetched_at": "2025-07-11T15:20:51.574550+00:00", "symbol": "DOGE-USD"}