[{"trade_id": 138562966, "side": "buy", "size": "245.50000000", "price": "0.20810000", "time": "2025-07-11T17:39:28.684669Z", "fetched_at": "2025-07-11T17:39:33.995792+00:00", "symbol": "DOGE-USD"}, {"trade_id": 138562965, "side": "buy", "size": "1288.50000000", "price": "0.20810000", "time": "2025-07-11T17:39:28.684669Z", "fetched_at": "2025-07-11T17:39:33.995792+00:00", "symbol": "DOGE-USD"}, {"trade_id": 138562964, "side": "sell", "size": "5.30000000", "price": "0.20808000", "time": "2025-07-11T17:39:28.596779Z", "fetched_at": "2025-07-11T17:39:33.995792+00:00", "symbol": "DOGE-USD"}, {"trade_id": 138562963, "side": "sell", "size": "3000.00000000", "price": "0.20806000", "time": "2025-07-11T17:39:28.301871Z", "fetched_at": "2025-07-11T17:39:33.995792+00:00", "symbol": "DOGE-USD"}, {"trade_id": 138562962, "side": "sell", "size": "5.30000000", "price": "0.20806000", "time": "2025-07-11T17:39:27.700737Z", "fetched_at": "2025-07-11T17:39:33.995792+00:00", "symbol": "DOGE-USD"}, {"trade_id": 138562961, "side": "sell", "size": "5.30000000", "price": "0.20804000", "time": "2025-07-11T17:39:27.640965Z", "fetched_at": "2025-07-11T17:39:33.995792+00:00", "symbol": "DOGE-USD"}, {"trade_id": 138562960, "side": "sell", "size": "205.40000000", "price": "0.20802000", "time": "2025-07-11T17:39:26.793998Z", "fetched_at": "2025-07-11T17:39:33.995792+00:00", "symbol": "DOGE-USD"}, {"trade_id": 138562959, "side": "sell", "size": "5.30000000", "price": "0.20802000", "time": "2025-07-11T17:39:26.793998Z", "fetched_at": "2025-07-11T17:39:33.995792+00:00", "symbol": "DOGE-USD"}, {"trade_id": 138562958, "side": "buy", "size": "392.50000000", "price": "0.20800000", "time": "2025-07-11T17:39:26.787656Z", "fetched_at": "2025-07-11T17:39:33.995792+00:00", "symbol": "DOGE-USD"}, {"trade_id": 138562957, "side": "buy", "size": "183.00000000", "price": "0.20800000", "time": "2025-07-11T17:39:26.787656Z", "fetched_at": "2025-07-11T17:39:33.995792+00:00", "symbol": "DOGE-USD"}, {"trade_id": 138562956, "side": "buy", "size": "245.50000000", "price": "0.20800000", "time": "2025-07-11T17:39:26.787656Z", "fetched_at": "2025-07-11T17:39:33.995792+00:00", "symbol": "DOGE-USD"}, {"trade_id": 138562955, "side": "buy", "size": "245.50000000", "price": "0.20801000", "time": "2025-07-11T17:39:26.787656Z", "fetched_at": "2025-07-11T17:39:33.995792+00:00", "symbol": "DOGE-USD"}, {"trade_id": 138562954, "side": "sell", "size": "9617.30000000", "price": "0.20801000", "time": "2025-07-11T17:39:26.764315Z", "fetched_at": "2025-07-11T17:39:33.995792+00:00", "symbol": "DOGE-USD"}, {"trade_id": 138562953, "side": "sell", "size": "110.00000000", "price": "0.20800000", "time": "2025-07-11T17:39:26.764315Z", "fetched_at": "2025-07-11T17:39:33.995792+00:00", "symbol": "DOGE-USD"}, {"trade_id": 138562952, "side": "buy", "size": "1192.00000000", "price": "0.20797000", "time": "2025-07-11T17:39:26.674506Z", "fetched_at": "2025-07-11T17:39:33.995792+00:00", "symbol": "DOGE-USD"}, {"trade_id": 138562951, "side": "buy", "size": "245.50000000", "price": "0.20797000", "time": "2025-07-11T17:39:26.674506Z", "fetched_at": "2025-07-11T17:39:33.995792+00:00", "symbol": "DOGE-USD"}, {"trade_id": 138562950, "side": "buy", "size": "1433.00000000", "price": "0.20798000", "time": "2025-07-11T17:39:26.674506Z", "fetched_at": "2025-07-11T17:39:33.995792+00:00", "symbol": "DOGE-USD"}, {"trade_id": 138562949, "side": "buy", "size": "183.00000000", "price": "0.20799000", "time": "2025-07-11T17:39:25.740900Z", "fetched_at": "2025-07-11T17:39:33.995792+00:00", "symbol": "DOGE-USD"}, {"trade_id": 138562948, "side": "sell", "size": "5.30000000", "price": "0.20800000", "time": "2025-07-11T17:39:25.732307Z", "fetched_at": "2025-07-11T17:39:33.995792+00:00", "symbol": "DOGE-USD"}, {"trade_id": 138562947, "side": "buy", "size": "245.50000000", "price": "0.20799000", "time": "2025-07-11T17:39:25.633081Z", "fetched_at": "2025-07-11T17:39:33.995792+00:00", "symbol": "DOGE-USD"}, {"trade_id": 138562946, "side": "sell", "size": "153.00000000", "price": "0.20799000", "time": "2025-07-11T17:39:25.318170Z", "fetched_at": "2025-07-11T17:39:33.995792+00:00", "symbol": "DOGE-USD"}, {"trade_id": 138562945, "side": "sell", "size": "121.80000000", "price": "0.20798000", "time": "2025-07-11T17:39:25.318170Z", "fetched_at": "2025-07-11T17:39:33.995792+00:00", "symbol": "DOGE-USD"}, {"trade_id": 138562944, "side": "sell", "size": "5.30000000", "price": "0.20798000", "time": "2025-07-11T17:39:25.318170Z", "fetched_at": "2025-07-11T17:39:33.995792+00:00", "symbol": "DOGE-USD"}, {"trade_id": 138562943, "side": "sell", "size": "5.30000000", "price": "0.20796000", "time": "2025-07-11T17:39:25.318170Z", "fetched_at": "2025-07-11T17:39:33.995792+00:00", "symbol": "DOGE-USD"}, {"trade_id": 138562942, "side": "buy", "size": "5411.60000000", "price": "0.20789000", "time": "2025-07-11T17:39:25.277493Z", "fetched_at": "2025-07-11T17:39:33.995792+00:00", "symbol": "DOGE-USD"}, {"trade_id": 138562941, "side": "buy", "size": "1457.10000000", "price": "0.20789000", "time": "2025-07-11T17:39:25.277493Z", "fetched_at": "2025-07-11T17:39:33.995792+00:00", "symbol": "DOGE-USD"}, {"trade_id": 138562940, "side": "buy", "size": "3645.40000000", "price": "0.20789000", "time": "2025-07-11T17:39:25.277493Z", "fetched_at": "2025-07-11T17:39:33.995792+00:00", "symbol": "DOGE-USD"}, {"trade_id": 138562939, "side": "buy", "size": "2413.90000000", "price": "0.20790000", "time": "2025-07-11T17:39:25.277493Z", "fetched_at": "2025-07-11T17:39:33.995792+00:00", "symbol": "DOGE-USD"}, {"trade_id": 138562938, "side": "buy", "size": "1163.30000000", "price": "0.20790000", "time": "2025-07-11T17:39:25.277493Z", "fetched_at": "2025-07-11T17:39:33.995792+00:00", "symbol": "DOGE-USD"}, {"trade_id": 138562937, "side": "buy", "size": "2909.60000000", "price": "0.20790000", "time": "2025-07-11T17:39:25.277493Z", "fetched_at": "2025-07-11T17:39:33.995792+00:00", "symbol": "DOGE-USD"}, {"trade_id": 138562936, "side": "buy", "size": "2146.30000000", "price": "0.20791000", "time": "2025-07-11T17:39:25.277493Z", "fetched_at": "2025-07-11T17:39:33.995792+00:00", "symbol": "DOGE-USD"}, {"trade_id": 138562935, "side": "buy", "size": "437.80000000", "price": "0.20792000", "time": "2025-07-11T17:39:25.277493Z", "fetched_at": "2025-07-11T17:39:33.995792+00:00", "symbol": "DOGE-USD"}, {"trade_id": 138562934, "side": "buy", "size": "1369.90000000", "price": "0.20795000", "time": "2025-07-11T17:39:25.277493Z", "fetched_at": "2025-07-11T17:39:33.995792+00:00", "symbol": "DOGE-USD"}, {"trade_id": 138562933, "side": "buy", "size": "1228.20000000", "price": "0.20795000", "time": "2025-07-11T17:39:25.277493Z", "fetched_at": "2025-07-11T17:39:33.995792+00:00", "symbol": "DOGE-USD"}, {"trade_id": 138562932, "side": "buy", "size": "149.90000000", "price": "0.20795000", "time": "2025-07-11T17:39:25.277493Z", "fetched_at": "2025-07-11T17:39:33.995792+00:00", "symbol": "DOGE-USD"}, {"trade_id": 138562931, "side": "buy", "size": "95.60000000", "price": "0.20795000", "time": "2025-07-11T17:39:24.811491Z", "fetched_at": "2025-07-11T17:39:33.995792+00:00", "symbol": "DOGE-USD"}, {"trade_id": 138562930, "side": "sell", "size": "3000.00000000", "price": "0.20794000", "time": "2025-07-11T17:39:24.669865Z", "fetched_at": "2025-07-11T17:39:33.995792+00:00", "symbol": "DOGE-USD"}, {"trade_id": 138562929, "side": "buy", "size": "1282.10000000", "price": "0.20794000", "time": "2025-07-11T17:39:24.603324Z", "fetched_at": "2025-07-11T17:39:33.995792+00:00", "symbol": "DOGE-USD"}, {"trade_id": 138562928, "side": "buy", "size": "245.50000000", "price": "0.20794000", "time": "2025-07-11T17:39:24.603324Z", "fetched_at": "2025-07-11T17:39:33.995792+00:00", "symbol": "DOGE-USD"}, {"trade_id": 138562927, "side": "buy", "size": "245.50000000", "price": "0.20795000", "time": "2025-07-11T17:39:23.586245Z", "fetched_at": "2025-07-11T17:39:33.995792+00:00", "symbol": "DOGE-USD"}, {"trade_id": 138562926, "side": "sell", "size": "5.30000000", "price": "0.20794000", "time": "2025-07-11T17:39:23.578547Z", "fetched_at": "2025-07-11T17:39:33.995792+00:00", "symbol": "DOGE-USD"}, {"trade_id": 138562925, "side": "sell", "size": "7155.80000000", "price": "0.20794000", "time": "2025-07-11T17:39:23.578547Z", "fetched_at": "2025-07-11T17:39:33.995792+00:00", "symbol": "DOGE-USD"}, {"trade_id": 138562924, "side": "sell", "size": "213.70000000", "price": "0.20793000", "time": "2025-07-11T17:39:23.509405Z", "fetched_at": "2025-07-11T17:39:33.995792+00:00", "symbol": "DOGE-USD"}, {"trade_id": 138562923, "side": "sell", "size": "5.30000000", "price": "0.20792000", "time": "2025-07-11T17:39:23.505568Z", "fetched_at": "2025-07-11T17:39:33.995792+00:00", "symbol": "DOGE-USD"}, {"trade_id": 138562922, "side": "buy", "size": "1199.90000000", "price": "0.20788000", "time": "2025-07-11T17:39:23.253886Z", "fetched_at": "2025-07-11T17:39:33.995792+00:00", "symbol": "DOGE-USD"}, {"trade_id": 138562921, "side": "buy", "size": "1224.20000000", "price": "0.20789000", "time": "2025-07-11T17:39:23.253886Z", "fetched_at": "2025-07-11T17:39:33.995792+00:00", "symbol": "DOGE-USD"}, {"trade_id": 138562920, "side": "buy", "size": "245.50000000", "price": "0.20791000", "time": "2025-07-11T17:39:22.538280Z", "fetched_at": "2025-07-11T17:39:33.995792+00:00", "symbol": "DOGE-USD"}, {"trade_id": 138562919, "side": "sell", "size": "340.40000000", "price": "0.20787000", "time": "2025-07-11T17:39:22.291391Z", "fetched_at": "2025-07-11T17:39:33.995792+00:00", "symbol": "DOGE-USD"}, {"trade_id": 138562918, "side": "sell", "size": "11.90000000", "price": "0.20786000", "time": "2025-07-11T17:39:22.190781Z", "fetched_at": "2025-07-11T17:39:33.995792+00:00", "symbol": "DOGE-USD"}, {"trade_id": 138562917, "side": "sell", "size": "219.80000000", "price": "0.20785000", "time": "2025-07-11T17:39:22.186799Z", "fetched_at": "2025-07-11T17:39:33.995792+00:00", "symbol": "DOGE-USD"}, {"trade_id": 138562916, "side": "buy", "size": "245.50000000", "price": "0.20784000", "time": "2025-07-11T17:39:21.333380Z", "fetched_at": "2025-07-11T17:39:33.995792+00:00", "symbol": "DOGE-USD"}, {"trade_id": 138562915, "side": "sell", "size": "7155.80000000", "price": "0.20782000", "time": "2025-07-11T17:39:21.284858Z", "fetched_at": "2025-07-11T17:39:33.995792+00:00", "symbol": "DOGE-USD"}, {"trade_id": 138562914, "side": "sell", "size": "438.10000000", "price": "0.20781000", "time": "2025-07-11T17:39:21.136330Z", "fetched_at": "2025-07-11T17:39:33.995792+00:00", "symbol": "DOGE-USD"}, {"trade_id": 138562913, "side": "sell", "size": "9625.70000000", "price": "0.20779000", "time": "2025-07-11T17:39:21.131759Z", "fetched_at": "2025-07-11T17:39:33.995792+00:00", "symbol": "DOGE-USD"}, {"trade_id": 138562912, "side": "sell", "size": "683.20000000", "price": "0.20777000", "time": "2025-07-11T17:39:20.460183Z", "fetched_at": "2025-07-11T17:39:33.995792+00:00", "symbol": "DOGE-USD"}, {"trade_id": 138562911, "side": "sell", "size": "438.10000000", "price": "0.20774000", "time": "2025-07-11T17:39:20.402909Z", "fetched_at": "2025-07-11T17:39:33.995792+00:00", "symbol": "DOGE-USD"}, {"trade_id": 138562910, "side": "buy", "size": "368.20000000", "price": "0.20770000", "time": "2025-07-11T17:39:20.303350Z", "fetched_at": "2025-07-11T17:39:33.995792+00:00", "symbol": "DOGE-USD"}, {"trade_id": 138562909, "side": "buy", "size": "368.20000000", "price": "0.20776000", "time": "2025-07-11T17:39:20.303350Z", "fetched_at": "2025-07-11T17:39:33.995792+00:00", "symbol": "DOGE-USD"}, {"trade_id": 138562908, "side": "sell", "size": "938.60000000", "price": "0.20771000", "time": "2025-07-11T17:39:20.300061Z", "fetched_at": "2025-07-11T17:39:33.995792+00:00", "symbol": "DOGE-USD"}, {"trade_id": 138562907, "side": "buy", "size": "21716.70000000", "price": "0.20771000", "time": "2025-07-11T17:39:20.278959Z", "fetched_at": "2025-07-11T17:39:33.995792+00:00", "symbol": "DOGE-USD"}, {"trade_id": 138562906, "side": "buy", "size": "12667.30000000", "price": "0.20772000", "time": "2025-07-11T17:39:20.278272Z", "fetched_at": "2025-07-11T17:39:33.995792+00:00", "symbol": "DOGE-USD"}, {"trade_id": 138562905, "side": "buy", "size": "2901.90000000", "price": "0.20772000", "time": "2025-07-11T17:39:20.278272Z", "fetched_at": "2025-07-11T17:39:33.995792+00:00", "symbol": "DOGE-USD"}, {"trade_id": 138562904, "side": "buy", "size": "5.30000000", "price": "0.20772000", "time": "2025-07-11T17:39:20.278272Z", "fetched_at": "2025-07-11T17:39:33.995792+00:00", "symbol": "DOGE-USD"}, {"trade_id": 138562903, "side": "buy", "size": "438.20000000", "price": "0.20773000", "time": "2025-07-11T17:39:20.278272Z", "fetched_at": "2025-07-11T17:39:33.995792+00:00", "symbol": "DOGE-USD"}, {"trade_id": 138562902, "side": "buy", "size": "5.30000000", "price": "0.20774000", "time": "2025-07-11T17:39:20.277908Z", "fetched_at": "2025-07-11T17:39:33.995792+00:00", "symbol": "DOGE-USD"}, {"trade_id": 138562901, "side": "buy", "size": "240.50000000", "price": "0.20775000", "time": "2025-07-11T17:39:20.277908Z", "fetched_at": "2025-07-11T17:39:33.995792+00:00", "symbol": "DOGE-USD"}, {"trade_id": 138562900, "side": "buy", "size": "136.70000000", "price": "0.20780000", "time": "2025-07-11T17:39:19.160365Z", "fetched_at": "2025-07-11T17:39:33.995792+00:00", "symbol": "DOGE-USD"}, {"trade_id": 138562899, "side": "buy", "size": "1358.60000000", "price": "0.20776000", "time": "2025-07-11T17:39:18.746737Z", "fetched_at": "2025-07-11T17:39:33.995792+00:00", "symbol": "DOGE-USD"}, {"trade_id": 138562898, "side": "buy", "size": "5.30000000", "price": "0.20776000", "time": "2025-07-11T17:39:18.746737Z", "fetched_at": "2025-07-11T17:39:33.995792+00:00", "symbol": "DOGE-USD"}, {"trade_id": 138562897, "side": "buy", "size": "183.00000000", "price": "0.20777000", "time": "2025-07-11T17:39:18.746737Z", "fetched_at": "2025-07-11T17:39:33.995792+00:00", "symbol": "DOGE-USD"}, {"trade_id": 138562896, "side": "buy", "size": "245.50000000", "price": "0.20777000", "time": "2025-07-11T17:39:18.746737Z", "fetched_at": "2025-07-11T17:39:33.995792+00:00", "symbol": "DOGE-USD"}, {"trade_id": 138562895, "side": "sell", "size": "1.60000000", "price": "0.20779000", "time": "2025-07-11T17:39:18.584132Z", "fetched_at": "2025-07-11T17:39:33.995792+00:00", "symbol": "DOGE-USD"}, {"trade_id": 138562894, "side": "buy", "size": "5.30000000", "price": "0.20780000", "time": "2025-07-11T17:39:17.960625Z", "fetched_at": "2025-07-11T17:39:33.995792+00:00", "symbol": "DOGE-USD"}, {"trade_id": 138562893, "side": "buy", "size": "113.60000000", "price": "0.20781000", "time": "2025-07-11T17:39:17.956952Z", "fetched_at": "2025-07-11T17:39:33.995792+00:00", "symbol": "DOGE-USD"}, {"trade_id": 138562892, "side": "buy", "size": "353.50000000", "price": "0.20782000", "time": "2025-07-11T17:39:17.778186Z", "fetched_at": "2025-07-11T17:39:33.995792+00:00", "symbol": "DOGE-USD"}, {"trade_id": 138562891, "side": "buy", "size": "7447.30000000", "price": "0.20782000", "time": "2025-07-11T17:39:17.778186Z", "fetched_at": "2025-07-11T17:39:33.995792+00:00", "symbol": "DOGE-USD"}, {"trade_id": 138562890, "side": "buy", "size": "4468.40000000", "price": "0.20783000", "time": "2025-07-11T17:39:17.739242Z", "fetched_at": "2025-07-11T17:39:33.995792+00:00", "symbol": "DOGE-USD"}, {"trade_id": 138562889, "side": "buy", "size": "21720.90000000", "price": "0.20784000", "time": "2025-07-11T17:39:17.739242Z", "fetched_at": "2025-07-11T17:39:33.995792+00:00", "symbol": "DOGE-USD"}, {"trade_id": 138562888, "side": "sell", "size": "1811.80000000", "price": "0.20786000", "time": "2025-07-11T17:39:17.492451Z", "fetched_at": "2025-07-11T17:39:33.995792+00:00", "symbol": "DOGE-USD"}, {"trade_id": 138562887, "side": "sell", "size": "105.40000000", "price": "0.20785000", "time": "2025-07-11T17:39:17.492451Z", "fetched_at": "2025-07-11T17:39:33.995792+00:00", "symbol": "DOGE-USD"}, {"trade_id": 138562886, "side": "sell", "size": "123.80000000", "price": "0.20785000", "time": "2025-07-11T17:39:17.226760Z", "fetched_at": "2025-07-11T17:39:33.995792+00:00", "symbol": "DOGE-USD"}, {"trade_id": 138562885, "side": "sell", "size": "0.10000000", "price": "0.20785000", "time": "2025-07-11T17:39:17.012774Z", "fetched_at": "2025-07-11T17:39:33.995792+00:00", "symbol": "DOGE-USD"}, {"trade_id": 138562884, "side": "buy", "size": "183.00000000", "price": "0.20783000", "time": "2025-07-11T17:39:16.732458Z", "fetched_at": "2025-07-11T17:39:33.995792+00:00", "symbol": "DOGE-USD"}, {"trade_id": 138562883, "side": "buy", "size": "1201.00000000", "price": "0.20783000", "time": "2025-07-11T17:39:16.732458Z", "fetched_at": "2025-07-11T17:39:33.995792+00:00", "symbol": "DOGE-USD"}, {"trade_id": 138562882, "side": "buy", "size": "390.20000000", "price": "0.20784000", "time": "2025-07-11T17:39:16.732458Z", "fetched_at": "2025-07-11T17:39:33.995792+00:00", "symbol": "DOGE-USD"}, {"trade_id": 138562881, "side": "buy", "size": "385.20000000", "price": "0.20784000", "time": "2025-07-11T17:39:16.732458Z", "fetched_at": "2025-07-11T17:39:33.995792+00:00", "symbol": "DOGE-USD"}, {"trade_id": 138562880, "side": "buy", "size": "245.50000000", "price": "0.20784000", "time": "2025-07-11T17:39:16.732458Z", "fetched_at": "2025-07-11T17:39:33.995792+00:00", "symbol": "DOGE-USD"}, {"trade_id": 138562879, "side": "buy", "size": "79.70000000", "price": "0.20785000", "time": "2025-07-11T17:39:16.646836Z", "fetched_at": "2025-07-11T17:39:33.995792+00:00", "symbol": "DOGE-USD"}, {"trade_id": 138562878, "side": "buy", "size": "245.50000000", "price": "0.20785000", "time": "2025-07-11T17:39:16.294065Z", "fetched_at": "2025-07-11T17:39:33.995792+00:00", "symbol": "DOGE-USD"}, {"trade_id": 138562877, "side": "buy", "size": "1222.70000000", "price": "0.20785000", "time": "2025-07-11T17:39:16.294065Z", "fetched_at": "2025-07-11T17:39:33.995792+00:00", "symbol": "DOGE-USD"}, {"trade_id": 138562876, "side": "buy", "size": "245.50000000", "price": "0.20786000", "time": "2025-07-11T17:39:16.266383Z", "fetched_at": "2025-07-11T17:39:33.995792+00:00", "symbol": "DOGE-USD"}, {"trade_id": 138562875, "side": "buy", "size": "1415.40000000", "price": "0.20785000", "time": "2025-07-11T17:39:16.255280Z", "fetched_at": "2025-07-11T17:39:33.995792+00:00", "symbol": "DOGE-USD"}, {"trade_id": 138562874, "side": "buy", "size": "245.50000000", "price": "0.20786000", "time": "2025-07-11T17:39:16.255280Z", "fetched_at": "2025-07-11T17:39:33.995792+00:00", "symbol": "DOGE-USD"}, {"trade_id": 138562873, "side": "buy", "size": "1322.50000000", "price": "0.20786000", "time": "2025-07-11T17:39:16.212699Z", "fetched_at": "2025-07-11T17:39:33.995792+00:00", "symbol": "DOGE-USD"}, {"trade_id": 138562872, "side": "buy", "size": "245.50000000", "price": "0.20786000", "time": "2025-07-11T17:39:16.212699Z", "fetched_at": "2025-07-11T17:39:33.995792+00:00", "symbol": "DOGE-USD"}, {"trade_id": 138562871, "side": "sell", "size": "7155.80000000", "price": "0.20784000", "time": "2025-07-11T17:39:16.037480Z", "fetched_at": "2025-07-11T17:39:33.995792+00:00", "symbol": "DOGE-USD"}, {"trade_id": 138562870, "side": "sell", "size": "437.80000000", "price": "0.20783000", "time": "2025-07-11T17:39:16.037480Z", "fetched_at": "2025-07-11T17:39:33.995792+00:00", "symbol": "DOGE-USD"}, {"trade_id": 138562869, "side": "buy", "size": "5.30000000", "price": "0.20784000", "time": "2025-07-11T17:39:15.838016Z", "fetched_at": "2025-07-11T17:39:33.995792+00:00", "symbol": "DOGE-USD"}, {"trade_id": 138562868, "side": "buy", "size": "1558.70000000", "price": "0.20785000", "time": "2025-07-11T17:39:15.823496Z", "fetched_at": "2025-07-11T17:39:33.995792+00:00", "symbol": "DOGE-USD"}, {"trade_id": 138562867, "side": "buy", "size": "349.90000000", "price": "0.20787000", "time": "2025-07-11T17:39:15.820087Z", "fetched_at": "2025-07-11T17:39:33.995792+00:00", "symbol": "DOGE-USD"}, {"trade_id": 138562866, "side": "buy", "size": "5793.40000000", "price": "0.20788000", "time": "2025-07-11T17:39:15.728734Z", "fetched_at": "2025-07-11T17:39:33.995792+00:00", "symbol": "DOGE-USD"}, {"trade_id": 138562865, "side": "buy", "size": "2408.70000000", "price": "0.20788000", "time": "2025-07-11T17:39:15.728734Z", "fetched_at": "2025-07-11T17:39:33.995792+00:00", "symbol": "DOGE-USD"}, {"trade_id": 138562864, "side": "buy", "size": "2407.90000000", "price": "0.20788000", "time": "2025-07-11T17:39:15.728734Z", "fetched_at": "2025-07-11T17:39:33.995792+00:00", "symbol": "DOGE-USD"}, {"trade_id": 138562863, "side": "buy", "size": "2890.00000000", "price": "0.20789000", "time": "2025-07-11T17:39:15.728734Z", "fetched_at": "2025-07-11T17:39:33.995792+00:00", "symbol": "DOGE-USD"}, {"trade_id": 138562862, "side": "buy", "size": "4839.10000000", "price": "0.20789000", "time": "2025-07-11T17:39:15.728734Z", "fetched_at": "2025-07-11T17:39:33.995792+00:00", "symbol": "DOGE-USD"}, {"trade_id": 138562861, "side": "buy", "size": "2903.50000000", "price": "0.20790000", "time": "2025-07-11T17:39:15.728734Z", "fetched_at": "2025-07-11T17:39:33.995792+00:00", "symbol": "DOGE-USD"}, {"trade_id": 138562860, "side": "buy", "size": "349.60000000", "price": "0.20794000", "time": "2025-07-11T17:39:15.728734Z", "fetched_at": "2025-07-11T17:39:33.995792+00:00", "symbol": "DOGE-USD"}, {"trade_id": 138562859, "side": "buy", "size": "358.00000000", "price": "0.20795000", "time": "2025-07-11T17:39:15.728734Z", "fetched_at": "2025-07-11T17:39:33.995792+00:00", "symbol": "DOGE-USD"}, {"trade_id": 138562858, "side": "sell", "size": "437.10000000", "price": "0.20796000", "time": "2025-07-11T17:39:15.623971Z", "fetched_at": "2025-07-11T17:39:33.995792+00:00", "symbol": "DOGE-USD"}, {"trade_id": 138562857, "side": "sell", "size": "5.30000000", "price": "0.20796000", "time": "2025-07-11T17:39:15.623971Z", "fetched_at": "2025-07-11T17:39:33.995792+00:00", "symbol": "DOGE-USD"}, {"trade_id": 138562856, "side": "buy", "size": "183.00000000", "price": "0.20795000", "time": "2025-07-11T17:39:14.722922Z", "fetched_at": "2025-07-11T17:39:33.995792+00:00", "symbol": "DOGE-USD"}, {"trade_id": 138562855, "side": "buy", "size": "390.20000000", "price": "0.20795000", "time": "2025-07-11T17:39:14.722922Z", "fetched_at": "2025-07-11T17:39:33.995792+00:00", "symbol": "DOGE-USD"}, {"trade_id": 138562854, "side": "buy", "size": "385.20000000", "price": "0.20795000", "time": "2025-07-11T17:39:14.722922Z", "fetched_at": "2025-07-11T17:39:33.995792+00:00", "symbol": "DOGE-USD"}, {"trade_id": 138562853, "side": "buy", "size": "245.50000000", "price": "0.20795000", "time": "2025-07-11T17:39:14.722922Z", "fetched_at": "2025-07-11T17:39:33.995792+00:00", "symbol": "DOGE-USD"}, {"trade_id": 138562852, "side": "sell", "size": "9622.50000000", "price": "0.20790000", "time": "2025-07-11T17:39:14.509478Z", "fetched_at": "2025-07-11T17:39:33.995792+00:00", "symbol": "DOGE-USD"}, {"trade_id": 138562851, "side": "sell", "size": "5.30000000", "price": "0.20790000", "time": "2025-07-11T17:39:14.509478Z", "fetched_at": "2025-07-11T17:39:33.995792+00:00", "symbol": "DOGE-USD"}, {"trade_id": 138562850, "side": "sell", "size": "9622.50000000", "price": "0.20789000", "time": "2025-07-11T17:39:14.505698Z", "fetched_at": "2025-07-11T17:39:33.995792+00:00", "symbol": "DOGE-USD"}, {"trade_id": 138562849, "side": "sell", "size": "438.00000000", "price": "0.20788000", "time": "2025-07-11T17:39:14.505698Z", "fetched_at": "2025-07-11T17:39:33.995792+00:00", "symbol": "DOGE-USD"}, {"trade_id": 138562848, "side": "buy", "size": "1221.90000000", "price": "0.20786000", "time": "2025-07-11T17:39:13.713385Z", "fetched_at": "2025-07-11T17:39:33.995792+00:00", "symbol": "DOGE-USD"}, {"trade_id": 138562847, "side": "buy", "size": "245.50000000", "price": "0.20786000", "time": "2025-07-11T17:39:13.713385Z", "fetched_at": "2025-07-11T17:39:33.995792+00:00", "symbol": "DOGE-USD"}, {"trade_id": 138562846, "side": "buy", "size": "1311.00000000", "price": "0.20787000", "time": "2025-07-11T17:39:12.912398Z", "fetched_at": "2025-07-11T17:39:33.995792+00:00", "symbol": "DOGE-USD"}, {"trade_id": 138562845, "side": "buy", "size": "1319.80000000", "price": "0.20782000", "time": "2025-07-11T17:39:12.699195Z", "fetched_at": "2025-07-11T17:39:33.995792+00:00", "symbol": "DOGE-USD"}, {"trade_id": 138562844, "side": "buy", "size": "231.90000000", "price": "0.20783000", "time": "2025-07-11T17:39:12.699195Z", "fetched_at": "2025-07-11T17:39:33.995792+00:00", "symbol": "DOGE-USD"}, {"trade_id": 138562843, "side": "buy", "size": "183.00000000", "price": "0.20784000", "time": "2025-07-11T17:39:12.699195Z", "fetched_at": "2025-07-11T17:39:33.995792+00:00", "symbol": "DOGE-USD"}, {"trade_id": 138562842, "side": "buy", "size": "1285.00000000", "price": "0.20784000", "time": "2025-07-11T17:39:12.699195Z", "fetched_at": "2025-07-11T17:39:33.995792+00:00", "symbol": "DOGE-USD"}, {"trade_id": 138562841, "side": "sell", "size": "3000.00000000", "price": "0.20782000", "time": "2025-07-11T17:39:12.471502Z", "fetched_at": "2025-07-11T17:39:33.995792+00:00", "symbol": "DOGE-USD"}, {"trade_id": 138562840, "side": "buy", "size": "5.30000000", "price": "0.20784000", "time": "2025-07-11T17:39:11.693363Z", "fetched_at": "2025-07-11T17:39:33.995792+00:00", "symbol": "DOGE-USD"}, {"trade_id": 138562839, "side": "buy", "size": "341.10000000", "price": "0.20788000", "time": "2025-07-11T17:39:11.610133Z", "fetched_at": "2025-07-11T17:39:33.995792+00:00", "symbol": "DOGE-USD"}, {"trade_id": 138562838, "side": "sell", "size": "584.10000000", "price": "0.20789000", "time": "2025-07-11T17:39:11.478967Z", "fetched_at": "2025-07-11T17:39:33.995792+00:00", "symbol": "DOGE-USD"}, {"trade_id": 138562837, "side": "buy", "size": "1316.90000000", "price": "0.20791000", "time": "2025-07-11T17:39:10.670209Z", "fetched_at": "2025-07-11T17:39:33.995792+00:00", "symbol": "DOGE-USD"}, {"trade_id": 138562836, "side": "buy", "size": "416.30000000", "price": "0.20792000", "time": "2025-07-11T17:39:10.670209Z", "fetched_at": "2025-07-11T17:39:33.995792+00:00", "symbol": "DOGE-USD"}, {"trade_id": 138562835, "side": "buy", "size": "245.50000000", "price": "0.20792000", "time": "2025-07-11T17:39:10.670209Z", "fetched_at": "2025-07-11T17:39:33.995792+00:00", "symbol": "DOGE-USD"}, {"trade_id": 138562834, "side": "buy", "size": "437.80000000", "price": "0.20792000", "time": "2025-07-11T17:39:10.189075Z", "fetched_at": "2025-07-11T17:39:33.995792+00:00", "symbol": "DOGE-USD"}, {"trade_id": 138562833, "side": "buy", "size": "136.30000000", "price": "0.20794000", "time": "2025-07-11T17:39:10.189075Z", "fetched_at": "2025-07-11T17:39:33.995792+00:00", "symbol": "DOGE-USD"}, {"trade_id": 138562832, "side": "buy", "size": "11.50000000", "price": "0.20794000", "time": "2025-07-11T17:39:10.189075Z", "fetched_at": "2025-07-11T17:39:33.995792+00:00", "symbol": "DOGE-USD"}, {"trade_id": 138562831, "side": "buy", "size": "1214.80000000", "price": "0.20793000", "time": "2025-07-11T17:39:09.657051Z", "fetched_at": "2025-07-11T17:39:33.995792+00:00", "symbol": "DOGE-USD"}, {"trade_id": 138562830, "side": "buy", "size": "433.20000000", "price": "0.20774000", "time": "2025-07-11T17:39:08.896926Z", "fetched_at": "2025-07-11T17:39:33.995792+00:00", "symbol": "DOGE-USD"}, {"trade_id": 138562829, "side": "buy", "size": "385.20000000", "price": "0.20780000", "time": "2025-07-11T17:39:08.870338Z", "fetched_at": "2025-07-11T17:39:33.995792+00:00", "symbol": "DOGE-USD"}, {"trade_id": 138562828, "side": "buy", "size": "390.20000000", "price": "0.20780000", "time": "2025-07-11T17:39:08.870338Z", "fetched_at": "2025-07-11T17:39:33.995792+00:00", "symbol": "DOGE-USD"}, {"trade_id": 138562827, "side": "buy", "size": "122.60000000", "price": "0.20780000", "time": "2025-07-11T17:39:08.870338Z", "fetched_at": "2025-07-11T17:39:33.995792+00:00", "symbol": "DOGE-USD"}, {"trade_id": 138562826, "side": "sell", "size": "189.90000000", "price": "0.20780000", "time": "2025-07-11T17:39:08.781734Z", "fetched_at": "2025-07-11T17:39:33.995792+00:00", "symbol": "DOGE-USD"}, {"trade_id": 138562825, "side": "sell", "size": "5.30000000", "price": "0.20780000", "time": "2025-07-11T17:39:08.781734Z", "fetched_at": "2025-07-11T17:39:33.995792+00:00", "symbol": "DOGE-USD"}, {"trade_id": 138562824, "side": "sell", "size": "292.40000000", "price": "0.20774000", "time": "2025-07-11T17:39:08.755900Z", "fetched_at": "2025-07-11T17:39:33.995792+00:00", "symbol": "DOGE-USD"}, {"trade_id": 138562823, "side": "buy", "size": "1369.30000000", "price": "0.20772000", "time": "2025-07-11T17:39:08.643267Z", "fetched_at": "2025-07-11T17:39:33.995792+00:00", "symbol": "DOGE-USD"}, {"trade_id": 138562822, "side": "buy", "size": "21.70000000", "price": "0.20777000", "time": "2025-07-11T17:39:08.477066Z", "fetched_at": "2025-07-11T17:39:33.995792+00:00", "symbol": "DOGE-USD"}, {"trade_id": 138562821, "side": "buy", "size": "183.00000000", "price": "0.20777000", "time": "2025-07-11T17:39:08.473545Z", "fetched_at": "2025-07-11T17:39:33.995792+00:00", "symbol": "DOGE-USD"}, {"trade_id": 138562820, "side": "sell", "size": "3000.00000000", "price": "0.20772000", "time": "2025-07-11T17:39:07.774508Z", "fetched_at": "2025-07-11T17:39:33.995792+00:00", "symbol": "DOGE-USD"}, {"trade_id": 138562819, "side": "sell", "size": "424.30000000", "price": "0.20771000", "time": "2025-07-11T17:39:07.774508Z", "fetched_at": "2025-07-11T17:39:33.995792+00:00", "symbol": "DOGE-USD"}, {"trade_id": 138562818, "side": "buy", "size": "1360.30000000", "price": "0.20770000", "time": "2025-07-11T17:39:07.635401Z", "fetched_at": "2025-07-11T17:39:33.995792+00:00", "symbol": "DOGE-USD"}, {"trade_id": 138562817, "side": "buy", "size": "0.10000000", "price": "0.20770000", "time": "2025-07-11T17:39:07.635401Z", "fetched_at": "2025-07-11T17:39:33.995792+00:00", "symbol": "DOGE-USD"}, {"trade_id": 138562816, "side": "buy", "size": "245.50000000", "price": "0.20770000", "time": "2025-07-11T17:39:07.635401Z", "fetched_at": "2025-07-11T17:39:33.995792+00:00", "symbol": "DOGE-USD"}, {"trade_id": 138562815, "side": "buy", "size": "307.10000000", "price": "0.20771000", "time": "2025-07-11T17:39:06.583880Z", "fetched_at": "2025-07-11T17:39:33.995792+00:00", "symbol": "DOGE-USD"}, {"trade_id": 138562814, "side": "sell", "size": "3000.00000000", "price": "0.20772000", "time": "2025-07-11T17:39:06.024515Z", "fetched_at": "2025-07-11T17:39:33.995792+00:00", "symbol": "DOGE-USD"}, {"trade_id": 138562813, "side": "buy", "size": "215.80000000", "price": "0.20777000", "time": "2025-07-11T17:39:05.895141Z", "fetched_at": "2025-07-11T17:39:33.995792+00:00", "symbol": "DOGE-USD"}, {"trade_id": 138562812, "side": "buy", "size": "24.30000000", "price": "0.20779000", "time": "2025-07-11T17:39:05.660237Z", "fetched_at": "2025-07-11T17:39:33.995792+00:00", "symbol": "DOGE-USD"}, {"trade_id": 138562811, "side": "sell", "size": "67.00000000", "price": "0.20783000", "time": "2025-07-11T17:39:05.612998Z", "fetched_at": "2025-07-11T17:39:33.995792+00:00", "symbol": "DOGE-USD"}, {"trade_id": 138562810, "side": "buy", "size": "1309.30000000", "price": "0.20782000", "time": "2025-07-11T17:39:05.573174Z", "fetched_at": "2025-07-11T17:39:33.995792+00:00", "symbol": "DOGE-USD"}, {"trade_id": 138562809, "side": "sell", "size": "9623.80000000", "price": "0.20782000", "time": "2025-07-11T17:39:04.923613Z", "fetched_at": "2025-07-11T17:39:33.995792+00:00", "symbol": "DOGE-USD"}, {"trade_id": 138562808, "side": "sell", "size": "402.30000000", "price": "0.20781000", "time": "2025-07-11T17:39:04.923613Z", "fetched_at": "2025-07-11T17:39:33.995792+00:00", "symbol": "DOGE-USD"}, {"trade_id": 138562807, "side": "sell", "size": "438.30000000", "price": "0.20780000", "time": "2025-07-11T17:39:04.923613Z", "fetched_at": "2025-07-11T17:39:33.995792+00:00", "symbol": "DOGE-USD"}, {"trade_id": 138562806, "side": "buy", "size": "1358.00000000", "price": "0.20772000", "time": "2025-07-11T17:39:04.516672Z", "fetched_at": "2025-07-11T17:39:33.995792+00:00", "symbol": "DOGE-USD"}, {"trade_id": 138562805, "side": "buy", "size": "165.10000000", "price": "0.20769000", "time": "2025-07-11T17:39:04.286066Z", "fetched_at": "2025-07-11T17:39:33.995792+00:00", "symbol": "DOGE-USD"}, {"trade_id": 138562804, "side": "sell", "size": "254.40000000", "price": "0.20773000", "time": "2025-07-11T17:39:04.251763Z", "fetched_at": "2025-07-11T17:39:33.995792+00:00", "symbol": "DOGE-USD"}, {"trade_id": 138562803, "side": "buy", "size": "5.30000000", "price": "0.20772000", "time": "2025-07-11T17:39:04.190043Z", "fetched_at": "2025-07-11T17:39:33.995792+00:00", "symbol": "DOGE-USD"}, {"trade_id": 138562802, "side": "buy", "size": "206.60000000", "price": "0.20772000", "time": "2025-07-11T17:39:04.190043Z", "fetched_at": "2025-07-11T17:39:33.995792+00:00", "symbol": "DOGE-USD"}, {"trade_id": 138562801, "side": "buy", "size": "95.10000000", "price": "0.20774000", "time": "2025-07-11T17:39:04.190043Z", "fetched_at": "2025-07-11T17:39:33.995792+00:00", "symbol": "DOGE-USD"}, {"trade_id": 138562800, "side": "buy", "size": "5.30000000", "price": "0.20776000", "time": "2025-07-11T17:39:04.190043Z", "fetched_at": "2025-07-11T17:39:33.995792+00:00", "symbol": "DOGE-USD"}, {"trade_id": 138562799, "side": "buy", "size": "367.50000000", "price": "0.20777000", "time": "2025-07-11T17:39:04.163753Z", "fetched_at": "2025-07-11T17:39:33.995792+00:00", "symbol": "DOGE-USD"}, {"trade_id": 138562798, "side": "buy", "size": "5.30000000", "price": "0.20778000", "time": "2025-07-11T17:39:04.163753Z", "fetched_at": "2025-07-11T17:39:33.995792+00:00", "symbol": "DOGE-USD"}, {"trade_id": 138562797, "side": "buy", "size": "1377.70000000", "price": "0.20779000", "time": "2025-07-11T17:39:04.163753Z", "fetched_at": "2025-07-11T17:39:33.995792+00:00", "symbol": "DOGE-USD"}, {"trade_id": 138562796, "side": "buy", "size": "5.30000000", "price": "0.20780000", "time": "2025-07-11T17:39:04.163753Z", "fetched_at": "2025-07-11T17:39:33.995792+00:00", "symbol": "DOGE-USD"}, {"trade_id": 138562795, "side": "buy", "size": "5.30000000", "price": "0.20784000", "time": "2025-07-11T17:39:03.978174Z", "fetched_at": "2025-07-11T17:39:33.995792+00:00", "symbol": "DOGE-USD"}, {"trade_id": 138562794, "side": "buy", "size": "170.30000000", "price": "0.20789000", "time": "2025-07-11T17:39:03.494279Z", "fetched_at": "2025-07-11T17:39:33.995792+00:00", "symbol": "DOGE-USD"}, {"trade_id": 138562793, "side": "buy", "size": "5.30000000", "price": "0.20788000", "time": "2025-07-11T17:39:02.401491Z", "fetched_at": "2025-07-11T17:39:33.995792+00:00", "symbol": "DOGE-USD"}, {"trade_id": 138562792, "side": "buy", "size": "0.20000000", "price": "0.20788000", "time": "2025-07-11T17:39:02.401491Z", "fetched_at": "2025-07-11T17:39:33.995792+00:00", "symbol": "DOGE-USD"}, {"trade_id": 138562791, "side": "buy", "size": "417.30000000", "price": "0.20790000", "time": "2025-07-11T17:39:02.319862Z", "fetched_at": "2025-07-11T17:39:33.995792+00:00", "symbol": "DOGE-USD"}, {"trade_id": 138562790, "side": "buy", "size": "170.20000000", "price": "0.20794000", "time": "2025-07-11T17:39:02.319862Z", "fetched_at": "2025-07-11T17:39:33.995792+00:00", "symbol": "DOGE-USD"}, {"trade_id": 138562789, "side": "buy", "size": "368.20000000", "price": "0.20791000", "time": "2025-07-11T17:39:01.603337Z", "fetched_at": "2025-07-11T17:39:33.995792+00:00", "symbol": "DOGE-USD"}, {"trade_id": 138562788, "side": "buy", "size": "5.30000000", "price": "0.20792000", "time": "2025-07-11T17:39:01.363800Z", "fetched_at": "2025-07-11T17:39:33.995792+00:00", "symbol": "DOGE-USD"}, {"trade_id": 138562787, "side": "buy", "size": "384.90000000", "price": "0.20795000", "time": "2025-07-11T17:39:01.274462Z", "fetched_at": "2025-07-11T17:39:33.995792+00:00", "symbol": "DOGE-USD"}, {"trade_id": 138562786, "side": "buy", "size": "5.30000000", "price": "0.20796000", "time": "2025-07-11T17:39:01.274462Z", "fetched_at": "2025-07-11T17:39:33.995792+00:00", "symbol": "DOGE-USD"}, {"trade_id": 138562785, "side": "buy", "size": "183.00000000", "price": "0.20797000", "time": "2025-07-11T17:39:01.273431Z", "fetched_at": "2025-07-11T17:39:33.995792+00:00", "symbol": "DOGE-USD"}, {"trade_id": 138562784, "side": "sell", "size": "0.10000000", "price": "0.20800000", "time": "2025-07-11T17:39:01.149375Z", "fetched_at": "2025-07-11T17:39:33.995792+00:00", "symbol": "DOGE-USD"}, {"trade_id": 138562783, "side": "buy", "size": "245.50000000", "price": "0.20800000", "time": "2025-07-11T17:39:00.477555Z", "fetched_at": "2025-07-11T17:39:33.995792+00:00", "symbol": "DOGE-USD"}, {"trade_id": 138562782, "side": "sell", "size": "116.70000000", "price": "0.20804000", "time": "2025-07-11T17:38:59.954266Z", "fetched_at": "2025-07-11T17:39:33.995792+00:00", "symbol": "DOGE-USD"}, {"trade_id": 138562781, "side": "sell", "size": "3000.00000000", "price": "0.20800000", "time": "2025-07-11T17:38:59.805239Z", "fetched_at": "2025-07-11T17:39:33.995792+00:00", "symbol": "DOGE-USD"}, {"trade_id": 138562780, "side": "buy", "size": "355.40000000", "price": "0.20799000", "time": "2025-07-11T17:38:59.731314Z", "fetched_at": "2025-07-11T17:39:33.995792+00:00", "symbol": "DOGE-USD"}, {"trade_id": 138562779, "side": "buy", "size": "135.60000000", "price": "0.20800000", "time": "2025-07-11T17:38:59.731314Z", "fetched_at": "2025-07-11T17:39:33.995792+00:00", "symbol": "DOGE-USD"}, {"trade_id": 138562778, "side": "buy", "size": "368.20000000", "price": "0.20801000", "time": "2025-07-11T17:38:58.839302Z", "fetched_at": "2025-07-11T17:39:33.995792+00:00", "symbol": "DOGE-USD"}, {"trade_id": 138562777, "side": "sell", "size": "11.80000000", "price": "0.20801000", "time": "2025-07-11T17:38:58.835541Z", "fetched_at": "2025-07-11T17:39:33.995792+00:00", "symbol": "DOGE-USD"}, {"trade_id": 138562776, "side": "sell", "size": "3000.00000000", "price": "0.20798000", "time": "2025-07-11T17:38:58.598502Z", "fetched_at": "2025-07-11T17:39:33.995792+00:00", "symbol": "DOGE-USD"}, {"trade_id": 138562775, "side": "sell", "size": "315.70000000", "price": "0.20797000", "time": "2025-07-11T17:38:58.598502Z", "fetched_at": "2025-07-11T17:39:33.995792+00:00", "symbol": "DOGE-USD"}, {"trade_id": 138562774, "side": "sell", "size": "315.70000000", "price": "0.20795000", "time": "2025-07-11T17:38:58.235473Z", "fetched_at": "2025-07-11T17:39:33.995792+00:00", "symbol": "DOGE-USD"}, {"trade_id": 138562773, "side": "buy", "size": "1445.50000000", "price": "0.20800000", "time": "2025-07-11T17:38:57.661674Z", "fetched_at": "2025-07-11T17:39:33.995792+00:00", "symbol": "DOGE-USD"}, {"trade_id": 138562772, "side": "buy", "size": "2903.50000000", "price": "0.20801000", "time": "2025-07-11T17:38:57.658001Z", "fetched_at": "2025-07-11T17:39:33.995792+00:00", "symbol": "DOGE-USD"}, {"trade_id": 138562771, "side": "buy", "size": "10895.10000000", "price": "0.20802000", "time": "2025-07-11T17:38:57.658001Z", "fetched_at": "2025-07-11T17:39:33.995792+00:00", "symbol": "DOGE-USD"}, {"trade_id": 138562770, "side": "buy", "size": "437.60000000", "price": "0.20803000", "time": "2025-07-11T17:38:57.655837Z", "fetched_at": "2025-07-11T17:39:33.995792+00:00", "symbol": "DOGE-USD"}, {"trade_id": 138562769, "side": "buy", "size": "2022.70000000", "price": "0.20803000", "time": "2025-07-11T17:38:57.655837Z", "fetched_at": "2025-07-11T17:39:33.995792+00:00", "symbol": "DOGE-USD"}, {"trade_id": 138562768, "side": "buy", "size": "1301.00000000", "price": "0.20803000", "time": "2025-07-11T17:38:57.655837Z", "fetched_at": "2025-07-11T17:39:33.995792+00:00", "symbol": "DOGE-USD"}, {"trade_id": 138562767, "side": "buy", "size": "1161.50000000", "price": "0.20803000", "time": "2025-07-11T17:38:57.655837Z", "fetched_at": "2025-07-11T17:39:33.995792+00:00", "symbol": "DOGE-USD"}, {"trade_id": 138562766, "side": "buy", "size": "1550.30000000", "price": "0.20803000", "time": "2025-07-11T17:38:57.655837Z", "fetched_at": "2025-07-11T17:39:33.995792+00:00", "symbol": "DOGE-USD"}, {"trade_id": 138562765, "side": "buy", "size": "5.30000000", "price": "0.20804000", "time": "2025-07-11T17:38:57.655837Z", "fetched_at": "2025-07-11T17:39:33.995792+00:00", "symbol": "DOGE-USD"}, {"trade_id": 138562764, "side": "buy", "size": "203.40000000", "price": "0.20806000", "time": "2025-07-11T17:38:57.643191Z", "fetched_at": "2025-07-11T17:39:33.995792+00:00", "symbol": "DOGE-USD"}, {"trade_id": 138562763, "side": "buy", "size": "1037.10000000", "price": "0.20806000", "time": "2025-07-11T17:38:57.067450Z", "fetched_at": "2025-07-11T17:39:33.995792+00:00", "symbol": "DOGE-USD"}, {"trade_id": 138562762, "side": "buy", "size": "226.40000000", "price": "0.20807000", "time": "2025-07-11T17:38:57.067450Z", "fetched_at": "2025-07-11T17:39:33.995792+00:00", "symbol": "DOGE-USD"}, {"trade_id": 138562761, "side": "buy", "size": "383.40000000", "price": "0.20813000", "time": "2025-07-11T17:38:55.812229Z", "fetched_at": "2025-07-11T17:39:33.995792+00:00", "symbol": "DOGE-USD"}, {"trade_id": 138562760, "side": "sell", "size": "54.90000000", "price": "0.20812000", "time": "2025-07-11T17:38:55.551274Z", "fetched_at": "2025-07-11T17:39:33.995792+00:00", "symbol": "DOGE-USD"}, {"trade_id": 138562759, "side": "sell", "size": "0.10000000", "price": "0.20812000", "time": "2025-07-11T17:38:55.021265Z", "fetched_at": "2025-07-11T17:39:33.995792+00:00", "symbol": "DOGE-USD"}, {"trade_id": 138562758, "side": "sell", "size": "43.80000000", "price": "0.20812000", "time": "2025-07-11T17:38:54.485114Z", "fetched_at": "2025-07-11T17:39:33.995792+00:00", "symbol": "DOGE-USD"}, {"trade_id": 138562757, "side": "sell", "size": "2714.80000000", "price": "0.20812000", "time": "2025-07-11T17:38:54.473167Z", "fetched_at": "2025-07-11T17:39:33.995792+00:00", "symbol": "DOGE-USD"}, {"trade_id": 138562756, "side": "sell", "size": "186.40000000", "price": "0.20812000", "time": "2025-07-11T17:38:54.451574Z", "fetched_at": "2025-07-11T17:39:33.995792+00:00", "symbol": "DOGE-USD"}, {"trade_id": 138562755, "side": "sell", "size": "97.60000000", "price": "0.20811000", "time": "2025-07-11T17:38:54.448201Z", "fetched_at": "2025-07-11T17:39:33.995792+00:00", "symbol": "DOGE-USD"}, {"trade_id": 138562754, "side": "buy", "size": "537.20000000", "price": "0.20809000", "time": "2025-07-11T17:38:54.376830Z", "fetched_at": "2025-07-11T17:39:33.995792+00:00", "symbol": "DOGE-USD"}, {"trade_id": 138562753, "side": "buy", "size": "245.50000000", "price": "0.20810000", "time": "2025-07-11T17:38:54.376830Z", "fetched_at": "2025-07-11T17:39:33.995792+00:00", "symbol": "DOGE-USD"}, {"trade_id": 138562752, "side": "buy", "size": "1278.90000000", "price": "0.20811000", "time": "2025-07-11T17:38:54.313228Z", "fetched_at": "2025-07-11T17:39:33.995792+00:00", "symbol": "DOGE-USD"}, {"trade_id": 138562751, "side": "buy", "size": "245.50000000", "price": "0.20811000", "time": "2025-07-11T17:38:54.313228Z", "fetched_at": "2025-07-11T17:39:33.995792+00:00", "symbol": "DOGE-USD"}, {"trade_id": 138562750, "side": "sell", "size": "3000.00000000", "price": "0.20811000", "time": "2025-07-11T17:38:53.212329Z", "fetched_at": "2025-07-11T17:39:33.995792+00:00", "symbol": "DOGE-USD"}, {"trade_id": 138562749, "side": "sell", "size": "134.60000000", "price": "0.20810000", "time": "2025-07-11T17:38:53.212329Z", "fetched_at": "2025-07-11T17:39:33.995792+00:00", "symbol": "DOGE-USD"}, {"trade_id": 138562748, "side": "buy", "size": "245.30000000", "price": "0.20815000", "time": "2025-07-11T17:38:52.568140Z", "fetched_at": "2025-07-11T17:39:33.995792+00:00", "symbol": "DOGE-USD"}, {"trade_id": 138562747, "side": "sell", "size": "770.40000000", "price": "0.20815000", "time": "2025-07-11T17:38:52.442152Z", "fetched_at": "2025-07-11T17:39:33.995792+00:00", "symbol": "DOGE-USD"}, {"trade_id": 138562746, "side": "sell", "size": "169.30000000", "price": "0.20814000", "time": "2025-07-11T17:38:52.442152Z", "fetched_at": "2025-07-11T17:39:33.995792+00:00", "symbol": "DOGE-USD"}, {"trade_id": 138562745, "side": "buy", "size": "800.00000000", "price": "0.20812000", "time": "2025-07-11T17:38:52.134484Z", "fetched_at": "2025-07-11T17:39:33.995792+00:00", "symbol": "DOGE-USD"}, {"trade_id": 138562744, "side": "buy", "size": "1200.00000000", "price": "0.20812000", "time": "2025-07-11T17:38:52.134484Z", "fetched_at": "2025-07-11T17:39:33.995792+00:00", "symbol": "DOGE-USD"}, {"trade_id": 138562743, "side": "sell", "size": "3000.00000000", "price": "0.20817000", "time": "2025-07-11T17:38:51.763706Z", "fetched_at": "2025-07-11T17:39:33.995792+00:00", "symbol": "DOGE-USD"}, {"trade_id": 138562742, "side": "sell", "size": "254.40000000", "price": "0.20821000", "time": "2025-07-11T17:38:51.604120Z", "fetched_at": "2025-07-11T17:39:33.995792+00:00", "symbol": "DOGE-USD"}, {"trade_id": 138562741, "side": "sell", "size": "245.70000000", "price": "0.20827000", "time": "2025-07-11T17:38:51.504275Z", "fetched_at": "2025-07-11T17:39:33.995792+00:00", "symbol": "DOGE-USD"}, {"trade_id": 138562740, "side": "sell", "size": "202.80000000", "price": "0.20827000", "time": "2025-07-11T17:38:51.502219Z", "fetched_at": "2025-07-11T17:39:33.995792+00:00", "symbol": "DOGE-USD"}, {"trade_id": 138562739, "side": "sell", "size": "5.30000000", "price": "0.20832000", "time": "2025-07-11T17:38:51.497119Z", "fetched_at": "2025-07-11T17:39:33.995792+00:00", "symbol": "DOGE-USD"}, {"trade_id": 138562738, "side": "sell", "size": "3120.90000000", "price": "0.20830000", "time": "2025-07-11T17:38:51.496570Z", "fetched_at": "2025-07-11T17:39:33.995792+00:00", "symbol": "DOGE-USD"}, {"trade_id": 138562737, "side": "sell", "size": "183.00000000", "price": "0.20829000", "time": "2025-07-11T17:38:51.496570Z", "fetched_at": "2025-07-11T17:39:33.995792+00:00", "symbol": "DOGE-USD"}, {"trade_id": 138562736, "side": "sell", "size": "6972.80000000", "price": "0.20829000", "time": "2025-07-11T17:38:51.496525Z", "fetched_at": "2025-07-11T17:39:33.995792+00:00", "symbol": "DOGE-USD"}, {"trade_id": 138562735, "side": "sell", "size": "183.00000000", "price": "0.20827000", "time": "2025-07-11T17:38:51.496525Z", "fetched_at": "2025-07-11T17:39:33.995792+00:00", "symbol": "DOGE-USD"}, {"trade_id": 138562734, "side": "buy", "size": "122.70000000", "price": "0.20823000", "time": "2025-07-11T17:38:51.495382Z", "fetched_at": "2025-07-11T17:39:33.995792+00:00", "symbol": "DOGE-USD"}, {"trade_id": 138562733, "side": "buy", "size": "245.50000000", "price": "0.20823000", "time": "2025-07-11T17:38:51.495382Z", "fetched_at": "2025-07-11T17:39:33.995792+00:00", "symbol": "DOGE-USD"}, {"trade_id": 138562732, "side": "sell", "size": "2919.50000000", "price": "0.20826000", "time": "2025-07-11T17:38:51.490736Z", "fetched_at": "2025-07-11T17:39:33.995792+00:00", "symbol": "DOGE-USD"}, {"trade_id": 138562731, "side": "sell", "size": "850.50000000", "price": "0.20826000", "time": "2025-07-11T17:38:51.490736Z", "fetched_at": "2025-07-11T17:39:33.995792+00:00", "symbol": "DOGE-USD"}, {"trade_id": 138562730, "side": "sell", "size": "2000.00000000", "price": "0.20825000", "time": "2025-07-11T17:38:51.490566Z", "fetched_at": "2025-07-11T17:39:33.995792+00:00", "symbol": "DOGE-USD"}, {"trade_id": 138562729, "side": "sell", "size": "10000.00000000", "price": "0.20824000", "time": "2025-07-11T17:38:51.490401Z", "fetched_at": "2025-07-11T17:39:33.995792+00:00", "symbol": "DOGE-USD"}, {"trade_id": 138562728, "side": "sell", "size": "80000.00000000", "price": "0.20824000", "time": "2025-07-11T17:38:51.490401Z", "fetched_at": "2025-07-11T17:39:33.995792+00:00", "symbol": "DOGE-USD"}, {"trade_id": 138562727, "side": "sell", "size": "23612.80000000", "price": "0.20824000", "time": "2025-07-11T17:38:51.490401Z", "fetched_at": "2025-07-11T17:39:33.995792+00:00", "symbol": "DOGE-USD"}, {"trade_id": 138562726, "side": "sell", "size": "5.30000000", "price": "0.20824000", "time": "2025-07-11T17:38:51.490401Z", "fetched_at": "2025-07-11T17:39:33.995792+00:00", "symbol": "DOGE-USD"}, {"trade_id": 138562725, "side": "sell", "size": "52373.30000000", "price": "0.20823000", "time": "2025-07-11T17:38:51.489909Z", "fetched_at": "2025-07-11T17:39:33.995792+00:00", "symbol": "DOGE-USD"}, {"trade_id": 138562724, "side": "sell", "size": "850.50000000", "price": "0.20822000", "time": "2025-07-11T17:38:51.489909Z", "fetched_at": "2025-07-11T17:39:33.995792+00:00", "symbol": "DOGE-USD"}, {"trade_id": 138562723, "side": "sell", "size": "5.30000000", "price": "0.20820000", "time": "2025-07-11T17:38:51.489909Z", "fetched_at": "2025-07-11T17:39:33.995792+00:00", "symbol": "DOGE-USD"}, {"trade_id": 138562722, "side": "sell", "size": "1922.70000000", "price": "0.20819000", "time": "2025-07-11T17:38:51.489464Z", "fetched_at": "2025-07-11T17:39:33.995792+00:00", "symbol": "DOGE-USD"}, {"trade_id": 138562721, "side": "sell", "size": "220.10000000", "price": "0.20814000", "time": "2025-07-11T17:38:51.489464Z", "fetched_at": "2025-07-11T17:39:33.995792+00:00", "symbol": "DOGE-USD"}, {"trade_id": 138562720, "side": "buy", "size": "183.00000000", "price": "0.20819000", "time": "2025-07-11T17:38:50.964233Z", "fetched_at": "2025-07-11T17:39:33.995792+00:00", "symbol": "DOGE-USD"}, {"trade_id": 138562719, "side": "buy", "size": "245.50000000", "price": "0.20819000", "time": "2025-07-11T17:38:50.964233Z", "fetched_at": "2025-07-11T17:39:33.995792+00:00", "symbol": "DOGE-USD"}, {"trade_id": 138562718, "side": "sell", "size": "1922.70000000", "price": "0.20817000", "time": "2025-07-11T17:38:50.955394Z", "fetched_at": "2025-07-11T17:39:33.995792+00:00", "symbol": "DOGE-USD"}, {"trade_id": 138562717, "side": "sell", "size": "418.00000000", "price": "0.20816000", "time": "2025-07-11T17:38:50.955394Z", "fetched_at": "2025-07-11T17:39:33.995792+00:00", "symbol": "DOGE-USD"}, {"trade_id": 138562716, "side": "sell", "size": "5.30000000", "price": "0.20816000", "time": "2025-07-11T17:38:50.955394Z", "fetched_at": "2025-07-11T17:39:33.995792+00:00", "symbol": "DOGE-USD"}, {"trade_id": 138562715, "side": "sell", "size": "418.00000000", "price": "0.20812000", "time": "2025-07-11T17:38:50.845946Z", "fetched_at": "2025-07-11T17:39:33.995792+00:00", "symbol": "DOGE-USD"}, {"trade_id": 138562714, "side": "sell", "size": "5.30000000", "price": "0.20812000", "time": "2025-07-11T17:38:50.845946Z", "fetched_at": "2025-07-11T17:39:33.995792+00:00", "symbol": "DOGE-USD"}, {"trade_id": 138562713, "side": "sell", "size": "4320.60000000", "price": "0.20811000", "time": "2025-07-11T17:38:50.753216Z", "fetched_at": "2025-07-11T17:39:33.995792+00:00", "symbol": "DOGE-USD"}, {"trade_id": 138562712, "side": "sell", "size": "437.80000000", "price": "0.20810000", "time": "2025-07-11T17:38:50.753216Z", "fetched_at": "2025-07-11T17:39:33.995792+00:00", "symbol": "DOGE-USD"}, {"trade_id": 138562711, "side": "sell", "size": "5.30000000", "price": "0.20808000", "time": "2025-07-11T17:38:50.747143Z", "fetched_at": "2025-07-11T17:39:33.995792+00:00", "symbol": "DOGE-USD"}, {"trade_id": 138562710, "side": "buy", "size": "1264.70000000", "price": "0.20800000", "time": "2025-07-11T17:38:50.087188Z", "fetched_at": "2025-07-11T17:39:33.995792+00:00", "symbol": "DOGE-USD"}, {"trade_id": 138562709, "side": "buy", "size": "172.40000000", "price": "0.20801000", "time": "2025-07-11T17:38:50.087188Z", "fetched_at": "2025-07-11T17:39:33.995792+00:00", "symbol": "DOGE-USD"}, {"trade_id": 138562708, "side": "buy", "size": "245.50000000", "price": "0.20807000", "time": "2025-07-11T17:38:49.903915Z", "fetched_at": "2025-07-11T17:39:33.995792+00:00", "symbol": "DOGE-USD"}, {"trade_id": 138562707, "side": "sell", "size": "3000.00000000", "price": "0.20805000", "time": "2025-07-11T17:38:49.736721Z", "fetched_at": "2025-07-11T17:39:33.995792+00:00", "symbol": "DOGE-USD"}, {"trade_id": 138562706, "side": "sell", "size": "437.80000000", "price": "0.20804000", "time": "2025-07-11T17:38:49.659391Z", "fetched_at": "2025-07-11T17:39:33.995792+00:00", "symbol": "DOGE-USD"}, {"trade_id": 138562705, "side": "buy", "size": "1274.40000000", "price": "0.20792000", "time": "2025-07-11T17:38:48.893851Z", "fetched_at": "2025-07-11T17:39:33.995792+00:00", "symbol": "DOGE-USD"}, {"trade_id": 138562704, "side": "buy", "size": "236.40000000", "price": "0.20798000", "time": "2025-07-11T17:38:48.867738Z", "fetched_at": "2025-07-11T17:39:33.995792+00:00", "symbol": "DOGE-USD"}, {"trade_id": 138562703, "side": "buy", "size": "103.30000000", "price": "0.20798000", "time": "2025-07-11T17:38:48.704895Z", "fetched_at": "2025-07-11T17:39:33.995792+00:00", "symbol": "DOGE-USD"}, {"trade_id": 138562702, "side": "buy", "size": "42.00000000", "price": "0.20798000", "time": "2025-07-11T17:38:48.704895Z", "fetched_at": "2025-07-11T17:39:33.995792+00:00", "symbol": "DOGE-USD"}, {"trade_id": 138562701, "side": "sell", "size": "5.30000000", "price": "0.20800000", "time": "2025-07-11T17:38:48.544570Z", "fetched_at": "2025-07-11T17:39:33.995792+00:00", "symbol": "DOGE-USD"}, {"trade_id": 138562700, "side": "sell", "size": "3000.00000000", "price": "0.20800000", "time": "2025-07-11T17:38:48.544570Z", "fetched_at": "2025-07-11T17:39:33.995792+00:00", "symbol": "DOGE-USD"}, {"trade_id": 138562699, "side": "sell", "size": "1072.80000000", "price": "0.20798000", "time": "2025-07-11T17:38:48.544570Z", "fetched_at": "2025-07-11T17:39:33.995792+00:00", "symbol": "DOGE-USD"}, {"trade_id": 138562698, "side": "sell", "size": "8544.00000000", "price": "0.20798000", "time": "2025-07-11T17:38:48.544561Z", "fetched_at": "2025-07-11T17:39:33.995792+00:00", "symbol": "DOGE-USD"}, {"trade_id": 138562697, "side": "sell", "size": "437.80000000", "price": "0.20797000", "time": "2025-07-11T17:38:48.540715Z", "fetched_at": "2025-07-11T17:39:33.995792+00:00", "symbol": "DOGE-USD"}, {"trade_id": 138562696, "side": "sell", "size": "1175.80000000", "price": "0.20796000", "time": "2025-07-11T17:38:48.403326Z", "fetched_at": "2025-07-11T17:39:33.995792+00:00", "symbol": "DOGE-USD"}, {"trade_id": 138562695, "side": "sell", "size": "437.80000000", "price": "0.20795000", "time": "2025-07-11T17:38:48.330997Z", "fetched_at": "2025-07-11T17:39:33.995792+00:00", "symbol": "DOGE-USD"}, {"trade_id": 138562694, "side": "buy", "size": "792.50000000", "price": "0.20794000", "time": "2025-07-11T17:38:48.328751Z", "fetched_at": "2025-07-11T17:39:33.995792+00:00", "symbol": "DOGE-USD"}, {"trade_id": 138562693, "side": "buy", "size": "183.00000000", "price": "0.20794000", "time": "2025-07-11T17:38:48.328751Z", "fetched_at": "2025-07-11T17:39:33.995792+00:00", "symbol": "DOGE-USD"}, {"trade_id": 138562692, "side": "buy", "size": "248.40000000", "price": "0.20794000", "time": "2025-07-11T17:38:48.328751Z", "fetched_at": "2025-07-11T17:39:33.995792+00:00", "symbol": "DOGE-USD"}, {"trade_id": 138562691, "side": "buy", "size": "1347.00000000", "price": "0.20794000", "time": "2025-07-11T17:38:48.328751Z", "fetched_at": "2025-07-11T17:39:33.995792+00:00", "symbol": "DOGE-USD"}, {"trade_id": 138562690, "side": "buy", "size": "245.50000000", "price": "0.20794000", "time": "2025-07-11T17:38:48.328751Z", "fetched_at": "2025-07-11T17:39:33.995792+00:00", "symbol": "DOGE-USD"}, {"trade_id": 138562689, "side": "buy", "size": "248.40000000", "price": "0.20796000", "time": "2025-07-11T17:38:47.870741Z", "fetched_at": "2025-07-11T17:39:33.995792+00:00", "symbol": "DOGE-USD"}, {"trade_id": 138562688, "side": "buy", "size": "245.50000000", "price": "0.20796000", "time": "2025-07-11T17:38:47.870741Z", "fetched_at": "2025-07-11T17:39:33.995792+00:00", "symbol": "DOGE-USD"}, {"trade_id": 138562687, "side": "buy", "size": "2142.40000000", "price": "0.20792000", "time": "2025-07-11T17:38:47.593402Z", "fetched_at": "2025-07-11T17:39:33.995792+00:00", "symbol": "DOGE-USD"}, {"trade_id": 138562686, "side": "buy", "size": "1446.10000000", "price": "0.20792000", "time": "2025-07-11T17:38:47.593402Z", "fetched_at": "2025-07-11T17:39:33.995792+00:00", "symbol": "DOGE-USD"}, {"trade_id": 138562685, "side": "buy", "size": "1187.60000000", "price": "0.20792000", "time": "2025-07-11T17:38:47.593402Z", "fetched_at": "2025-07-11T17:39:33.995792+00:00", "symbol": "DOGE-USD"}, {"trade_id": 138562684, "side": "buy", "size": "26.60000000", "price": "0.20794000", "time": "2025-07-11T17:38:47.593402Z", "fetched_at": "2025-07-11T17:39:33.995792+00:00", "symbol": "DOGE-USD"}, {"trade_id": 138562683, "side": "buy", "size": "84.00000000", "price": "0.20803000", "time": "2025-07-11T17:38:46.814303Z", "fetched_at": "2025-07-11T17:39:33.995792+00:00", "symbol": "DOGE-USD"}, {"trade_id": 138562682, "side": "sell", "size": "0.40000000", "price": "0.20805000", "time": "2025-07-11T17:38:46.672959Z", "fetched_at": "2025-07-11T17:39:33.995792+00:00", "symbol": "DOGE-USD"}, {"trade_id": 138562681, "side": "buy", "size": "245.50000000", "price": "0.20808000", "time": "2025-07-11T17:38:46.493952Z", "fetched_at": "2025-07-11T17:39:33.995792+00:00", "symbol": "DOGE-USD"}, {"trade_id": 138562680, "side": "buy", "size": "83.50000000", "price": "0.20811000", "time": "2025-07-11T17:38:46.055563Z", "fetched_at": "2025-07-11T17:39:33.995792+00:00", "symbol": "DOGE-USD"}, {"trade_id": 138562679, "side": "buy", "size": "21.00000000", "price": "0.20811000", "time": "2025-07-11T17:38:46.055563Z", "fetched_at": "2025-07-11T17:39:33.995792+00:00", "symbol": "DOGE-USD"}, {"trade_id": 138562678, "side": "buy", "size": "248.40000000", "price": "0.20811000", "time": "2025-07-11T17:38:46.055563Z", "fetched_at": "2025-07-11T17:39:33.995792+00:00", "symbol": "DOGE-USD"}, {"trade_id": 138562677, "side": "buy", "size": "63.00000000", "price": "0.20811000", "time": "2025-07-11T17:38:46.055563Z", "fetched_at": "2025-07-11T17:39:33.995792+00:00", "symbol": "DOGE-USD"}, {"trade_id": 138562676, "side": "buy", "size": "84.10000000", "price": "0.20811000", "time": "2025-07-11T17:38:46.055563Z", "fetched_at": "2025-07-11T17:39:33.995792+00:00", "symbol": "DOGE-USD"}, {"trade_id": 138562675, "side": "sell", "size": "254.40000000", "price": "0.20809000", "time": "2025-07-11T17:38:45.988956Z", "fetched_at": "2025-07-11T17:39:33.995792+00:00", "symbol": "DOGE-USD"}, {"trade_id": 138562674, "side": "sell", "size": "61.50000000", "price": "0.20806000", "time": "2025-07-11T17:38:45.899185Z", "fetched_at": "2025-07-11T17:39:33.995792+00:00", "symbol": "DOGE-USD"}, {"trade_id": 138562673, "side": "sell", "size": "3000.00000000", "price": "0.20804000", "time": "2025-07-11T17:38:45.895042Z", "fetched_at": "2025-07-11T17:39:33.995792+00:00", "symbol": "DOGE-USD"}, {"trade_id": 138562672, "side": "sell", "size": "438.00000000", "price": "0.20803000", "time": "2025-07-11T17:38:45.895042Z", "fetched_at": "2025-07-11T17:39:33.995792+00:00", "symbol": "DOGE-USD"}, {"trade_id": 138562671, "side": "sell", "size": "254.40000000", "price": "0.20801000", "time": "2025-07-11T17:38:45.768679Z", "fetched_at": "2025-07-11T17:39:33.995792+00:00", "symbol": "DOGE-USD"}, {"trade_id": 138562670, "side": "sell", "size": "438.00000000", "price": "0.20801000", "time": "2025-07-11T17:38:45.768679Z", "fetched_at": "2025-07-11T17:39:33.995792+00:00", "symbol": "DOGE-USD"}, {"trade_id": 138562669, "side": "buy", "size": "368.20000000", "price": "0.20795000", "time": "2025-07-11T17:38:45.193651Z", "fetched_at": "2025-07-11T17:39:33.995792+00:00", "symbol": "DOGE-USD"}, {"trade_id": 138562668, "side": "buy", "size": "372.60000000", "price": "0.20795000", "time": "2025-07-11T17:38:45.193651Z", "fetched_at": "2025-07-11T17:39:33.995792+00:00", "symbol": "DOGE-USD"}, {"trade_id": 138562667, "side": "sell", "size": "5.30000000", "price": "0.20796000", "time": "2025-07-11T17:38:45.115366Z", "fetched_at": "2025-07-11T17:39:33.995792+00:00", "symbol": "DOGE-USD"}, {"trade_id": 138562666, "side": "sell", "size": "3000.00000000", "price": "0.20787000", "time": "2025-07-11T17:38:44.843886Z", "fetched_at": "2025-07-11T17:39:33.995792+00:00", "symbol": "DOGE-USD"}, {"trade_id": 138562665, "side": "sell", "size": "437.40000000", "price": "0.20785000", "time": "2025-07-11T17:38:44.828609Z", "fetched_at": "2025-07-11T17:39:33.995792+00:00", "symbol": "DOGE-USD"}, {"trade_id": 138562664, "side": "sell", "size": "13.70000000", "price": "0.20789000", "time": "2025-07-11T17:38:44.761978Z", "fetched_at": "2025-07-11T17:39:33.995792+00:00", "symbol": "DOGE-USD"}, {"trade_id": 138562663, "side": "sell", "size": "437.40000000", "price": "0.20788000", "time": "2025-07-11T17:38:44.761978Z", "fetched_at": "2025-07-11T17:39:33.995792+00:00", "symbol": "DOGE-USD"}, {"trade_id": 138562662, "side": "sell", "size": "1405.90000000", "price": "0.20785000", "time": "2025-07-11T17:38:44.761978Z", "fetched_at": "2025-07-11T17:39:33.995792+00:00", "symbol": "DOGE-USD"}, {"trade_id": 138562661, "side": "sell", "size": "1060.30000000", "price": "0.20785000", "time": "2025-07-11T17:38:44.523327Z", "fetched_at": "2025-07-11T17:39:33.995792+00:00", "symbol": "DOGE-USD"}, {"trade_id": 138562660, "side": "sell", "size": "1318.70000000", "price": "0.20785000", "time": "2025-07-11T17:38:44.523327Z", "fetched_at": "2025-07-11T17:39:33.995792+00:00", "symbol": "DOGE-USD"}, {"trade_id": 138562659, "side": "sell", "size": "437.40000000", "price": "0.20784000", "time": "2025-07-11T17:38:44.523327Z", "fetched_at": "2025-07-11T17:39:33.995792+00:00", "symbol": "DOGE-USD"}, {"trade_id": 138562658, "side": "buy", "size": "5.30000000", "price": "0.20784000", "time": "2025-07-11T17:38:44.246514Z", "fetched_at": "2025-07-11T17:39:33.995792+00:00", "symbol": "DOGE-USD"}, {"trade_id": 138562657, "side": "buy", "size": "99.70000000", "price": "0.20784000", "time": "2025-07-11T17:38:44.246514Z", "fetched_at": "2025-07-11T17:39:33.995792+00:00", "symbol": "DOGE-USD"}, {"trade_id": 138562656, "side": "buy", "size": "7.10000000", "price": "0.20784000", "time": "2025-07-11T17:38:44.246514Z", "fetched_at": "2025-07-11T17:39:33.995792+00:00", "symbol": "DOGE-USD"}, {"trade_id": 138562655, "side": "buy", "size": "763.00000000", "price": "0.20785000", "time": "2025-07-11T17:38:44.182128Z", "fetched_at": "2025-07-11T17:39:33.995792+00:00", "symbol": "DOGE-USD"}, {"trade_id": 138562654, "side": "buy", "size": "347.30000000", "price": "0.20786000", "time": "2025-07-11T17:38:44.182128Z", "fetched_at": "2025-07-11T17:39:33.995792+00:00", "symbol": "DOGE-USD"}, {"trade_id": 138562653, "side": "buy", "size": "53.20000000", "price": "0.20787000", "time": "2025-07-11T17:38:44.154290Z", "fetched_at": "2025-07-11T17:39:33.995792+00:00", "symbol": "DOGE-USD"}, {"trade_id": 138562652, "side": "sell", "size": "45.30000000", "price": "0.20788000", "time": "2025-07-11T17:38:44.119482Z", "fetched_at": "2025-07-11T17:39:33.995792+00:00", "symbol": "DOGE-USD"}, {"trade_id": 138562651, "side": "buy", "size": "33.60000000", "price": "0.20788000", "time": "2025-07-11T17:38:44.103576Z", "fetched_at": "2025-07-11T17:39:33.995792+00:00", "symbol": "DOGE-USD"}, {"trade_id": 138562650, "side": "buy", "size": "2343.70000000", "price": "0.20790000", "time": "2025-07-11T17:38:44.054327Z", "fetched_at": "2025-07-11T17:39:33.995792+00:00", "symbol": "DOGE-USD"}, {"trade_id": 138562649, "side": "sell", "size": "216.30000000", "price": "0.20797000", "time": "2025-07-11T17:38:43.610486Z", "fetched_at": "2025-07-11T17:39:33.995792+00:00", "symbol": "DOGE-USD"}, {"trade_id": 138562648, "side": "sell", "size": "254.40000000", "price": "0.20795000", "time": "2025-07-11T17:38:43.610486Z", "fetched_at": "2025-07-11T17:39:33.995792+00:00", "symbol": "DOGE-USD"}, {"trade_id": 138562647, "side": "sell", "size": "254.40000000", "price": "0.20797000", "time": "2025-07-11T17:38:43.543239Z", "fetched_at": "2025-07-11T17:39:33.995792+00:00", "symbol": "DOGE-USD"}, {"trade_id": 138562646, "side": "sell", "size": "254.40000000", "price": "0.20797000", "time": "2025-07-11T17:38:43.495512Z", "fetched_at": "2025-07-11T17:39:33.995792+00:00", "symbol": "DOGE-USD"}, {"trade_id": 138562645, "side": "sell", "size": "254.40000000", "price": "0.20793000", "time": "2025-07-11T17:38:43.437844Z", "fetched_at": "2025-07-11T17:39:33.995792+00:00", "symbol": "DOGE-USD"}, {"trade_id": 138562644, "side": "sell", "size": "254.40000000", "price": "0.20796000", "time": "2025-07-11T17:38:43.352466Z", "fetched_at": "2025-07-11T17:39:33.995792+00:00", "symbol": "DOGE-USD"}, {"trade_id": 138562643, "side": "sell", "size": "3000.00000000", "price": "0.20797000", "time": "2025-07-11T17:38:43.335320Z", "fetched_at": "2025-07-11T17:39:33.995792+00:00", "symbol": "DOGE-USD"}, {"trade_id": 138562642, "side": "sell", "size": "437.50000000", "price": "0.20796000", "time": "2025-07-11T17:38:43.328624Z", "fetched_at": "2025-07-11T17:39:33.995792+00:00", "symbol": "DOGE-USD"}, {"trade_id": 138562641, "side": "sell", "size": "254.40000000", "price": "0.20799000", "time": "2025-07-11T17:38:43.230758Z", "fetched_at": "2025-07-11T17:39:33.995792+00:00", "symbol": "DOGE-USD"}, {"trade_id": 138562640, "side": "buy", "size": "1131.70000000", "price": "0.20805000", "time": "2025-07-11T17:38:43.002426Z", "fetched_at": "2025-07-11T17:39:33.995792+00:00", "symbol": "DOGE-USD"}, {"trade_id": 138562639, "side": "buy", "size": "1318.30000000", "price": "0.20806000", "time": "2025-07-11T17:38:43.002426Z", "fetched_at": "2025-07-11T17:39:33.995792+00:00", "symbol": "DOGE-USD"}, {"trade_id": 138562638, "side": "buy", "size": "245.50000000", "price": "0.20811000", "time": "2025-07-11T17:38:42.733480Z", "fetched_at": "2025-07-11T17:39:33.995792+00:00", "symbol": "DOGE-USD"}, {"trade_id": 138562637, "side": "buy", "size": "248.40000000", "price": "0.20814000", "time": "2025-07-11T17:38:42.384790Z", "fetched_at": "2025-07-11T17:39:33.995792+00:00", "symbol": "DOGE-USD"}, {"trade_id": 138562636, "side": "sell", "size": "254.40000000", "price": "0.20814000", "time": "2025-07-11T17:38:42.224211Z", "fetched_at": "2025-07-11T17:39:33.995792+00:00", "symbol": "DOGE-USD"}, {"trade_id": 138562635, "side": "sell", "size": "193.70000000", "price": "0.20814000", "time": "2025-07-11T17:38:41.758684Z", "fetched_at": "2025-07-11T17:39:33.995792+00:00", "symbol": "DOGE-USD"}, {"trade_id": 138562634, "side": "sell", "size": "249.80000000", "price": "0.20812000", "time": "2025-07-11T17:38:41.747739Z", "fetched_at": "2025-07-11T17:39:33.995792+00:00", "symbol": "DOGE-USD"}, {"trade_id": 138562633, "side": "sell", "size": "187.80000000", "price": "0.20812000", "time": "2025-07-11T17:38:41.746799Z", "fetched_at": "2025-07-11T17:39:33.995792+00:00", "symbol": "DOGE-USD"}, {"trade_id": 138562632, "side": "sell", "size": "1190.60000000", "price": "0.20812000", "time": "2025-07-11T17:38:41.686450Z", "fetched_at": "2025-07-11T17:39:33.995792+00:00", "symbol": "DOGE-USD"}, {"trade_id": 138562631, "side": "sell", "size": "1388.40000000", "price": "0.20812000", "time": "2025-07-11T17:38:41.686450Z", "fetched_at": "2025-07-11T17:39:33.995792+00:00", "symbol": "DOGE-USD"}, {"trade_id": 138562630, "side": "sell", "size": "128.80000000", "price": "0.20811000", "time": "2025-07-11T17:38:41.686450Z", "fetched_at": "2025-07-11T17:39:33.995792+00:00", "symbol": "DOGE-USD"}, {"trade_id": 138562629, "side": "buy", "size": "245.50000000", "price": "0.20810000", "time": "2025-07-11T17:38:41.685803Z", "fetched_at": "2025-07-11T17:39:33.995792+00:00", "symbol": "DOGE-USD"}, {"trade_id": 138562628, "side": "sell", "size": "1382.30000000", "price": "0.20811000", "time": "2025-07-11T17:38:41.682330Z", "fetched_at": "2025-07-11T17:39:33.995792+00:00", "symbol": "DOGE-USD"}, {"trade_id": 138562627, "side": "buy", "size": "248.40000000", "price": "0.20810000", "time": "2025-07-11T17:38:41.601368Z", "fetched_at": "2025-07-11T17:39:33.995792+00:00", "symbol": "DOGE-USD"}, {"trade_id": 138562626, "side": "buy", "size": "245.50000000", "price": "0.20810000", "time": "2025-07-11T17:38:41.601368Z", "fetched_at": "2025-07-11T17:39:33.995792+00:00", "symbol": "DOGE-USD"}, {"trade_id": 138562625, "side": "buy", "size": "2.90000000", "price": "0.20810000", "time": "2025-07-11T17:38:41.547380Z", "fetched_at": "2025-07-11T17:39:33.995792+00:00", "symbol": "DOGE-USD"}, {"trade_id": 138562624, "side": "buy", "size": "245.50000000", "price": "0.20810000", "time": "2025-07-11T17:38:41.547380Z", "fetched_at": "2025-07-11T17:39:33.995792+00:00", "symbol": "DOGE-USD"}, {"trade_id": 138562623, "side": "buy", "size": "245.50000000", "price": "0.20814000", "time": "2025-07-11T17:38:41.547380Z", "fetched_at": "2025-07-11T17:39:33.995792+00:00", "symbol": "DOGE-USD"}, {"trade_id": 138562622, "side": "sell", "size": "1213.20000000", "price": "0.20811000", "time": "2025-07-11T17:38:41.533080Z", "fetched_at": "2025-07-11T17:39:33.995792+00:00", "symbol": "DOGE-USD"}, {"trade_id": 138562621, "side": "sell", "size": "1227.00000000", "price": "0.20811000", "time": "2025-07-11T17:38:41.533080Z", "fetched_at": "2025-07-11T17:39:33.995792+00:00", "symbol": "DOGE-USD"}, {"trade_id": 138562620, "side": "sell", "size": "437.00000000", "price": "0.20810000", "time": "2025-07-11T17:38:41.529393Z", "fetched_at": "2025-07-11T17:39:33.995792+00:00", "symbol": "DOGE-USD"}, {"trade_id": 138562619, "side": "sell", "size": "1154.90000000", "price": "0.20813000", "time": "2025-07-11T17:38:41.487998Z", "fetched_at": "2025-07-11T17:39:33.995792+00:00", "symbol": "DOGE-USD"}, {"trade_id": 138562618, "side": "sell", "size": "254.40000000", "price": "0.20812000", "time": "2025-07-11T17:38:41.487998Z", "fetched_at": "2025-07-11T17:39:33.995792+00:00", "symbol": "DOGE-USD"}, {"trade_id": 138562617, "side": "sell", "size": "254.40000000", "price": "0.20810000", "time": "2025-07-11T17:38:41.487998Z", "fetched_at": "2025-07-11T17:39:33.995792+00:00", "symbol": "DOGE-USD"}, {"trade_id": 138562616, "side": "sell", "size": "23612.80000000", "price": "0.20808000", "time": "2025-07-11T17:38:41.478489Z", "fetched_at": "2025-07-11T17:39:33.995792+00:00", "symbol": "DOGE-USD"}, {"trade_id": 138562615, "side": "sell", "size": "1952.00000000", "price": "0.20808000", "time": "2025-07-11T17:38:41.478489Z", "fetched_at": "2025-07-11T17:39:33.995792+00:00", "symbol": "DOGE-USD"}, {"trade_id": 138562614, "side": "sell", "size": "15338.90000000", "price": "0.20807000", "time": "2025-07-11T17:38:41.477572Z", "fetched_at": "2025-07-11T17:39:33.995792+00:00", "symbol": "DOGE-USD"}, {"trade_id": 138562613, "side": "sell", "size": "1386.70000000", "price": "0.20806000", "time": "2025-07-11T17:38:41.476166Z", "fetched_at": "2025-07-11T17:39:33.995792+00:00", "symbol": "DOGE-USD"}, {"trade_id": 138562612, "side": "sell", "size": "437.00000000", "price": "0.20802000", "time": "2025-07-11T17:38:41.472530Z", "fetched_at": "2025-07-11T17:39:33.995792+00:00", "symbol": "DOGE-USD"}, {"trade_id": 138562611, "side": "sell", "size": "254.40000000", "price": "0.20798000", "time": "2025-07-11T17:38:41.450953Z", "fetched_at": "2025-07-11T17:39:33.995792+00:00", "symbol": "DOGE-USD"}, {"trade_id": 138562610, "side": "buy", "size": "1248.10000000", "price": "0.20797000", "time": "2025-07-11T17:38:41.442745Z", "fetched_at": "2025-07-11T17:39:33.995792+00:00", "symbol": "DOGE-USD"}, {"trade_id": 138562609, "side": "buy", "size": "248.40000000", "price": "0.20797000", "time": "2025-07-11T17:38:41.442745Z", "fetched_at": "2025-07-11T17:39:33.995792+00:00", "symbol": "DOGE-USD"}, {"trade_id": 138562608, "side": "buy", "size": "1416.50000000", "price": "0.20797000", "time": "2025-07-11T17:38:41.442745Z", "fetched_at": "2025-07-11T17:39:33.995792+00:00", "symbol": "DOGE-USD"}, {"trade_id": 138562607, "side": "buy", "size": "245.50000000", "price": "0.20797000", "time": "2025-07-11T17:38:41.442745Z", "fetched_at": "2025-07-11T17:39:33.995792+00:00", "symbol": "DOGE-USD"}, {"trade_id": 138562606, "side": "buy", "size": "336.10000000", "price": "0.20798000", "time": "2025-07-11T17:38:41.442745Z", "fetched_at": "2025-07-11T17:39:33.995792+00:00", "symbol": "DOGE-USD"}, {"trade_id": 138562605, "side": "sell", "size": "1366.50000000", "price": "0.20799000", "time": "2025-07-11T17:38:41.442117Z", "fetched_at": "2025-07-11T17:39:33.995792+00:00", "symbol": "DOGE-USD"}, {"trade_id": 138562604, "side": "sell", "size": "254.40000000", "price": "0.20798000", "time": "2025-07-11T17:38:41.438329Z", "fetched_at": "2025-07-11T17:39:33.995792+00:00", "symbol": "DOGE-USD"}, {"trade_id": 138562603, "side": "sell", "size": "437.00000000", "price": "0.20798000", "time": "2025-07-11T17:38:41.438329Z", "fetched_at": "2025-07-11T17:39:33.995792+00:00", "symbol": "DOGE-USD"}, {"trade_id": 138562602, "side": "buy", "size": "336.10000000", "price": "0.20797000", "time": "2025-07-11T17:38:41.286836Z", "fetched_at": "2025-07-11T17:39:33.995792+00:00", "symbol": "DOGE-USD"}, {"trade_id": 138562601, "side": "buy", "size": "336.10000000", "price": "0.20797000", "time": "2025-07-11T17:38:41.286836Z", "fetched_at": "2025-07-11T17:39:33.995792+00:00", "symbol": "DOGE-USD"}, {"trade_id": 138562600, "side": "sell", "size": "254.40000000", "price": "0.20798000", "time": "2025-07-11T17:38:41.260643Z", "fetched_at": "2025-07-11T17:39:33.995792+00:00", "symbol": "DOGE-USD"}, {"trade_id": 138562599, "side": "sell", "size": "9365.20000000", "price": "0.20798000", "time": "2025-07-11T17:38:41.249133Z", "fetched_at": "2025-07-11T17:39:33.995792+00:00", "symbol": "DOGE-USD"}, {"trade_id": 138562598, "side": "sell", "size": "4737.90000000", "price": "0.20797000", "time": "2025-07-11T17:38:41.249133Z", "fetched_at": "2025-07-11T17:39:33.995792+00:00", "symbol": "DOGE-USD"}, {"trade_id": 138562597, "side": "sell", "size": "437.00000000", "price": "0.20797000", "time": "2025-07-11T17:38:41.249133Z", "fetched_at": "2025-07-11T17:39:33.995792+00:00", "symbol": "DOGE-USD"}, {"trade_id": 138562596, "side": "sell", "size": "254.40000000", "price": "0.20791000", "time": "2025-07-11T17:38:41.249133Z", "fetched_at": "2025-07-11T17:39:33.995792+00:00", "symbol": "DOGE-USD"}, {"trade_id": 138562595, "side": "sell", "size": "254.40000000", "price": "0.20797000", "time": "2025-07-11T17:38:41.211662Z", "fetched_at": "2025-07-11T17:39:33.995792+00:00", "symbol": "DOGE-USD"}, {"trade_id": 138562594, "side": "sell", "size": "437.00000000", "price": "0.20797000", "time": "2025-07-11T17:38:41.211662Z", "fetched_at": "2025-07-11T17:39:33.995792+00:00", "symbol": "DOGE-USD"}, {"trade_id": 138562593, "side": "sell", "size": "1154.70000000", "price": "0.20797000", "time": "2025-07-11T17:38:41.169630Z", "fetched_at": "2025-07-11T17:39:33.995792+00:00", "symbol": "DOGE-USD"}, {"trade_id": 138562592, "side": "sell", "size": "2000.00000000", "price": "0.20798000", "time": "2025-07-11T17:38:41.158261Z", "fetched_at": "2025-07-11T17:39:33.995792+00:00", "symbol": "DOGE-USD"}, {"trade_id": 138562591, "side": "sell", "size": "10000.00000000", "price": "0.20797000", "time": "2025-07-11T17:38:41.157496Z", "fetched_at": "2025-07-11T17:39:33.995792+00:00", "symbol": "DOGE-USD"}, {"trade_id": 138562590, "side": "sell", "size": "10000.00000000", "price": "0.20794000", "time": "2025-07-11T17:38:41.148627Z", "fetched_at": "2025-07-11T17:39:33.995792+00:00", "symbol": "DOGE-USD"}, {"trade_id": 138562589, "side": "sell", "size": "207.10000000", "price": "0.20794000", "time": "2025-07-11T17:38:41.148627Z", "fetched_at": "2025-07-11T17:39:33.995792+00:00", "symbol": "DOGE-USD"}, {"trade_id": 138562588, "side": "sell", "size": "655.40000000", "price": "0.20793000", "time": "2025-07-11T17:38:41.148627Z", "fetched_at": "2025-07-11T17:39:33.995792+00:00", "symbol": "DOGE-USD"}, {"trade_id": 138562587, "side": "sell", "size": "437.00000000", "price": "0.20790000", "time": "2025-07-11T17:38:41.141969Z", "fetched_at": "2025-07-11T17:39:33.995792+00:00", "symbol": "DOGE-USD"}, {"trade_id": 138562586, "side": "sell", "size": "254.40000000", "price": "0.20790000", "time": "2025-07-11T17:38:41.141969Z", "fetched_at": "2025-07-11T17:39:33.995792+00:00", "symbol": "DOGE-USD"}, {"trade_id": 138562585, "side": "buy", "size": "11.70000000", "price": "0.20788000", "time": "2025-07-11T17:38:40.864370Z", "fetched_at": "2025-07-11T17:39:33.995792+00:00", "symbol": "DOGE-USD"}, {"trade_id": 138562584, "side": "buy", "size": "7.60000000", "price": "0.20789000", "time": "2025-07-11T17:38:40.864370Z", "fetched_at": "2025-07-11T17:39:33.995792+00:00", "symbol": "DOGE-USD"}, {"trade_id": 138562583, "side": "buy", "size": "3213.80000000", "price": "0.20790000", "time": "2025-07-11T17:38:40.864370Z", "fetched_at": "2025-07-11T17:39:33.995792+00:00", "symbol": "DOGE-USD"}, {"trade_id": 138562582, "side": "buy", "size": "2131.00000000", "price": "0.20790000", "time": "2025-07-11T17:38:40.859903Z", "fetched_at": "2025-07-11T17:39:33.995792+00:00", "symbol": "DOGE-USD"}, {"trade_id": 138562581, "side": "buy", "size": "3213.80000000", "price": "0.20791000", "time": "2025-07-11T17:38:40.859903Z", "fetched_at": "2025-07-11T17:39:33.995792+00:00", "symbol": "DOGE-USD"}, {"trade_id": 138562580, "side": "buy", "size": "110.70000000", "price": "0.20791000", "time": "2025-07-11T17:38:40.859903Z", "fetched_at": "2025-07-11T17:39:33.995792+00:00", "symbol": "DOGE-USD"}, {"trade_id": 138562579, "side": "buy", "size": "8231.80000000", "price": "0.20792000", "time": "2025-07-11T17:38:40.845144Z", "fetched_at": "2025-07-11T17:39:33.995792+00:00", "symbol": "DOGE-USD"}, {"trade_id": 138562578, "side": "buy", "size": "8902.00000000", "price": "0.20792000", "time": "2025-07-11T17:38:40.844600Z", "fetched_at": "2025-07-11T17:39:33.995792+00:00", "symbol": "DOGE-USD"}, {"trade_id": 138562577, "side": "buy", "size": "689.10000000", "price": "0.20793000", "time": "2025-07-11T17:38:40.844600Z", "fetched_at": "2025-07-11T17:39:33.995792+00:00", "symbol": "DOGE-USD"}, {"trade_id": 138562576, "side": "sell", "size": "141.50000000", "price": "0.20794000", "time": "2025-07-11T17:38:40.741725Z", "fetched_at": "2025-07-11T17:39:33.995792+00:00", "symbol": "DOGE-USD"}, {"trade_id": 138562575, "side": "sell", "size": "240.10000000", "price": "0.20793000", "time": "2025-07-11T17:38:40.741725Z", "fetched_at": "2025-07-11T17:39:33.995792+00:00", "symbol": "DOGE-USD"}, {"trade_id": 138562574, "side": "sell", "size": "381.60000000", "price": "0.20793000", "time": "2025-07-11T17:38:40.741007Z", "fetched_at": "2025-07-11T17:39:33.995792+00:00", "symbol": "DOGE-USD"}, {"trade_id": 138562573, "side": "buy", "size": "62500.00000000", "price": "0.20796000", "time": "2025-07-11T17:38:40.733265Z", "fetched_at": "2025-07-11T17:39:33.995792+00:00", "symbol": "DOGE-USD"}, {"trade_id": 138562572, "side": "buy", "size": "850.50000000", "price": "0.20796000", "time": "2025-07-11T17:38:40.733265Z", "fetched_at": "2025-07-11T17:39:33.995792+00:00", "symbol": "DOGE-USD"}, {"trade_id": 138562571, "side": "buy", "size": "5.30000000", "price": "0.20796000", "time": "2025-07-11T17:38:40.733265Z", "fetched_at": "2025-07-11T17:39:33.995792+00:00", "symbol": "DOGE-USD"}, {"trade_id": 138562570, "side": "buy", "size": "5.30000000", "price": "0.20798000", "time": "2025-07-11T17:38:40.733265Z", "fetched_at": "2025-07-11T17:39:33.995792+00:00", "symbol": "DOGE-USD"}, {"trade_id": 138562569, "side": "buy", "size": "358.90000000", "price": "0.20798000", "time": "2025-07-11T17:38:40.733265Z", "fetched_at": "2025-07-11T17:39:33.995792+00:00", "symbol": "DOGE-USD"}, {"trade_id": 138562568, "side": "buy", "size": "11.60000000", "price": "0.20799000", "time": "2025-07-11T17:38:40.733265Z", "fetched_at": "2025-07-11T17:39:33.995792+00:00", "symbol": "DOGE-USD"}, {"trade_id": 138562567, "side": "buy", "size": "393.50000000", "price": "0.20799000", "time": "2025-07-11T17:38:40.733265Z", "fetched_at": "2025-07-11T17:39:33.995792+00:00", "symbol": "DOGE-USD"}, {"trade_id": 138562566, "side": "buy", "size": "39.60000000", "price": "0.20799000", "time": "2025-07-11T17:38:40.733265Z", "fetched_at": "2025-07-11T17:39:33.995792+00:00", "symbol": "DOGE-USD"}, {"trade_id": 138562565, "side": "buy", "size": "250.30000000", "price": "0.20800000", "time": "2025-07-11T17:38:40.733250Z", "fetched_at": "2025-07-11T17:39:33.995792+00:00", "symbol": "DOGE-USD"}, {"trade_id": 138562564, "side": "buy", "size": "636.00000000", "price": "0.20800000", "time": "2025-07-11T17:38:40.733250Z", "fetched_at": "2025-07-11T17:39:33.995792+00:00", "symbol": "DOGE-USD"}, {"trade_id": 138562563, "side": "sell", "size": "337.60000000", "price": "0.20806000", "time": "2025-07-11T17:38:40.479078Z", "fetched_at": "2025-07-11T17:39:33.995792+00:00", "symbol": "DOGE-USD"}, {"trade_id": 138562562, "side": "sell", "size": "254.40000000", "price": "0.20803000", "time": "2025-07-11T17:38:40.428195Z", "fetched_at": "2025-07-11T17:39:33.995792+00:00", "symbol": "DOGE-USD"}, {"trade_id": 138562561, "side": "buy", "size": "5.30000000", "price": "0.20804000", "time": "2025-07-11T17:38:40.378481Z", "fetched_at": "2025-07-11T17:39:33.995792+00:00", "symbol": "DOGE-USD"}, {"trade_id": 138562560, "side": "buy", "size": "13.80000000", "price": "0.20806000", "time": "2025-07-11T17:38:40.378481Z", "fetched_at": "2025-07-11T17:39:33.995792+00:00", "symbol": "DOGE-USD"}, {"trade_id": 138562559, "side": "buy", "size": "159.80000000", "price": "0.20807000", "time": "2025-07-11T17:38:40.378481Z", "fetched_at": "2025-07-11T17:39:33.995792+00:00", "symbol": "DOGE-USD"}, {"trade_id": 138562558, "side": "buy", "size": "5.30000000", "price": "0.20808000", "time": "2025-07-11T17:38:40.378481Z", "fetched_at": "2025-07-11T17:39:33.995792+00:00", "symbol": "DOGE-USD"}, {"trade_id": 138562557, "side": "buy", "size": "80.20000000", "price": "0.20808000", "time": "2025-07-11T17:38:40.378481Z", "fetched_at": "2025-07-11T17:39:33.995792+00:00", "symbol": "DOGE-USD"}, {"trade_id": 138562556, "side": "buy", "size": "1093.20000000", "price": "0.20811000", "time": "2025-07-11T17:38:40.344756Z", "fetched_at": "2025-07-11T17:39:33.995792+00:00", "symbol": "DOGE-USD"}, {"trade_id": 138562555, "side": "buy", "size": "14.60000000", "price": "0.20811000", "time": "2025-07-11T17:38:40.344756Z", "fetched_at": "2025-07-11T17:39:33.995792+00:00", "symbol": "DOGE-USD"}, {"trade_id": 138562554, "side": "buy", "size": "5.30000000", "price": "0.20812000", "time": "2025-07-11T17:38:40.344756Z", "fetched_at": "2025-07-11T17:39:33.995792+00:00", "symbol": "DOGE-USD"}, {"trade_id": 138562553, "side": "buy", "size": "307.50000000", "price": "0.20814000", "time": "2025-07-11T17:38:40.344756Z", "fetched_at": "2025-07-11T17:39:33.995792+00:00", "symbol": "DOGE-USD"}, {"trade_id": 138562552, "side": "buy", "size": "5.30000000", "price": "0.20816000", "time": "2025-07-11T17:38:40.253033Z", "fetched_at": "2025-07-11T17:39:33.995792+00:00", "symbol": "DOGE-USD"}, {"trade_id": 138562551, "side": "buy", "size": "1714.10000000", "price": "0.20819000", "time": "2025-07-11T17:38:40.157986Z", "fetched_at": "2025-07-11T17:39:33.995792+00:00", "symbol": "DOGE-USD"}, {"trade_id": 138562550, "side": "buy", "size": "1714.40000000", "price": "0.20819000", "time": "2025-07-11T17:38:40.157986Z", "fetched_at": "2025-07-11T17:39:33.995792+00:00", "symbol": "DOGE-USD"}, {"trade_id": 138562549, "side": "buy", "size": "235.50000000", "price": "0.20819000", "time": "2025-07-11T17:38:40.157986Z", "fetched_at": "2025-07-11T17:39:33.995792+00:00", "symbol": "DOGE-USD"}, {"trade_id": 138562548, "side": "buy", "size": "60.70000000", "price": "0.20819000", "time": "2025-07-11T17:38:40.157986Z", "fetched_at": "2025-07-11T17:39:33.995792+00:00", "symbol": "DOGE-USD"}, {"trade_id": 138562547, "side": "buy", "size": "36.70000000", "price": "0.20819000", "time": "2025-07-11T17:38:40.157986Z", "fetched_at": "2025-07-11T17:39:33.995792+00:00", "symbol": "DOGE-USD"}, {"trade_id": 138562546, "side": "buy", "size": "2256.80000000", "price": "0.20820000", "time": "2025-07-11T17:38:40.135296Z", "fetched_at": "2025-07-11T17:39:33.995792+00:00", "symbol": "DOGE-USD"}, {"trade_id": 138562545, "side": "buy", "size": "10915.30000000", "price": "0.20820000", "time": "2025-07-11T17:38:40.135296Z", "fetched_at": "2025-07-11T17:39:33.995792+00:00", "symbol": "DOGE-USD"}, {"trade_id": 138562544, "side": "buy", "size": "5.30000000", "price": "0.20820000", "time": "2025-07-11T17:38:40.135296Z", "fetched_at": "2025-07-11T17:39:33.995792+00:00", "symbol": "DOGE-USD"}, {"trade_id": 138562543, "side": "buy", "size": "14.00000000", "price": "0.20821000", "time": "2025-07-11T17:38:40.128566Z", "fetched_at": "2025-07-11T17:39:33.995792+00:00", "symbol": "DOGE-USD"}, {"trade_id": 138562542, "side": "buy", "size": "7161.20000000", "price": "0.20821000", "time": "2025-07-11T17:38:40.128566Z", "fetched_at": "2025-07-11T17:39:33.995792+00:00", "symbol": "DOGE-USD"}, {"trade_id": 138562541, "side": "buy", "size": "1201.70000000", "price": "0.20821000", "time": "2025-07-11T17:38:40.128566Z", "fetched_at": "2025-07-11T17:39:33.995792+00:00", "symbol": "DOGE-USD"}, {"trade_id": 138562540, "side": "buy", "size": "42.60000000", "price": "0.20823000", "time": "2025-07-11T17:38:40.128566Z", "fetched_at": "2025-07-11T17:39:33.995792+00:00", "symbol": "DOGE-USD"}, {"trade_id": 138562539, "side": "buy", "size": "5.30000000", "price": "0.20824000", "time": "2025-07-11T17:38:40.128566Z", "fetched_at": "2025-07-11T17:39:33.995792+00:00", "symbol": "DOGE-USD"}, {"trade_id": 138562538, "side": "buy", "size": "5.30000000", "price": "0.20828000", "time": "2025-07-11T17:38:39.905281Z", "fetched_at": "2025-07-11T17:39:33.995792+00:00", "symbol": "DOGE-USD"}, {"trade_id": 138562537, "side": "buy", "size": "367.70000000", "price": "0.20828000", "time": "2025-07-11T17:38:39.905281Z", "fetched_at": "2025-07-11T17:39:33.995792+00:00", "symbol": "DOGE-USD"}, {"trade_id": 138562536, "side": "buy", "size": "2815.70000000", "price": "0.20830000", "time": "2025-07-11T17:38:39.774866Z", "fetched_at": "2025-07-11T17:39:33.995792+00:00", "symbol": "DOGE-USD"}, {"trade_id": 138562535, "side": "buy", "size": "1689.40000000", "price": "0.20831000", "time": "2025-07-11T17:38:39.771838Z", "fetched_at": "2025-07-11T17:39:33.995792+00:00", "symbol": "DOGE-USD"}, {"trade_id": 138562534, "side": "buy", "size": "18.50000000", "price": "0.20831000", "time": "2025-07-11T17:38:39.771838Z", "fetched_at": "2025-07-11T17:39:33.995792+00:00", "symbol": "DOGE-USD"}, {"trade_id": 138562533, "side": "buy", "size": "5.30000000", "price": "0.20832000", "time": "2025-07-11T17:38:39.771838Z", "fetched_at": "2025-07-11T17:39:33.995792+00:00", "symbol": "DOGE-USD"}, {"trade_id": 138562532, "side": "buy", "size": "433.10000000", "price": "0.20833000", "time": "2025-07-11T17:38:39.741346Z", "fetched_at": "2025-07-11T17:39:33.995792+00:00", "symbol": "DOGE-USD"}, {"trade_id": 138562531, "side": "buy", "size": "20.00000000", "price": "0.20833000", "time": "2025-07-11T17:38:39.741346Z", "fetched_at": "2025-07-11T17:39:33.995792+00:00", "symbol": "DOGE-USD"}, {"trade_id": 138562530, "side": "buy", "size": "110.00000000", "price": "0.20834000", "time": "2025-07-11T17:38:39.741346Z", "fetched_at": "2025-07-11T17:39:33.995792+00:00", "symbol": "DOGE-USD"}, {"trade_id": 138562529, "side": "buy", "size": "8.30000000", "price": "0.20834000", "time": "2025-07-11T17:38:39.741346Z", "fetched_at": "2025-07-11T17:39:33.995792+00:00", "symbol": "DOGE-USD"}, {"trade_id": 138562528, "side": "buy", "size": "5.30000000", "price": "0.20836000", "time": "2025-07-11T17:38:39.222005Z", "fetched_at": "2025-07-11T17:39:33.995792+00:00", "symbol": "DOGE-USD"}, {"trade_id": 138562527, "side": "buy", "size": "302.20000000", "price": "0.20838000", "time": "2025-07-11T17:38:39.043524Z", "fetched_at": "2025-07-11T17:39:33.995792+00:00", "symbol": "DOGE-USD"}, {"trade_id": 138562526, "side": "buy", "size": "5.30000000", "price": "0.20840000", "time": "2025-07-11T17:38:39.043524Z", "fetched_at": "2025-07-11T17:39:33.995792+00:00", "symbol": "DOGE-USD"}, {"trade_id": 138562525, "side": "buy", "size": "5.30000000", "price": "0.20844000", "time": "2025-07-11T17:38:38.213165Z", "fetched_at": "2025-07-11T17:39:33.995792+00:00", "symbol": "DOGE-USD"}, {"trade_id": 138562524, "side": "buy", "size": "210.70000000", "price": "0.20845000", "time": "2025-07-11T17:38:38.185705Z", "fetched_at": "2025-07-11T17:39:33.995792+00:00", "symbol": "DOGE-USD"}, {"trade_id": 138562523, "side": "buy", "size": "1531.60000000", "price": "0.20853000", "time": "2025-07-11T17:38:36.106530Z", "fetched_at": "2025-07-11T17:39:33.995792+00:00", "symbol": "DOGE-USD"}, {"trade_id": 138562522, "side": "buy", "size": "1465.70000000", "price": "0.20853000", "time": "2025-07-11T17:38:36.106530Z", "fetched_at": "2025-07-11T17:39:33.995792+00:00", "symbol": "DOGE-USD"}, {"trade_id": 138562521, "side": "buy", "size": "315.80000000", "price": "0.20857000", "time": "2025-07-11T17:38:36.106530Z", "fetched_at": "2025-07-11T17:39:33.995792+00:00", "symbol": "DOGE-USD"}, {"trade_id": 138562520, "side": "buy", "size": "1089.40000000", "price": "0.20849000", "time": "2025-07-11T17:38:35.571482Z", "fetched_at": "2025-07-11T17:39:33.995792+00:00", "symbol": "DOGE-USD"}, {"trade_id": 138562519, "side": "buy", "size": "436.60000000", "price": "0.20849000", "time": "2025-07-11T17:38:35.571482Z", "fetched_at": "2025-07-11T17:39:33.995792+00:00", "symbol": "DOGE-USD"}, {"trade_id": 138562518, "side": "buy", "size": "245.50000000", "price": "0.20849000", "time": "2025-07-11T17:38:35.571482Z", "fetched_at": "2025-07-11T17:39:33.995792+00:00", "symbol": "DOGE-USD"}, {"trade_id": 138562517, "side": "buy", "size": "252.10000000", "price": "0.20854000", "time": "2025-07-11T17:38:35.422841Z", "fetched_at": "2025-07-11T17:39:33.995792+00:00", "symbol": "DOGE-USD"}, {"trade_id": 138562516, "side": "sell", "size": "1800.00000000", "price": "0.20854000", "time": "2025-07-11T17:38:35.417149Z", "fetched_at": "2025-07-11T17:39:33.995792+00:00", "symbol": "DOGE-USD"}, {"trade_id": 138562515, "side": "sell", "size": "6500.90000000", "price": "0.20856000", "time": "2025-07-11T17:38:35.413303Z", "fetched_at": "2025-07-11T17:39:33.995792+00:00", "symbol": "DOGE-USD"}, {"trade_id": 138562514, "side": "sell", "size": "73499.10000000", "price": "0.20856000", "time": "2025-07-11T17:38:35.413097Z", "fetched_at": "2025-07-11T17:39:33.995792+00:00", "symbol": "DOGE-USD"}, {"trade_id": 138562513, "side": "sell", "size": "10928.20000000", "price": "0.20856000", "time": "2025-07-11T17:38:35.413097Z", "fetched_at": "2025-07-11T17:39:33.995792+00:00", "symbol": "DOGE-USD"}, {"trade_id": 138562512, "side": "sell", "size": "15138.30000000", "price": "0.20855000", "time": "2025-07-11T17:38:35.413097Z", "fetched_at": "2025-07-11T17:39:33.995792+00:00", "symbol": "DOGE-USD"}, {"trade_id": 138562511, "side": "sell", "size": "5103.10000000", "price": "0.20855000", "time": "2025-07-11T17:38:35.412993Z", "fetched_at": "2025-07-11T17:39:33.995792+00:00", "symbol": "DOGE-USD"}, {"trade_id": 138562510, "side": "sell", "size": "33098.30000000", "price": "0.20855000", "time": "2025-07-11T17:38:35.412993Z", "fetched_at": "2025-07-11T17:39:33.995792+00:00", "symbol": "DOGE-USD"}, {"trade_id": 138562509, "side": "sell", "size": "3000.00000000", "price": "0.20855000", "time": "2025-07-11T17:38:35.412993Z", "fetched_at": "2025-07-11T17:39:33.995792+00:00", "symbol": "DOGE-USD"}, {"trade_id": 138562508, "side": "sell", "size": "2638.30000000", "price": "0.20854000", "time": "2025-07-11T17:38:35.412993Z", "fetched_at": "2025-07-11T17:39:33.995792+00:00", "symbol": "DOGE-USD"}, {"trade_id": 138562507, "side": "sell", "size": "2500.00000000", "price": "0.20854000", "time": "2025-07-11T17:38:35.412993Z", "fetched_at": "2025-07-11T17:39:33.995792+00:00", "symbol": "DOGE-USD"}, {"trade_id": 138562506, "side": "sell", "size": "10000.00000000", "price": "0.20854000", "time": "2025-07-11T17:38:35.412993Z", "fetched_at": "2025-07-11T17:39:33.995792+00:00", "symbol": "DOGE-USD"}, {"trade_id": 138562505, "side": "sell", "size": "2000.00000000", "price": "0.20853000", "time": "2025-07-11T17:38:35.412592Z", "fetched_at": "2025-07-11T17:39:33.995792+00:00", "symbol": "DOGE-USD"}, {"trade_id": 138562504, "side": "sell", "size": "3669.30000000", "price": "0.20853000", "time": "2025-07-11T17:38:35.412592Z", "fetched_at": "2025-07-11T17:39:33.995792+00:00", "symbol": "DOGE-USD"}, {"trade_id": 138562503, "side": "sell", "size": "6000.00000000", "price": "0.20853000", "time": "2025-07-11T17:38:35.412592Z", "fetched_at": "2025-07-11T17:39:33.995792+00:00", "symbol": "DOGE-USD"}, {"trade_id": 138562502, "side": "sell", "size": "2000.00000000", "price": "0.20852000", "time": "2025-07-11T17:38:35.412592Z", "fetched_at": "2025-07-11T17:39:33.995792+00:00", "symbol": "DOGE-USD"}, {"trade_id": 138562501, "side": "sell", "size": "4737.90000000", "price": "0.20851000", "time": "2025-07-11T17:38:35.412495Z", "fetched_at": "2025-07-11T17:39:33.995792+00:00", "symbol": "DOGE-USD"}, {"trade_id": 138562500, "side": "sell", "size": "5.80000000", "price": "0.20850000", "time": "2025-07-11T17:38:35.412495Z", "fetched_at": "2025-07-11T17:39:33.995792+00:00", "symbol": "DOGE-USD"}, {"trade_id": 138562499, "side": "buy", "size": "99.90000000", "price": "0.20849000", "time": "2025-07-11T17:38:35.245971Z", "fetched_at": "2025-07-11T17:39:33.995792+00:00", "symbol": "DOGE-USD"}, {"trade_id": 138562498, "side": "buy", "size": "5.30000000", "price": "0.20848000", "time": "2025-07-11T17:38:34.145144Z", "fetched_at": "2025-07-11T17:39:33.995792+00:00", "symbol": "DOGE-USD"}, {"trade_id": 138562497, "side": "buy", "size": "5.30000000", "price": "0.20850000", "time": "2025-07-11T17:38:34.136441Z", "fetched_at": "2025-07-11T17:39:33.995792+00:00", "symbol": "DOGE-USD"}, {"trade_id": 138562496, "side": "buy", "size": "5.30000000", "price": "0.20852000", "time": "2025-07-11T17:38:33.695757Z", "fetched_at": "2025-07-11T17:39:33.995792+00:00", "symbol": "DOGE-USD"}, {"trade_id": 138562495, "side": "buy", "size": "5.30000000", "price": "0.20854000", "time": "2025-07-11T17:38:33.649504Z", "fetched_at": "2025-07-11T17:39:33.995792+00:00", "symbol": "DOGE-USD"}, {"trade_id": 138562494, "side": "buy", "size": "198.10000000", "price": "0.20854000", "time": "2025-07-11T17:38:33.649504Z", "fetched_at": "2025-07-11T17:39:33.995792+00:00", "symbol": "DOGE-USD"}, {"trade_id": 138562493, "side": "buy", "size": "5.30000000", "price": "0.20856000", "time": "2025-07-11T17:38:33.649504Z", "fetched_at": "2025-07-11T17:39:33.995792+00:00", "symbol": "DOGE-USD"}, {"trade_id": 138562492, "side": "sell", "size": "30.20000000", "price": "0.20857000", "time": "2025-07-11T17:38:32.851825Z", "fetched_at": "2025-07-11T17:39:33.995792+00:00", "symbol": "DOGE-USD"}, {"trade_id": 138562491, "side": "sell", "size": "254.40000000", "price": "0.20857000", "time": "2025-07-11T17:38:32.851825Z", "fetched_at": "2025-07-11T17:39:33.995792+00:00", "symbol": "DOGE-USD"}, {"trade_id": 138562490, "side": "buy", "size": "249.20000000", "price": "0.20861000", "time": "2025-07-11T17:38:32.643405Z", "fetched_at": "2025-07-11T17:39:33.995792+00:00", "symbol": "DOGE-USD"}, {"trade_id": 138562489, "side": "sell", "size": "9586.90000000", "price": "0.20863000", "time": "2025-07-11T17:38:32.076104Z", "fetched_at": "2025-07-11T17:39:33.995792+00:00", "symbol": "DOGE-USD"}, {"trade_id": 138562488, "side": "sell", "size": "13.40000000", "price": "0.20862000", "time": "2025-07-11T17:38:32.076104Z", "fetched_at": "2025-07-11T17:39:33.995792+00:00", "symbol": "DOGE-USD"}, {"trade_id": 138562487, "side": "buy", "size": "248.40000000", "price": "0.20871000", "time": "2025-07-11T17:38:31.003309Z", "fetched_at": "2025-07-11T17:39:33.995792+00:00", "symbol": "DOGE-USD"}, {"trade_id": 138562486, "side": "buy", "size": "245.50000000", "price": "0.20871000", "time": "2025-07-11T17:38:31.003309Z", "fetched_at": "2025-07-11T17:39:33.995792+00:00", "symbol": "DOGE-USD"}, {"trade_id": 138562485, "side": "sell", "size": "5.30000000", "price": "0.20870000", "time": "2025-07-11T17:38:30.289418Z", "fetched_at": "2025-07-11T17:39:33.995792+00:00", "symbol": "DOGE-USD"}, {"trade_id": 138562484, "side": "sell", "size": "15.40000000", "price": "0.20868000", "time": "2025-07-11T17:38:30.212014Z", "fetched_at": "2025-07-11T17:39:33.995792+00:00", "symbol": "DOGE-USD"}, {"trade_id": 138562483, "side": "sell", "size": "5.30000000", "price": "0.20868000", "time": "2025-07-11T17:38:30.212014Z", "fetched_at": "2025-07-11T17:39:33.995792+00:00", "symbol": "DOGE-USD"}, {"trade_id": 138562482, "side": "sell", "size": "3000.00000000", "price": "0.20863000", "time": "2025-07-11T17:38:29.979842Z", "fetched_at": "2025-07-11T17:39:33.995792+00:00", "symbol": "DOGE-USD"}, {"trade_id": 138562481, "side": "buy", "size": "1224.30000000", "price": "0.20864000", "time": "2025-07-11T17:38:29.953960Z", "fetched_at": "2025-07-11T17:39:33.995792+00:00", "symbol": "DOGE-USD"}, {"trade_id": 138562480, "side": "buy", "size": "1004.50000000", "price": "0.20865000", "time": "2025-07-11T17:38:29.906832Z", "fetched_at": "2025-07-11T17:39:33.995792+00:00", "symbol": "DOGE-USD"}, {"trade_id": 138562479, "side": "sell", "size": "5.30000000", "price": "0.20864000", "time": "2025-07-11T17:38:28.938889Z", "fetched_at": "2025-07-11T17:39:33.995792+00:00", "symbol": "DOGE-USD"}, {"trade_id": 138562478, "side": "buy", "size": "245.50000000", "price": "0.20862000", "time": "2025-07-11T17:38:28.704680Z", "fetched_at": "2025-07-11T17:39:33.995792+00:00", "symbol": "DOGE-USD"}, {"trade_id": 138562477, "side": "sell", "size": "3000.00000000", "price": "0.20858000", "time": "2025-07-11T17:38:28.686750Z", "fetched_at": "2025-07-11T17:39:33.995792+00:00", "symbol": "DOGE-USD"}, {"trade_id": 138562476, "side": "sell", "size": "153.70000000", "price": "0.20857000", "time": "2025-07-11T17:38:28.686750Z", "fetched_at": "2025-07-11T17:39:33.995792+00:00", "symbol": "DOGE-USD"}, {"trade_id": 138562475, "side": "buy", "size": "12.30000000", "price": "0.20858000", "time": "2025-07-11T17:38:27.781031Z", "fetched_at": "2025-07-11T17:39:33.995792+00:00", "symbol": "DOGE-USD"}, {"trade_id": 138562474, "side": "sell", "size": "10000.00000000", "price": "0.20855000", "time": "2025-07-11T17:38:26.997923Z", "fetched_at": "2025-07-11T17:39:33.995792+00:00", "symbol": "DOGE-USD"}, {"trade_id": 138562473, "side": "sell", "size": "1151.70000000", "price": "0.20853000", "time": "2025-07-11T17:38:26.997923Z", "fetched_at": "2025-07-11T17:39:33.995792+00:00", "symbol": "DOGE-USD"}, {"trade_id": 138562472, "side": "sell", "size": "186.60000000", "price": "0.20853000", "time": "2025-07-11T17:38:26.997923Z", "fetched_at": "2025-07-11T17:39:33.995792+00:00", "symbol": "DOGE-USD"}, {"trade_id": 138562471, "side": "sell", "size": "3000.00000000", "price": "0.20850000", "time": "2025-07-11T17:38:26.578055Z", "fetched_at": "2025-07-11T17:39:33.995792+00:00", "symbol": "DOGE-USD"}, {"trade_id": 138562470, "side": "sell", "size": "9594.70000000", "price": "0.20848000", "time": "2025-07-11T17:38:26.576023Z", "fetched_at": "2025-07-11T17:39:33.995792+00:00", "symbol": "DOGE-USD"}, {"trade_id": 138562469, "side": "sell", "size": "155.90000000", "price": "0.20847000", "time": "2025-07-11T17:38:26.576023Z", "fetched_at": "2025-07-11T17:39:33.995792+00:00", "symbol": "DOGE-USD"}, {"trade_id": 138562468, "side": "buy", "size": "354.30000000", "price": "0.20846000", "time": "2025-07-11T17:38:26.219828Z", "fetched_at": "2025-07-11T17:39:33.995792+00:00", "symbol": "DOGE-USD"}, {"trade_id": 138562467, "side": "buy", "size": "436.70000000", "price": "0.20846000", "time": "2025-07-11T17:38:26.219828Z", "fetched_at": "2025-07-11T17:39:33.995792+00:00", "symbol": "DOGE-USD"}, {"trade_id": 138562466, "side": "buy", "size": "1373.20000000", "price": "0.20847000", "time": "2025-07-11T17:38:26.219828Z", "fetched_at": "2025-07-11T17:39:33.995792+00:00", "symbol": "DOGE-USD"}, {"trade_id": 138562465, "side": "buy", "size": "297.20000000", "price": "0.20848000", "time": "2025-07-11T17:38:26.219828Z", "fetched_at": "2025-07-11T17:39:33.995792+00:00", "symbol": "DOGE-USD"}, {"trade_id": 138562464, "side": "sell", "size": "2000.00000000", "price": "0.20850000", "time": "2025-07-11T17:38:25.716201Z", "fetched_at": "2025-07-11T17:39:33.995792+00:00", "symbol": "DOGE-USD"}