[{"trade_id": 138520806, "side": "buy", "size": "48.40000000", "price": "0.20701000", "time": "2025-07-11T15:39:31.090397Z", "fetched_at": "2025-07-11T15:39:34.964678+00:00", "symbol": "DOGE-USD"}, {"trade_id": 138520805, "side": "buy", "size": "287.30000000", "price": "0.20702000", "time": "2025-07-11T15:39:31.090397Z", "fetched_at": "2025-07-11T15:39:34.964678+00:00", "symbol": "DOGE-USD"}, {"trade_id": 138520804, "side": "sell", "size": "6222.60000000", "price": "0.20694000", "time": "2025-07-11T15:39:30.301370Z", "fetched_at": "2025-07-11T15:39:34.964678+00:00", "symbol": "DOGE-USD"}, {"trade_id": 138520803, "side": "sell", "size": "6000.00000000", "price": "0.20693000", "time": "2025-07-11T15:39:30.301370Z", "fetched_at": "2025-07-11T15:39:34.964678+00:00", "symbol": "DOGE-USD"}, {"trade_id": 138520802, "side": "sell", "size": "1362.80000000", "price": "0.20693000", "time": "2025-07-11T15:39:30.301370Z", "fetched_at": "2025-07-11T15:39:34.964678+00:00", "symbol": "DOGE-USD"}, {"trade_id": 138520801, "side": "sell", "size": "1351.00000000", "price": "0.20692000", "time": "2025-07-11T15:39:30.301370Z", "fetched_at": "2025-07-11T15:39:34.964678+00:00", "symbol": "DOGE-USD"}, {"trade_id": 138520800, "side": "sell", "size": "9.30000000", "price": "0.20691000", "time": "2025-07-11T15:39:30.301370Z", "fetched_at": "2025-07-11T15:39:34.964678+00:00", "symbol": "DOGE-USD"}, {"trade_id": 138520799, "side": "sell", "size": "13.90000000", "price": "0.20694000", "time": "2025-07-11T15:39:30.122026Z", "fetched_at": "2025-07-11T15:39:34.964678+00:00", "symbol": "DOGE-USD"}, {"trade_id": 138520798, "side": "sell", "size": "10.00000000", "price": "0.20692000", "time": "2025-07-11T15:39:30.122026Z", "fetched_at": "2025-07-11T15:39:34.964678+00:00", "symbol": "DOGE-USD"}, {"trade_id": 138520797, "side": "buy", "size": "1326.00000000", "price": "0.20690000", "time": "2025-07-11T15:39:29.785795Z", "fetched_at": "2025-07-11T15:39:34.964678+00:00", "symbol": "DOGE-USD"}, {"trade_id": 138520796, "side": "buy", "size": "5.40000000", "price": "0.20692000", "time": "2025-07-11T15:39:29.785795Z", "fetched_at": "2025-07-11T15:39:34.964678+00:00", "symbol": "DOGE-USD"}, {"trade_id": 138520795, "side": "buy", "size": "1294.80000000", "price": "0.20693000", "time": "2025-07-11T15:39:29.639113Z", "fetched_at": "2025-07-11T15:39:34.964678+00:00", "symbol": "DOGE-USD"}, {"trade_id": 138520794, "side": "buy", "size": "5.40000000", "price": "0.20694000", "time": "2025-07-11T15:39:29.639113Z", "fetched_at": "2025-07-11T15:39:34.964678+00:00", "symbol": "DOGE-USD"}, {"trade_id": 138520793, "side": "buy", "size": "173.90000000", "price": "0.20695000", "time": "2025-07-11T15:39:29.231405Z", "fetched_at": "2025-07-11T15:39:34.964678+00:00", "symbol": "DOGE-USD"}, {"trade_id": 138520792, "side": "buy", "size": "431.10000000", "price": "0.20696000", "time": "2025-07-11T15:39:29.013068Z", "fetched_at": "2025-07-11T15:39:34.964678+00:00", "symbol": "DOGE-USD"}, {"trade_id": 138520791, "side": "buy", "size": "5.40000000", "price": "0.20696000", "time": "2025-07-11T15:39:29.013068Z", "fetched_at": "2025-07-11T15:39:34.964678+00:00", "symbol": "DOGE-USD"}, {"trade_id": 138520790, "side": "buy", "size": "5.40000000", "price": "0.20700000", "time": "2025-07-11T15:39:28.175180Z", "fetched_at": "2025-07-11T15:39:34.964678+00:00", "symbol": "DOGE-USD"}, {"trade_id": 138520789, "side": "buy", "size": "35.10000000", "price": "0.20704000", "time": "2025-07-11T15:39:27.935018Z", "fetched_at": "2025-07-11T15:39:34.964678+00:00", "symbol": "DOGE-USD"}, {"trade_id": 138520788, "side": "buy", "size": "5.40000000", "price": "0.20706000", "time": "2025-07-11T15:39:27.800199Z", "fetched_at": "2025-07-11T15:39:34.964678+00:00", "symbol": "DOGE-USD"}, {"trade_id": 138520787, "side": "buy", "size": "184.40000000", "price": "0.20707000", "time": "2025-07-11T15:39:27.720007Z", "fetched_at": "2025-07-11T15:39:34.964678+00:00", "symbol": "DOGE-USD"}, {"trade_id": 138520786, "side": "buy", "size": "326.50000000", "price": "0.20711000", "time": "2025-07-11T15:39:27.616870Z", "fetched_at": "2025-07-11T15:39:34.964678+00:00", "symbol": "DOGE-USD"}, {"trade_id": 138520785, "side": "sell", "size": "5.40000000", "price": "0.20716000", "time": "2025-07-11T15:39:26.446145Z", "fetched_at": "2025-07-11T15:39:34.964678+00:00", "symbol": "DOGE-USD"}, {"trade_id": 138520784, "side": "sell", "size": "48.30000000", "price": "0.20715000", "time": "2025-07-11T15:39:26.446145Z", "fetched_at": "2025-07-11T15:39:34.964678+00:00", "symbol": "DOGE-USD"}, {"trade_id": 138520783, "side": "sell", "size": "5.40000000", "price": "0.20712000", "time": "2025-07-11T15:39:26.428720Z", "fetched_at": "2025-07-11T15:39:34.964678+00:00", "symbol": "DOGE-USD"}, {"trade_id": 138520782, "side": "buy", "size": "767.30000000", "price": "0.20711000", "time": "2025-07-11T15:39:25.696457Z", "fetched_at": "2025-07-11T15:39:34.964678+00:00", "symbol": "DOGE-USD"}, {"trade_id": 138520781, "side": "buy", "size": "326.40000000", "price": "0.20711000", "time": "2025-07-11T15:39:25.696457Z", "fetched_at": "2025-07-11T15:39:34.964678+00:00", "symbol": "DOGE-USD"}, {"trade_id": 138520780, "side": "buy", "size": "326.50000000", "price": "0.20711000", "time": "2025-07-11T15:39:25.696457Z", "fetched_at": "2025-07-11T15:39:34.964678+00:00", "symbol": "DOGE-USD"}, {"trade_id": 138520779, "side": "sell", "size": "48.30000000", "price": "0.20708000", "time": "2025-07-11T15:39:25.579650Z", "fetched_at": "2025-07-11T15:39:34.964678+00:00", "symbol": "DOGE-USD"}, {"trade_id": 138520778, "side": "buy", "size": "4.70000000", "price": "0.20704000", "time": "2025-07-11T15:39:23.711860Z", "fetched_at": "2025-07-11T15:39:34.964678+00:00", "symbol": "DOGE-USD"}, {"trade_id": 138520777, "side": "sell", "size": "2842.70000000", "price": "0.20702000", "time": "2025-07-11T15:39:23.448426Z", "fetched_at": "2025-07-11T15:39:34.964678+00:00", "symbol": "DOGE-USD"}, {"trade_id": 138520776, "side": "sell", "size": "48.40000000", "price": "0.20699000", "time": "2025-07-11T15:39:23.446571Z", "fetched_at": "2025-07-11T15:39:34.964678+00:00", "symbol": "DOGE-USD"}, {"trade_id": 138520775, "side": "buy", "size": "5.40000000", "price": "0.20698000", "time": "2025-07-11T15:39:22.881929Z", "fetched_at": "2025-07-11T15:39:34.964678+00:00", "symbol": "DOGE-USD"}, {"trade_id": 138520774, "side": "buy", "size": "276.70000000", "price": "0.20700000", "time": "2025-07-11T15:39:22.649939Z", "fetched_at": "2025-07-11T15:39:34.964678+00:00", "symbol": "DOGE-USD"}, {"trade_id": 138520773, "side": "buy", "size": "5.40000000", "price": "0.20700000", "time": "2025-07-11T15:39:22.649939Z", "fetched_at": "2025-07-11T15:39:34.964678+00:00", "symbol": "DOGE-USD"}, {"trade_id": 138520772, "side": "buy", "size": "57.70000000", "price": "0.20702000", "time": "2025-07-11T15:39:21.599506Z", "fetched_at": "2025-07-11T15:39:34.964678+00:00", "symbol": "DOGE-USD"}, {"trade_id": 138520771, "side": "buy", "size": "2152.10000000", "price": "0.20702000", "time": "2025-07-11T15:39:19.574661Z", "fetched_at": "2025-07-11T15:39:34.964678+00:00", "symbol": "DOGE-USD"}, {"trade_id": 138520770, "side": "buy", "size": "4216.80000000", "price": "0.20703000", "time": "2025-07-11T15:39:19.574661Z", "fetched_at": "2025-07-11T15:39:34.964678+00:00", "symbol": "DOGE-USD"}, {"trade_id": 138520769, "side": "buy", "size": "1221.70000000", "price": "0.20704000", "time": "2025-07-11T15:39:19.574661Z", "fetched_at": "2025-07-11T15:39:34.964678+00:00", "symbol": "DOGE-USD"}, {"trade_id": 138520768, "side": "buy", "size": "2124.90000000", "price": "0.20704000", "time": "2025-07-11T15:39:19.574661Z", "fetched_at": "2025-07-11T15:39:34.964678+00:00", "symbol": "DOGE-USD"}, {"trade_id": 138520767, "side": "buy", "size": "2135.90000000", "price": "0.20704000", "time": "2025-07-11T15:39:19.574661Z", "fetched_at": "2025-07-11T15:39:34.964678+00:00", "symbol": "DOGE-USD"}, {"trade_id": 138520766, "side": "buy", "size": "1088.10000000", "price": "0.20704000", "time": "2025-07-11T15:39:19.574661Z", "fetched_at": "2025-07-11T15:39:34.964678+00:00", "symbol": "DOGE-USD"}, {"trade_id": 138520765, "side": "buy", "size": "4217.50000000", "price": "0.20704000", "time": "2025-07-11T15:39:19.574661Z", "fetched_at": "2025-07-11T15:39:34.964678+00:00", "symbol": "DOGE-USD"}, {"trade_id": 138520764, "side": "buy", "size": "1281.80000000", "price": "0.20704000", "time": "2025-07-11T15:39:19.574661Z", "fetched_at": "2025-07-11T15:39:34.964678+00:00", "symbol": "DOGE-USD"}, {"trade_id": 138520763, "side": "buy", "size": "2240.20000000", "price": "0.20705000", "time": "2025-07-11T15:39:19.574661Z", "fetched_at": "2025-07-11T15:39:34.964678+00:00", "symbol": "DOGE-USD"}, {"trade_id": 138520762, "side": "buy", "size": "2530.50000000", "price": "0.20705000", "time": "2025-07-11T15:39:19.574661Z", "fetched_at": "2025-07-11T15:39:34.964678+00:00", "symbol": "DOGE-USD"}, {"trade_id": 138520761, "side": "buy", "size": "48.30000000", "price": "0.20706000", "time": "2025-07-11T15:39:19.574661Z", "fetched_at": "2025-07-11T15:39:34.964678+00:00", "symbol": "DOGE-USD"}, {"trade_id": 138520760, "side": "buy", "size": "1332.00000000", "price": "0.20708000", "time": "2025-07-11T15:39:19.574661Z", "fetched_at": "2025-07-11T15:39:34.964678+00:00", "symbol": "DOGE-USD"}, {"trade_id": 138520759, "side": "buy", "size": "1219.70000000", "price": "0.20708000", "time": "2025-07-11T15:39:19.574661Z", "fetched_at": "2025-07-11T15:39:34.964678+00:00", "symbol": "DOGE-USD"}, {"trade_id": 138520758, "side": "buy", "size": "183.00000000", "price": "0.20709000", "time": "2025-07-11T15:39:19.574661Z", "fetched_at": "2025-07-11T15:39:34.964678+00:00", "symbol": "DOGE-USD"}, {"trade_id": 138520757, "side": "buy", "size": "57.60000000", "price": "0.20709000", "time": "2025-07-11T15:39:19.574661Z", "fetched_at": "2025-07-11T15:39:34.964678+00:00", "symbol": "DOGE-USD"}, {"trade_id": 138520756, "side": "buy", "size": "127.10000000", "price": "0.20716000", "time": "2025-07-11T15:39:18.887866Z", "fetched_at": "2025-07-11T15:39:34.964678+00:00", "symbol": "DOGE-USD"}, {"trade_id": 138520755, "side": "buy", "size": "245.50000000", "price": "0.20717000", "time": "2025-07-11T15:39:18.887866Z", "fetched_at": "2025-07-11T15:39:34.964678+00:00", "symbol": "DOGE-USD"}, {"trade_id": 138520754, "side": "sell", "size": "2272.00000000", "price": "0.20716000", "time": "2025-07-11T15:39:18.882472Z", "fetched_at": "2025-07-11T15:39:34.964678+00:00", "symbol": "DOGE-USD"}, {"trade_id": 138520753, "side": "sell", "size": "7728.00000000", "price": "0.20716000", "time": "2025-07-11T15:39:18.881667Z", "fetched_at": "2025-07-11T15:39:34.964678+00:00", "symbol": "DOGE-USD"}, {"trade_id": 138520752, "side": "sell", "size": "5.40000000", "price": "0.20716000", "time": "2025-07-11T15:39:18.881667Z", "fetched_at": "2025-07-11T15:39:34.964678+00:00", "symbol": "DOGE-USD"}, {"trade_id": 138520751, "side": "sell", "size": "1935.90000000", "price": "0.20715000", "time": "2025-07-11T15:39:18.881231Z", "fetched_at": "2025-07-11T15:39:34.964678+00:00", "symbol": "DOGE-USD"}, {"trade_id": 138520750, "side": "sell", "size": "4915.60000000", "price": "0.20715000", "time": "2025-07-11T15:39:18.880833Z", "fetched_at": "2025-07-11T15:39:34.964678+00:00", "symbol": "DOGE-USD"}, {"trade_id": 138520749, "side": "sell", "size": "850.50000000", "price": "0.20715000", "time": "2025-07-11T15:39:18.880833Z", "fetched_at": "2025-07-11T15:39:34.964678+00:00", "symbol": "DOGE-USD"}, {"trade_id": 138520748, "side": "sell", "size": "4737.90000000", "price": "0.20713000", "time": "2025-07-11T15:39:18.880487Z", "fetched_at": "2025-07-11T15:39:34.964678+00:00", "symbol": "DOGE-USD"}, {"trade_id": 138520747, "side": "sell", "size": "2871.70000000", "price": "0.20712000", "time": "2025-07-11T15:39:18.879578Z", "fetched_at": "2025-07-11T15:39:34.964678+00:00", "symbol": "DOGE-USD"}, {"trade_id": 138520746, "side": "sell", "size": "48.30000000", "price": "0.20711000", "time": "2025-07-11T15:39:18.879578Z", "fetched_at": "2025-07-11T15:39:34.964678+00:00", "symbol": "DOGE-USD"}, {"trade_id": 138520745, "side": "sell", "size": "182.10000000", "price": "0.20711000", "time": "2025-07-11T15:39:18.438975Z", "fetched_at": "2025-07-11T15:39:34.964678+00:00", "symbol": "DOGE-USD"}, {"trade_id": 138520744, "side": "sell", "size": "46.50000000", "price": "0.20710000", "time": "2025-07-11T15:39:18.438975Z", "fetched_at": "2025-07-11T15:39:34.964678+00:00", "symbol": "DOGE-USD"}, {"trade_id": 138520743, "side": "sell", "size": "2000.00000000", "price": "0.20704000", "time": "2025-07-11T15:39:17.602085Z", "fetched_at": "2025-07-11T15:39:34.964678+00:00", "symbol": "DOGE-USD"}, {"trade_id": 138520742, "side": "sell", "size": "46.00000000", "price": "0.20703000", "time": "2025-07-11T15:39:17.602085Z", "fetched_at": "2025-07-11T15:39:34.964678+00:00", "symbol": "DOGE-USD"}, {"trade_id": 138520741, "side": "buy", "size": "86.50000000", "price": "0.20704000", "time": "2025-07-11T15:39:17.325133Z", "fetched_at": "2025-07-11T15:39:34.964678+00:00", "symbol": "DOGE-USD"}, {"trade_id": 138520740, "side": "buy", "size": "5.40000000", "price": "0.20704000", "time": "2025-07-11T15:39:17.325133Z", "fetched_at": "2025-07-11T15:39:34.964678+00:00", "symbol": "DOGE-USD"}, {"trade_id": 138520739, "side": "buy", "size": "5.40000000", "price": "0.20708000", "time": "2025-07-11T15:39:16.151081Z", "fetched_at": "2025-07-11T15:39:34.964678+00:00", "symbol": "DOGE-USD"}, {"trade_id": 138520738, "side": "buy", "size": "5.40000000", "price": "0.20710000", "time": "2025-07-11T15:39:16.151081Z", "fetched_at": "2025-07-11T15:39:34.964678+00:00", "symbol": "DOGE-USD"}, {"trade_id": 138520737, "side": "buy", "size": "720.20000000", "price": "0.20712000", "time": "2025-07-11T15:39:15.752864Z", "fetched_at": "2025-07-11T15:39:34.964678+00:00", "symbol": "DOGE-USD"}, {"trade_id": 138520736, "side": "buy", "size": "5.40000000", "price": "0.20712000", "time": "2025-07-11T15:39:15.752864Z", "fetched_at": "2025-07-11T15:39:34.964678+00:00", "symbol": "DOGE-USD"}, {"trade_id": 138520735, "side": "buy", "size": "5.40000000", "price": "0.20714000", "time": "2025-07-11T15:39:15.752864Z", "fetched_at": "2025-07-11T15:39:34.964678+00:00", "symbol": "DOGE-USD"}, {"trade_id": 138520734, "side": "buy", "size": "5.40000000", "price": "0.20716000", "time": "2025-07-11T15:39:15.727285Z", "fetched_at": "2025-07-11T15:39:34.964678+00:00", "symbol": "DOGE-USD"}, {"trade_id": 138520733, "side": "buy", "size": "784.30000000", "price": "0.20717000", "time": "2025-07-11T15:39:15.512261Z", "fetched_at": "2025-07-11T15:39:34.964678+00:00", "symbol": "DOGE-USD"}, {"trade_id": 138520732, "side": "buy", "size": "5.40000000", "price": "0.20718000", "time": "2025-07-11T15:39:15.512261Z", "fetched_at": "2025-07-11T15:39:34.964678+00:00", "symbol": "DOGE-USD"}, {"trade_id": 138520731, "side": "buy", "size": "5.40000000", "price": "0.20720000", "time": "2025-07-11T15:39:15.316083Z", "fetched_at": "2025-07-11T15:39:34.964678+00:00", "symbol": "DOGE-USD"}, {"trade_id": 138520730, "side": "buy", "size": "355.30000000", "price": "0.20721000", "time": "2025-07-11T15:39:15.190239Z", "fetched_at": "2025-07-11T15:39:34.964678+00:00", "symbol": "DOGE-USD"}, {"trade_id": 138520729, "side": "buy", "size": "5.40000000", "price": "0.20724000", "time": "2025-07-11T15:39:14.730886Z", "fetched_at": "2025-07-11T15:39:34.964678+00:00", "symbol": "DOGE-USD"}, {"trade_id": 138520728, "side": "buy", "size": "156.40000000", "price": "0.20731000", "time": "2025-07-11T15:39:14.046799Z", "fetched_at": "2025-07-11T15:39:34.964678+00:00", "symbol": "DOGE-USD"}, {"trade_id": 138520727, "side": "buy", "size": "234.70000000", "price": "0.20724000", "time": "2025-07-11T15:39:12.868812Z", "fetched_at": "2025-07-11T15:39:34.964678+00:00", "symbol": "DOGE-USD"}, {"trade_id": 138520726, "side": "sell", "size": "23.10000000", "price": "0.20725000", "time": "2025-07-11T15:39:11.638255Z", "fetched_at": "2025-07-11T15:39:34.964678+00:00", "symbol": "DOGE-USD"}, {"trade_id": 138520725, "side": "buy", "size": "352.10000000", "price": "0.20723000", "time": "2025-07-11T15:39:10.086454Z", "fetched_at": "2025-07-11T15:39:34.964678+00:00", "symbol": "DOGE-USD"}, {"trade_id": 138520724, "side": "buy", "size": "5.40000000", "price": "0.20720000", "time": "2025-07-11T15:39:09.786803Z", "fetched_at": "2025-07-11T15:39:34.964678+00:00", "symbol": "DOGE-USD"}, {"trade_id": 138520723, "side": "buy", "size": "1323.70000000", "price": "0.20723000", "time": "2025-07-11T15:39:09.605116Z", "fetched_at": "2025-07-11T15:39:34.964678+00:00", "symbol": "DOGE-USD"}, {"trade_id": 138520722, "side": "buy", "size": "151.80000000", "price": "0.20724000", "time": "2025-07-11T15:39:09.573341Z", "fetched_at": "2025-07-11T15:39:34.964678+00:00", "symbol": "DOGE-USD"}, {"trade_id": 138520721, "side": "sell", "size": "6714.20000000", "price": "0.20727000", "time": "2025-07-11T15:39:09.127135Z", "fetched_at": "2025-07-11T15:39:34.964678+00:00", "symbol": "DOGE-USD"}, {"trade_id": 138520720, "side": "sell", "size": "15.70000000", "price": "0.20725000", "time": "2025-07-11T15:39:09.125660Z", "fetched_at": "2025-07-11T15:39:34.964678+00:00", "symbol": "DOGE-USD"}, {"trade_id": 138520719, "side": "sell", "size": "2000.00000000", "price": "0.20725000", "time": "2025-07-11T15:39:09.125660Z", "fetched_at": "2025-07-11T15:39:34.964678+00:00", "symbol": "DOGE-USD"}, {"trade_id": 138520718, "side": "buy", "size": "5.40000000", "price": "0.20724000", "time": "2025-07-11T15:39:08.593434Z", "fetched_at": "2025-07-11T15:39:34.964678+00:00", "symbol": "DOGE-USD"}, {"trade_id": 138520717, "side": "buy", "size": "1185.30000000", "price": "0.20727000", "time": "2025-07-11T15:39:08.281275Z", "fetched_at": "2025-07-11T15:39:34.964678+00:00", "symbol": "DOGE-USD"}, {"trade_id": 138520716, "side": "buy", "size": "5.40000000", "price": "0.20728000", "time": "2025-07-11T15:39:08.168258Z", "fetched_at": "2025-07-11T15:39:34.964678+00:00", "symbol": "DOGE-USD"}, {"trade_id": 138520715, "side": "buy", "size": "5.40000000", "price": "0.20732000", "time": "2025-07-11T15:39:07.894542Z", "fetched_at": "2025-07-11T15:39:34.964678+00:00", "symbol": "DOGE-USD"}, {"trade_id": 138520714, "side": "buy", "size": "1242.20000000", "price": "0.20735000", "time": "2025-07-11T15:39:07.790426Z", "fetched_at": "2025-07-11T15:39:34.964678+00:00", "symbol": "DOGE-USD"}, {"trade_id": 138520713, "side": "buy", "size": "455.10000000", "price": "0.20736000", "time": "2025-07-11T15:39:07.222727Z", "fetched_at": "2025-07-11T15:39:34.964678+00:00", "symbol": "DOGE-USD"}, {"trade_id": 138520712, "side": "buy", "size": "5.40000000", "price": "0.20736000", "time": "2025-07-11T15:39:07.222727Z", "fetched_at": "2025-07-11T15:39:34.964678+00:00", "symbol": "DOGE-USD"}, {"trade_id": 138520711, "side": "buy", "size": "1433.30000000", "price": "0.20738000", "time": "2025-07-11T15:39:07.012994Z", "fetched_at": "2025-07-11T15:39:34.964678+00:00", "symbol": "DOGE-USD"}, {"trade_id": 138520710, "side": "buy", "size": "1390.60000000", "price": "0.20743000", "time": "2025-07-11T15:39:06.550896Z", "fetched_at": "2025-07-11T15:39:34.964678+00:00", "symbol": "DOGE-USD"}, {"trade_id": 138520709, "side": "buy", "size": "245.50000000", "price": "0.20745000", "time": "2025-07-11T15:39:06.526557Z", "fetched_at": "2025-07-11T15:39:34.964678+00:00", "symbol": "DOGE-USD"}, {"trade_id": 138520708, "side": "buy", "size": "1318.90000000", "price": "0.20745000", "time": "2025-07-11T15:39:06.482820Z", "fetched_at": "2025-07-11T15:39:34.964678+00:00", "symbol": "DOGE-USD"}, {"trade_id": 138520707, "side": "buy", "size": "245.50000000", "price": "0.20746000", "time": "2025-07-11T15:39:06.461664Z", "fetched_at": "2025-07-11T15:39:34.964678+00:00", "symbol": "DOGE-USD"}, {"trade_id": 138520706, "side": "buy", "size": "245.50000000", "price": "0.20747000", "time": "2025-07-11T15:39:05.876477Z", "fetched_at": "2025-07-11T15:39:34.964678+00:00", "symbol": "DOGE-USD"}, {"trade_id": 138520705, "side": "buy", "size": "28.10000000", "price": "0.20738000", "time": "2025-07-11T15:39:05.613897Z", "fetched_at": "2025-07-11T15:39:34.964678+00:00", "symbol": "DOGE-USD"}, {"trade_id": 138520704, "side": "buy", "size": "2139.30000000", "price": "0.20739000", "time": "2025-07-11T15:39:05.613897Z", "fetched_at": "2025-07-11T15:39:34.964678+00:00", "symbol": "DOGE-USD"}, {"trade_id": 138520703, "side": "buy", "size": "26.00000000", "price": "0.20740000", "time": "2025-07-11T15:39:05.613897Z", "fetched_at": "2025-07-11T15:39:34.964678+00:00", "symbol": "DOGE-USD"}, {"trade_id": 138520702, "side": "buy", "size": "1305.50000000", "price": "0.20742000", "time": "2025-07-11T15:39:05.613897Z", "fetched_at": "2025-07-11T15:39:34.964678+00:00", "symbol": "DOGE-USD"}, {"trade_id": 138520701, "side": "buy", "size": "250.60000000", "price": "0.20743000", "time": "2025-07-11T15:39:05.613897Z", "fetched_at": "2025-07-11T15:39:34.964678+00:00", "symbol": "DOGE-USD"}, {"trade_id": 138520700, "side": "buy", "size": "1175.70000000", "price": "0.20744000", "time": "2025-07-11T15:39:05.613897Z", "fetched_at": "2025-07-11T15:39:34.964678+00:00", "symbol": "DOGE-USD"}, {"trade_id": 138520699, "side": "buy", "size": "1163.60000000", "price": "0.20744000", "time": "2025-07-11T15:39:05.613897Z", "fetched_at": "2025-07-11T15:39:34.964678+00:00", "symbol": "DOGE-USD"}, {"trade_id": 138520698, "side": "buy", "size": "245.50000000", "price": "0.20746000", "time": "2025-07-11T15:39:05.432460Z", "fetched_at": "2025-07-11T15:39:34.964678+00:00", "symbol": "DOGE-USD"}, {"trade_id": 138520697, "side": "buy", "size": "245.50000000", "price": "0.20745000", "time": "2025-07-11T15:39:05.411812Z", "fetched_at": "2025-07-11T15:39:34.964678+00:00", "symbol": "DOGE-USD"}, {"trade_id": 138520696, "side": "buy", "size": "248.40000000", "price": "0.20746000", "time": "2025-07-11T15:39:05.362821Z", "fetched_at": "2025-07-11T15:39:34.964678+00:00", "symbol": "DOGE-USD"}, {"trade_id": 138520695, "side": "buy", "size": "245.50000000", "price": "0.20746000", "time": "2025-07-11T15:39:05.362821Z", "fetched_at": "2025-07-11T15:39:34.964678+00:00", "symbol": "DOGE-USD"}, {"trade_id": 138520694, "side": "sell", "size": "2000.00000000", "price": "0.20742000", "time": "2025-07-11T15:39:05.304978Z", "fetched_at": "2025-07-11T15:39:34.964678+00:00", "symbol": "DOGE-USD"}, {"trade_id": 138520693, "side": "sell", "size": "12.70000000", "price": "0.20741000", "time": "2025-07-11T15:39:05.304978Z", "fetched_at": "2025-07-11T15:39:34.964678+00:00", "symbol": "DOGE-USD"}, {"trade_id": 138520692, "side": "buy", "size": "1173.00000000", "price": "0.20742000", "time": "2025-07-11T15:39:05.118407Z", "fetched_at": "2025-07-11T15:39:34.964678+00:00", "symbol": "DOGE-USD"}, {"trade_id": 138520691, "side": "buy", "size": "245.50000000", "price": "0.20743000", "time": "2025-07-11T15:39:05.118407Z", "fetched_at": "2025-07-11T15:39:34.964678+00:00", "symbol": "DOGE-USD"}, {"trade_id": 138520690, "side": "buy", "size": "245.50000000", "price": "0.20742000", "time": "2025-07-11T15:39:05.106987Z", "fetched_at": "2025-07-11T15:39:34.964678+00:00", "symbol": "DOGE-USD"}, {"trade_id": 138520689, "side": "buy", "size": "245.50000000", "price": "0.20741000", "time": "2025-07-11T15:39:05.057988Z", "fetched_at": "2025-07-11T15:39:34.964678+00:00", "symbol": "DOGE-USD"}, {"trade_id": 138520688, "side": "sell", "size": "567.00000000", "price": "0.20738000", "time": "2025-07-11T15:39:04.962452Z", "fetched_at": "2025-07-11T15:39:34.964678+00:00", "symbol": "DOGE-USD"}, {"trade_id": 138520687, "side": "buy", "size": "789.70000000", "price": "0.20738000", "time": "2025-07-11T15:39:04.935988Z", "fetched_at": "2025-07-11T15:39:34.964678+00:00", "symbol": "DOGE-USD"}, {"trade_id": 138520686, "side": "sell", "size": "35.10000000", "price": "0.20740000", "time": "2025-07-11T15:39:04.897528Z", "fetched_at": "2025-07-11T15:39:34.964678+00:00", "symbol": "DOGE-USD"}, {"trade_id": 138520685, "side": "sell", "size": "10.60000000", "price": "0.20739000", "time": "2025-07-11T15:39:04.897528Z", "fetched_at": "2025-07-11T15:39:34.964678+00:00", "symbol": "DOGE-USD"}, {"trade_id": 138520684, "side": "buy", "size": "5.40000000", "price": "0.20740000", "time": "2025-07-11T15:39:04.733353Z", "fetched_at": "2025-07-11T15:39:34.964678+00:00", "symbol": "DOGE-USD"}, {"trade_id": 138520683, "side": "buy", "size": "42.00000000", "price": "0.20742000", "time": "2025-07-11T15:39:04.700756Z", "fetched_at": "2025-07-11T15:39:34.964678+00:00", "symbol": "DOGE-USD"}, {"trade_id": 138520682, "side": "sell", "size": "11.40000000", "price": "0.20748000", "time": "2025-07-11T15:39:04.090913Z", "fetched_at": "2025-07-11T15:39:34.964678+00:00", "symbol": "DOGE-USD"}, {"trade_id": 138520681, "side": "buy", "size": "245.50000000", "price": "0.20749000", "time": "2025-07-11T15:39:03.708872Z", "fetched_at": "2025-07-11T15:39:34.964678+00:00", "symbol": "DOGE-USD"}, {"trade_id": 138520680, "side": "buy", "size": "91.90000000", "price": "0.20739000", "time": "2025-07-11T15:39:03.375883Z", "fetched_at": "2025-07-11T15:39:34.964678+00:00", "symbol": "DOGE-USD"}, {"trade_id": 138520679, "side": "buy", "size": "1276.40000000", "price": "0.20739000", "time": "2025-07-11T15:39:03.375883Z", "fetched_at": "2025-07-11T15:39:34.964678+00:00", "symbol": "DOGE-USD"}, {"trade_id": 138520678, "side": "buy", "size": "1318.50000000", "price": "0.20740000", "time": "2025-07-11T15:39:03.375883Z", "fetched_at": "2025-07-11T15:39:34.964678+00:00", "symbol": "DOGE-USD"}, {"trade_id": 138520677, "side": "buy", "size": "41.00000000", "price": "0.20741000", "time": "2025-07-11T15:39:03.375883Z", "fetched_at": "2025-07-11T15:39:34.964678+00:00", "symbol": "DOGE-USD"}, {"trade_id": 138520676, "side": "buy", "size": "850.50000000", "price": "0.20742000", "time": "2025-07-11T15:39:03.375883Z", "fetched_at": "2025-07-11T15:39:34.964678+00:00", "symbol": "DOGE-USD"}, {"trade_id": 138520675, "side": "buy", "size": "1270.90000000", "price": "0.20743000", "time": "2025-07-11T15:39:03.375883Z", "fetched_at": "2025-07-11T15:39:34.964678+00:00", "symbol": "DOGE-USD"}, {"trade_id": 138520674, "side": "buy", "size": "1187.00000000", "price": "0.20744000", "time": "2025-07-11T15:39:03.375883Z", "fetched_at": "2025-07-11T15:39:34.964678+00:00", "symbol": "DOGE-USD"}, {"trade_id": 138520673, "side": "buy", "size": "1171.20000000", "price": "0.20752000", "time": "2025-07-11T15:39:02.864358Z", "fetched_at": "2025-07-11T15:39:34.964678+00:00", "symbol": "DOGE-USD"}, {"trade_id": 138520672, "side": "buy", "size": "245.50000000", "price": "0.20752000", "time": "2025-07-11T15:39:02.864358Z", "fetched_at": "2025-07-11T15:39:34.964678+00:00", "symbol": "DOGE-USD"}, {"trade_id": 138520671, "side": "sell", "size": "183.00000000", "price": "0.20748000", "time": "2025-07-11T15:39:02.734403Z", "fetched_at": "2025-07-11T15:39:34.964678+00:00", "symbol": "DOGE-USD"}, {"trade_id": 138520670, "side": "buy", "size": "4232.20000000", "price": "0.20741000", "time": "2025-07-11T15:39:02.618146Z", "fetched_at": "2025-07-11T15:39:34.964678+00:00", "symbol": "DOGE-USD"}, {"trade_id": 138520669, "side": "buy", "size": "48.20000000", "price": "0.20747000", "time": "2025-07-11T15:39:02.618146Z", "fetched_at": "2025-07-11T15:39:34.964678+00:00", "symbol": "DOGE-USD"}, {"trade_id": 138520668, "side": "buy", "size": "22870.60000000", "price": "0.20746000", "time": "2025-07-11T15:39:02.614215Z", "fetched_at": "2025-07-11T15:39:34.964678+00:00", "symbol": "DOGE-USD"}, {"trade_id": 138520667, "side": "buy", "size": "13722.40000000", "price": "0.20747000", "time": "2025-07-11T15:39:02.607099Z", "fetched_at": "2025-07-11T15:39:34.964678+00:00", "symbol": "DOGE-USD"}, {"trade_id": 138520666, "side": "buy", "size": "48.20000000", "price": "0.20748000", "time": "2025-07-11T15:39:02.607099Z", "fetched_at": "2025-07-11T15:39:34.964678+00:00", "symbol": "DOGE-USD"}, {"trade_id": 138520665, "side": "buy", "size": "48.20000000", "price": "0.20760000", "time": "2025-07-11T15:39:02.385911Z", "fetched_at": "2025-07-11T15:39:34.964678+00:00", "symbol": "DOGE-USD"}, {"trade_id": 138520664, "side": "buy", "size": "866.00000000", "price": "0.20764000", "time": "2025-07-11T15:39:02.275001Z", "fetched_at": "2025-07-11T15:39:34.964678+00:00", "symbol": "DOGE-USD"}, {"trade_id": 138520663, "side": "buy", "size": "245.50000000", "price": "0.20765000", "time": "2025-07-11T15:39:02.253879Z", "fetched_at": "2025-07-11T15:39:34.964678+00:00", "symbol": "DOGE-USD"}, {"trade_id": 138520662, "side": "sell", "size": "5.30000000", "price": "0.20764000", "time": "2025-07-11T15:39:02.076397Z", "fetched_at": "2025-07-11T15:39:34.964678+00:00", "symbol": "DOGE-USD"}, {"trade_id": 138520661, "side": "buy", "size": "48.20000000", "price": "0.20760000", "time": "2025-07-11T15:39:01.819536Z", "fetched_at": "2025-07-11T15:39:34.964678+00:00", "symbol": "DOGE-USD"}, {"trade_id": 138520660, "side": "buy", "size": "1137.80000000", "price": "0.20758000", "time": "2025-07-11T15:39:01.599944Z", "fetched_at": "2025-07-11T15:39:34.964678+00:00", "symbol": "DOGE-USD"}, {"trade_id": 138520659, "side": "buy", "size": "248.40000000", "price": "0.20763000", "time": "2025-07-11T15:39:01.411375Z", "fetched_at": "2025-07-11T15:39:34.964678+00:00", "symbol": "DOGE-USD"}, {"trade_id": 138520658, "side": "buy", "size": "244.40000000", "price": "0.20763000", "time": "2025-07-11T15:39:01.411375Z", "fetched_at": "2025-07-11T15:39:34.964678+00:00", "symbol": "DOGE-USD"}, {"trade_id": 138520657, "side": "buy", "size": "1.10000000", "price": "0.20763000", "time": "2025-07-11T15:39:01.267633Z", "fetched_at": "2025-07-11T15:39:34.964678+00:00", "symbol": "DOGE-USD"}, {"trade_id": 138520656, "side": "sell", "size": "5.30000000", "price": "0.20760000", "time": "2025-07-11T15:39:01.239827Z", "fetched_at": "2025-07-11T15:39:34.964678+00:00", "symbol": "DOGE-USD"}, {"trade_id": 138520655, "side": "sell", "size": "5.30000000", "price": "0.20756000", "time": "2025-07-11T15:39:01.124432Z", "fetched_at": "2025-07-11T15:39:34.964678+00:00", "symbol": "DOGE-USD"}, {"trade_id": 138520654, "side": "buy", "size": "245.50000000", "price": "0.20755000", "time": "2025-07-11T15:39:01.107371Z", "fetched_at": "2025-07-11T15:39:34.964678+00:00", "symbol": "DOGE-USD"}, {"trade_id": 138520653, "side": "buy", "size": "274.00000000", "price": "0.20753000", "time": "2025-07-11T15:39:01.077898Z", "fetched_at": "2025-07-11T15:39:34.964678+00:00", "symbol": "DOGE-USD"}, {"trade_id": 138520652, "side": "buy", "size": "606.70000000", "price": "0.20755000", "time": "2025-07-11T15:39:00.994677Z", "fetched_at": "2025-07-11T15:39:34.964678+00:00", "symbol": "DOGE-USD"}, {"trade_id": 138520651, "side": "buy", "size": "183.00000000", "price": "0.20755000", "time": "2025-07-11T15:39:00.994677Z", "fetched_at": "2025-07-11T15:39:34.964678+00:00", "symbol": "DOGE-USD"}, {"trade_id": 138520650, "side": "buy", "size": "248.40000000", "price": "0.20754000", "time": "2025-07-11T15:39:00.814558Z", "fetched_at": "2025-07-11T15:39:34.964678+00:00", "symbol": "DOGE-USD"}, {"trade_id": 138520649, "side": "buy", "size": "245.50000000", "price": "0.20754000", "time": "2025-07-11T15:39:00.814558Z", "fetched_at": "2025-07-11T15:39:34.964678+00:00", "symbol": "DOGE-USD"}, {"trade_id": 138520648, "side": "sell", "size": "5.40000000", "price": "0.20752000", "time": "2025-07-11T15:39:00.792942Z", "fetched_at": "2025-07-11T15:39:34.964678+00:00", "symbol": "DOGE-USD"}, {"trade_id": 138520647, "side": "sell", "size": "5.40000000", "price": "0.20748000", "time": "2025-07-11T15:39:00.755821Z", "fetched_at": "2025-07-11T15:39:34.964678+00:00", "symbol": "DOGE-USD"}, {"trade_id": 138520646, "side": "buy", "size": "245.50000000", "price": "0.20745000", "time": "2025-07-11T15:39:00.657481Z", "fetched_at": "2025-07-11T15:39:34.964678+00:00", "symbol": "DOGE-USD"}, {"trade_id": 138520645, "side": "sell", "size": "5.40000000", "price": "0.20740000", "time": "2025-07-11T15:39:00.625653Z", "fetched_at": "2025-07-11T15:39:34.964678+00:00", "symbol": "DOGE-USD"}, {"trade_id": 138520644, "side": "sell", "size": "2000.00000000", "price": "0.20736000", "time": "2025-07-11T15:39:00.412847Z", "fetched_at": "2025-07-11T15:39:34.964678+00:00", "symbol": "DOGE-USD"}, {"trade_id": 138520643, "side": "buy", "size": "1374.80000000", "price": "0.20734000", "time": "2025-07-11T15:39:00.238028Z", "fetched_at": "2025-07-11T15:39:34.964678+00:00", "symbol": "DOGE-USD"}, {"trade_id": 138520642, "side": "buy", "size": "245.50000000", "price": "0.20737000", "time": "2025-07-11T15:39:00.096107Z", "fetched_at": "2025-07-11T15:39:34.964678+00:00", "symbol": "DOGE-USD"}, {"trade_id": 138520641, "side": "sell", "size": "2514.20000000", "price": "0.20734000", "time": "2025-07-11T15:39:00.025413Z", "fetched_at": "2025-07-11T15:39:34.964678+00:00", "symbol": "DOGE-USD"}, {"trade_id": 138520640, "side": "sell", "size": "1245.30000000", "price": "0.20733000", "time": "2025-07-11T15:39:00.011385Z", "fetched_at": "2025-07-11T15:39:34.964678+00:00", "symbol": "DOGE-USD"}, {"trade_id": 138520639, "side": "sell", "size": "54.80000000", "price": "0.20733000", "time": "2025-07-11T15:39:00.011385Z", "fetched_at": "2025-07-11T15:39:34.964678+00:00", "symbol": "DOGE-USD"}, {"trade_id": 138520638, "side": "buy", "size": "245.50000000", "price": "0.20722000", "time": "2025-07-11T15:38:59.687197Z", "fetched_at": "2025-07-11T15:39:34.964678+00:00", "symbol": "DOGE-USD"}, {"trade_id": 138520637, "side": "sell", "size": "4.70000000", "price": "0.20720000", "time": "2025-07-11T15:38:59.481796Z", "fetched_at": "2025-07-11T15:39:34.964678+00:00", "symbol": "DOGE-USD"}, {"trade_id": 138520636, "side": "buy", "size": "5.40000000", "price": "0.20720000", "time": "2025-07-11T15:38:59.445515Z", "fetched_at": "2025-07-11T15:39:34.964678+00:00", "symbol": "DOGE-USD"}, {"trade_id": 138520635, "side": "buy", "size": "55.70000000", "price": "0.20722000", "time": "2025-07-11T15:38:59.363805Z", "fetched_at": "2025-07-11T15:39:34.964678+00:00", "symbol": "DOGE-USD"}, {"trade_id": 138520634, "side": "buy", "size": "1173.60000000", "price": "0.20723000", "time": "2025-07-11T15:38:59.139444Z", "fetched_at": "2025-07-11T15:39:34.964678+00:00", "symbol": "DOGE-USD"}, {"trade_id": 138520633, "side": "buy", "size": "48.30000000", "price": "0.20724000", "time": "2025-07-11T15:38:59.139444Z", "fetched_at": "2025-07-11T15:39:34.964678+00:00", "symbol": "DOGE-USD"}, {"trade_id": 138520632, "side": "buy", "size": "5.40000000", "price": "0.20724000", "time": "2025-07-11T15:38:59.139444Z", "fetched_at": "2025-07-11T15:39:34.964678+00:00", "symbol": "DOGE-USD"}, {"trade_id": 138520631, "side": "buy", "size": "1330.90000000", "price": "0.20727000", "time": "2025-07-11T15:38:58.678072Z", "fetched_at": "2025-07-11T15:39:34.964678+00:00", "symbol": "DOGE-USD"}, {"trade_id": 138520630, "side": "buy", "size": "5.40000000", "price": "0.20728000", "time": "2025-07-11T15:38:58.678072Z", "fetched_at": "2025-07-11T15:39:34.964678+00:00", "symbol": "DOGE-USD"}, {"trade_id": 138520629, "side": "buy", "size": "5.40000000", "price": "0.20732000", "time": "2025-07-11T15:38:58.167926Z", "fetched_at": "2025-07-11T15:39:34.964678+00:00", "symbol": "DOGE-USD"}, {"trade_id": 138520628, "side": "buy", "size": "1366.20000000", "price": "0.20733000", "time": "2025-07-11T15:38:58.112578Z", "fetched_at": "2025-07-11T15:39:34.964678+00:00", "symbol": "DOGE-USD"}, {"trade_id": 138520627, "side": "buy", "size": "167.10000000", "price": "0.20734000", "time": "2025-07-11T15:38:57.950644Z", "fetched_at": "2025-07-11T15:39:34.964678+00:00", "symbol": "DOGE-USD"}, {"trade_id": 138520626, "side": "sell", "size": "912.90000000", "price": "0.20738000", "time": "2025-07-11T15:38:57.147299Z", "fetched_at": "2025-07-11T15:39:34.964678+00:00", "symbol": "DOGE-USD"}, {"trade_id": 138520625, "side": "sell", "size": "1427.20000000", "price": "0.20738000", "time": "2025-07-11T15:38:57.147299Z", "fetched_at": "2025-07-11T15:39:34.964678+00:00", "symbol": "DOGE-USD"}, {"trade_id": 138520624, "side": "buy", "size": "1249.30000000", "price": "0.20736000", "time": "2025-07-11T15:38:56.943003Z", "fetched_at": "2025-07-11T15:39:34.964678+00:00", "symbol": "DOGE-USD"}, {"trade_id": 138520623, "side": "buy", "size": "5.40000000", "price": "0.20736000", "time": "2025-07-11T15:38:56.932207Z", "fetched_at": "2025-07-11T15:39:34.964678+00:00", "symbol": "DOGE-USD"}, {"trade_id": 138520622, "side": "buy", "size": "789.70000000", "price": "0.20737000", "time": "2025-07-11T15:38:56.711157Z", "fetched_at": "2025-07-11T15:39:34.964678+00:00", "symbol": "DOGE-USD"}, {"trade_id": 138520621, "side": "buy", "size": "5.40000000", "price": "0.20740000", "time": "2025-07-11T15:38:55.692901Z", "fetched_at": "2025-07-11T15:39:34.964678+00:00", "symbol": "DOGE-USD"}, {"trade_id": 138520620, "side": "buy", "size": "251.10000000", "price": "0.20742000", "time": "2025-07-11T15:38:55.584466Z", "fetched_at": "2025-07-11T15:39:34.964678+00:00", "symbol": "DOGE-USD"}, {"trade_id": 138520619, "side": "buy", "size": "10.00000000", "price": "0.20742000", "time": "2025-07-11T15:38:55.140403Z", "fetched_at": "2025-07-11T15:39:34.964678+00:00", "symbol": "DOGE-USD"}, {"trade_id": 138520618, "side": "buy", "size": "5.40000000", "price": "0.20744000", "time": "2025-07-11T15:38:54.888987Z", "fetched_at": "2025-07-11T15:39:34.964678+00:00", "symbol": "DOGE-USD"}, {"trade_id": 138520617, "side": "buy", "size": "5.40000000", "price": "0.20748000", "time": "2025-07-11T15:38:54.645486Z", "fetched_at": "2025-07-11T15:39:34.964678+00:00", "symbol": "DOGE-USD"}, {"trade_id": 138520616, "side": "buy", "size": "5.40000000", "price": "0.20752000", "time": "2025-07-11T15:38:54.314880Z", "fetched_at": "2025-07-11T15:39:34.964678+00:00", "symbol": "DOGE-USD"}, {"trade_id": 138520615, "side": "buy", "size": "59.20000000", "price": "0.20756000", "time": "2025-07-11T15:38:53.468446Z", "fetched_at": "2025-07-11T15:39:34.964678+00:00", "symbol": "DOGE-USD"}, {"trade_id": 138520614, "side": "buy", "size": "5.30000000", "price": "0.20756000", "time": "2025-07-11T15:38:53.321457Z", "fetched_at": "2025-07-11T15:39:34.964678+00:00", "symbol": "DOGE-USD"}, {"trade_id": 138520613, "side": "buy", "size": "373.50000000", "price": "0.20756000", "time": "2025-07-11T15:38:53.321457Z", "fetched_at": "2025-07-11T15:39:34.964678+00:00", "symbol": "DOGE-USD"}, {"trade_id": 138520612, "side": "buy", "size": "1281.70000000", "price": "0.20759000", "time": "2025-07-11T15:38:52.919455Z", "fetched_at": "2025-07-11T15:39:34.964678+00:00", "symbol": "DOGE-USD"}, {"trade_id": 138520611, "side": "buy", "size": "1234.60000000", "price": "0.20766000", "time": "2025-07-11T15:38:52.311459Z", "fetched_at": "2025-07-11T15:39:34.964678+00:00", "symbol": "DOGE-USD"}, {"trade_id": 138520610, "side": "buy", "size": "48.10000000", "price": "0.20765000", "time": "2025-07-11T15:38:52.054230Z", "fetched_at": "2025-07-11T15:39:34.964678+00:00", "symbol": "DOGE-USD"}, {"trade_id": 138520609, "side": "buy", "size": "248.40000000", "price": "0.20770000", "time": "2025-07-11T15:38:51.878199Z", "fetched_at": "2025-07-11T15:39:34.964678+00:00", "symbol": "DOGE-USD"}, {"trade_id": 138520608, "side": "buy", "size": "245.50000000", "price": "0.20770000", "time": "2025-07-11T15:38:51.867988Z", "fetched_at": "2025-07-11T15:39:34.964678+00:00", "symbol": "DOGE-USD"}, {"trade_id": 138520607, "side": "buy", "size": "245.50000000", "price": "0.20769000", "time": "2025-07-11T15:38:51.814388Z", "fetched_at": "2025-07-11T15:39:34.964678+00:00", "symbol": "DOGE-USD"}, {"trade_id": 138520606, "side": "buy", "size": "245.50000000", "price": "0.20766000", "time": "2025-07-11T15:38:51.740801Z", "fetched_at": "2025-07-11T15:39:34.964678+00:00", "symbol": "DOGE-USD"}, {"trade_id": 138520605, "side": "buy", "size": "245.50000000", "price": "0.20766000", "time": "2025-07-11T15:38:51.723814Z", "fetched_at": "2025-07-11T15:39:34.964678+00:00", "symbol": "DOGE-USD"}, {"trade_id": 138520604, "side": "buy", "size": "245.50000000", "price": "0.20766000", "time": "2025-07-11T15:38:51.560540Z", "fetched_at": "2025-07-11T15:39:34.964678+00:00", "symbol": "DOGE-USD"}, {"trade_id": 138520603, "side": "buy", "size": "245.50000000", "price": "0.20765000", "time": "2025-07-11T15:38:51.520686Z", "fetched_at": "2025-07-11T15:39:34.964678+00:00", "symbol": "DOGE-USD"}, {"trade_id": 138520602, "side": "buy", "size": "245.50000000", "price": "0.20763000", "time": "2025-07-11T15:38:51.504751Z", "fetched_at": "2025-07-11T15:39:34.964678+00:00", "symbol": "DOGE-USD"}, {"trade_id": 138520601, "side": "buy", "size": "245.50000000", "price": "0.20762000", "time": "2025-07-11T15:38:50.670729Z", "fetched_at": "2025-07-11T15:39:34.964678+00:00", "symbol": "DOGE-USD"}, {"trade_id": 138520600, "side": "buy", "size": "1306.90000000", "price": "0.20760000", "time": "2025-07-11T15:38:50.558846Z", "fetched_at": "2025-07-11T15:39:34.964678+00:00", "symbol": "DOGE-USD"}, {"trade_id": 138520599, "side": "buy", "size": "245.50000000", "price": "0.20762000", "time": "2025-07-11T15:38:50.514721Z", "fetched_at": "2025-07-11T15:39:34.964678+00:00", "symbol": "DOGE-USD"}, {"trade_id": 138520598, "side": "buy", "size": "245.50000000", "price": "0.20762000", "time": "2025-07-11T15:38:50.437848Z", "fetched_at": "2025-07-11T15:39:34.964678+00:00", "symbol": "DOGE-USD"}, {"trade_id": 138520597, "side": "buy", "size": "245.50000000", "price": "0.20762000", "time": "2025-07-11T15:38:50.390990Z", "fetched_at": "2025-07-11T15:39:34.964678+00:00", "symbol": "DOGE-USD"}, {"trade_id": 138520596, "side": "buy", "size": "245.50000000", "price": "0.20760000", "time": "2025-07-11T15:38:50.339925Z", "fetched_at": "2025-07-11T15:39:34.964678+00:00", "symbol": "DOGE-USD"}, {"trade_id": 138520595, "side": "buy", "size": "245.50000000", "price": "0.20759000", "time": "2025-07-11T15:38:50.323103Z", "fetched_at": "2025-07-11T15:39:34.964678+00:00", "symbol": "DOGE-USD"}, {"trade_id": 138520594, "side": "buy", "size": "1195.60000000", "price": "0.20759000", "time": "2025-07-11T15:38:50.240785Z", "fetched_at": "2025-07-11T15:39:34.964678+00:00", "symbol": "DOGE-USD"}, {"trade_id": 138520593, "side": "buy", "size": "245.50000000", "price": "0.20759000", "time": "2025-07-11T15:38:50.225309Z", "fetched_at": "2025-07-11T15:39:34.964678+00:00", "symbol": "DOGE-USD"}, {"trade_id": 138520592, "side": "buy", "size": "245.50000000", "price": "0.20760000", "time": "2025-07-11T15:38:50.197508Z", "fetched_at": "2025-07-11T15:39:34.964678+00:00", "symbol": "DOGE-USD"}, {"trade_id": 138520591, "side": "buy", "size": "245.50000000", "price": "0.20761000", "time": "2025-07-11T15:38:50.180787Z", "fetched_at": "2025-07-11T15:39:34.964678+00:00", "symbol": "DOGE-USD"}, {"trade_id": 138520590, "side": "sell", "size": "2000.00000000", "price": "0.20759000", "time": "2025-07-11T15:38:50.130683Z", "fetched_at": "2025-07-11T15:39:34.964678+00:00", "symbol": "DOGE-USD"}, {"trade_id": 138520589, "side": "sell", "size": "2842.70000000", "price": "0.20757000", "time": "2025-07-11T15:38:50.120927Z", "fetched_at": "2025-07-11T15:39:34.964678+00:00", "symbol": "DOGE-USD"}, {"trade_id": 138520588, "side": "buy", "size": "5.30000000", "price": "0.20756000", "time": "2025-07-11T15:38:50.027920Z", "fetched_at": "2025-07-11T15:39:34.964678+00:00", "symbol": "DOGE-USD"}, {"trade_id": 138520587, "side": "buy", "size": "5.30000000", "price": "0.20760000", "time": "2025-07-11T15:38:49.942445Z", "fetched_at": "2025-07-11T15:39:34.964678+00:00", "symbol": "DOGE-USD"}, {"trade_id": 138520586, "side": "buy", "size": "59.20000000", "price": "0.20763000", "time": "2025-07-11T15:38:49.286608Z", "fetched_at": "2025-07-11T15:39:34.964678+00:00", "symbol": "DOGE-USD"}, {"trade_id": 138520585, "side": "buy", "size": "48.20000000", "price": "0.20764000", "time": "2025-07-11T15:38:49.126690Z", "fetched_at": "2025-07-11T15:39:34.964678+00:00", "symbol": "DOGE-USD"}, {"trade_id": 138520584, "side": "buy", "size": "102.90000000", "price": "0.20765000", "time": "2025-07-11T15:38:49.094506Z", "fetched_at": "2025-07-11T15:39:34.964678+00:00", "symbol": "DOGE-USD"}, {"trade_id": 138520583, "side": "buy", "size": "48.20000000", "price": "0.20769000", "time": "2025-07-11T15:38:48.842339Z", "fetched_at": "2025-07-11T15:39:34.964678+00:00", "symbol": "DOGE-USD"}, {"trade_id": 138520582, "side": "buy", "size": "250.30000000", "price": "0.20772000", "time": "2025-07-11T15:38:48.634166Z", "fetched_at": "2025-07-11T15:39:34.964678+00:00", "symbol": "DOGE-USD"}, {"trade_id": 138520581, "side": "buy", "size": "245.50000000", "price": "0.20774000", "time": "2025-07-11T15:38:48.605502Z", "fetched_at": "2025-07-11T15:39:34.964678+00:00", "symbol": "DOGE-USD"}, {"trade_id": 138520580, "side": "buy", "size": "1272.80000000", "price": "0.20774000", "time": "2025-07-11T15:38:48.277914Z", "fetched_at": "2025-07-11T15:39:34.964678+00:00", "symbol": "DOGE-USD"}, {"trade_id": 138520579, "side": "buy", "size": "245.50000000", "price": "0.20774000", "time": "2025-07-11T15:38:48.123419Z", "fetched_at": "2025-07-11T15:39:34.964678+00:00", "symbol": "DOGE-USD"}, {"trade_id": 138520578, "side": "buy", "size": "245.50000000", "price": "0.20774000", "time": "2025-07-11T15:38:48.001149Z", "fetched_at": "2025-07-11T15:39:34.964678+00:00", "symbol": "DOGE-USD"}, {"trade_id": 138520577, "side": "buy", "size": "245.50000000", "price": "0.20775000", "time": "2025-07-11T15:38:47.694669Z", "fetched_at": "2025-07-11T15:39:34.964678+00:00", "symbol": "DOGE-USD"}, {"trade_id": 138520576, "side": "buy", "size": "368.20000000", "price": "0.20773000", "time": "2025-07-11T15:38:47.669526Z", "fetched_at": "2025-07-11T15:39:34.964678+00:00", "symbol": "DOGE-USD"}, {"trade_id": 138520575, "side": "buy", "size": "372.60000000", "price": "0.20773000", "time": "2025-07-11T15:38:47.669526Z", "fetched_at": "2025-07-11T15:39:34.964678+00:00", "symbol": "DOGE-USD"}, {"trade_id": 138520574, "side": "buy", "size": "245.50000000", "price": "0.20771000", "time": "2025-07-11T15:38:47.601175Z", "fetched_at": "2025-07-11T15:39:34.964678+00:00", "symbol": "DOGE-USD"}, {"trade_id": 138520573, "side": "buy", "size": "245.50000000", "price": "0.20771000", "time": "2025-07-11T15:38:47.533357Z", "fetched_at": "2025-07-11T15:39:34.964678+00:00", "symbol": "DOGE-USD"}, {"trade_id": 138520572, "side": "buy", "size": "245.50000000", "price": "0.20767000", "time": "2025-07-11T15:38:47.434625Z", "fetched_at": "2025-07-11T15:39:34.964678+00:00", "symbol": "DOGE-USD"}, {"trade_id": 138520571, "side": "buy", "size": "789.70000000", "price": "0.20769000", "time": "2025-07-11T15:38:47.317089Z", "fetched_at": "2025-07-11T15:39:34.964678+00:00", "symbol": "DOGE-USD"}, {"trade_id": 138520570, "side": "sell", "size": "2000.00000000", "price": "0.20768000", "time": "2025-07-11T15:38:47.230175Z", "fetched_at": "2025-07-11T15:39:34.964678+00:00", "symbol": "DOGE-USD"}, {"trade_id": 138520569, "side": "buy", "size": "1202.80000000", "price": "0.20768000", "time": "2025-07-11T15:38:46.474917Z", "fetched_at": "2025-07-11T15:39:34.964678+00:00", "symbol": "DOGE-USD"}, {"trade_id": 138520568, "side": "sell", "size": "5.30000000", "price": "0.20772000", "time": "2025-07-11T15:38:44.939369Z", "fetched_at": "2025-07-11T15:39:34.964678+00:00", "symbol": "DOGE-USD"}, {"trade_id": 138520567, "side": "sell", "size": "1214.10000000", "price": "0.20768000", "time": "2025-07-11T15:38:44.743528Z", "fetched_at": "2025-07-11T15:39:34.964678+00:00", "symbol": "DOGE-USD"}, {"trade_id": 138520566, "side": "sell", "size": "5.30000000", "price": "0.20768000", "time": "2025-07-11T15:38:44.743528Z", "fetched_at": "2025-07-11T15:39:34.964678+00:00", "symbol": "DOGE-USD"}, {"trade_id": 138520565, "side": "buy", "size": "1257.40000000", "price": "0.20764000", "time": "2025-07-11T15:38:44.480434Z", "fetched_at": "2025-07-11T15:39:34.964678+00:00", "symbol": "DOGE-USD"}, {"trade_id": 138520564, "side": "sell", "size": "2000.00000000", "price": "0.20760000", "time": "2025-07-11T15:38:43.237781Z", "fetched_at": "2025-07-11T15:39:34.964678+00:00", "symbol": "DOGE-USD"}, {"trade_id": 138520563, "side": "sell", "size": "5.10000000", "price": "0.20759000", "time": "2025-07-11T15:38:43.237781Z", "fetched_at": "2025-07-11T15:39:34.964678+00:00", "symbol": "DOGE-USD"}, {"trade_id": 138520562, "side": "buy", "size": "88.80000000", "price": "0.20763000", "time": "2025-07-11T15:38:42.674936Z", "fetched_at": "2025-07-11T15:39:34.964678+00:00", "symbol": "DOGE-USD"}, {"trade_id": 138520561, "side": "buy", "size": "1039.50000000", "price": "0.20761000", "time": "2025-07-11T15:38:42.450060Z", "fetched_at": "2025-07-11T15:39:34.964678+00:00", "symbol": "DOGE-USD"}, {"trade_id": 138520560, "side": "buy", "size": "1178.00000000", "price": "0.20762000", "time": "2025-07-11T15:38:42.450060Z", "fetched_at": "2025-07-11T15:39:34.964678+00:00", "symbol": "DOGE-USD"}, {"trade_id": 138520559, "side": "buy", "size": "245.50000000", "price": "0.20762000", "time": "2025-07-11T15:38:42.450060Z", "fetched_at": "2025-07-11T15:39:34.964678+00:00", "symbol": "DOGE-USD"}, {"trade_id": 138520558, "side": "sell", "size": "1080.80000000", "price": "0.20762000", "time": "2025-07-11T15:38:41.811135Z", "fetched_at": "2025-07-11T15:39:34.964678+00:00", "symbol": "DOGE-USD"}, {"trade_id": 138520557, "side": "buy", "size": "245.50000000", "price": "0.20759000", "time": "2025-07-11T15:38:41.573390Z", "fetched_at": "2025-07-11T15:39:34.964678+00:00", "symbol": "DOGE-USD"}, {"trade_id": 138520556, "side": "sell", "size": "7.70000000", "price": "0.20751000", "time": "2025-07-11T15:38:40.967339Z", "fetched_at": "2025-07-11T15:39:34.964678+00:00", "symbol": "DOGE-USD"}, {"trade_id": 138520555, "side": "buy", "size": "5.40000000", "price": "0.20752000", "time": "2025-07-11T15:38:40.813441Z", "fetched_at": "2025-07-11T15:39:34.964678+00:00", "symbol": "DOGE-USD"}, {"trade_id": 138520554, "side": "buy", "size": "5.30000000", "price": "0.20756000", "time": "2025-07-11T15:38:40.713863Z", "fetched_at": "2025-07-11T15:39:34.964678+00:00", "symbol": "DOGE-USD"}, {"trade_id": 138520553, "side": "buy", "size": "266.40000000", "price": "0.20757000", "time": "2025-07-11T15:38:40.703018Z", "fetched_at": "2025-07-11T15:39:34.964678+00:00", "symbol": "DOGE-USD"}, {"trade_id": 138520552, "side": "sell", "size": "1214.20000000", "price": "0.20766000", "time": "2025-07-11T15:38:39.966219Z", "fetched_at": "2025-07-11T15:39:34.964678+00:00", "symbol": "DOGE-USD"}, {"trade_id": 138520551, "side": "sell", "size": "2000.00000000", "price": "0.20763000", "time": "2025-07-11T15:38:39.937008Z", "fetched_at": "2025-07-11T15:39:34.964678+00:00", "symbol": "DOGE-USD"}, {"trade_id": 138520550, "side": "sell", "size": "7.50000000", "price": "0.20762000", "time": "2025-07-11T15:38:39.937008Z", "fetched_at": "2025-07-11T15:39:34.964678+00:00", "symbol": "DOGE-USD"}, {"trade_id": 138520549, "side": "buy", "size": "1097.10000000", "price": "0.20758000", "time": "2025-07-11T15:38:39.651672Z", "fetched_at": "2025-07-11T15:39:34.964678+00:00", "symbol": "DOGE-USD"}, {"trade_id": 138520548, "side": "buy", "size": "1235.50000000", "price": "0.20760000", "time": "2025-07-11T15:38:39.651672Z", "fetched_at": "2025-07-11T15:39:34.964678+00:00", "symbol": "DOGE-USD"}, {"trade_id": 138520547, "side": "buy", "size": "1420.20000000", "price": "0.20760000", "time": "2025-07-11T15:38:39.651672Z", "fetched_at": "2025-07-11T15:39:34.964678+00:00", "symbol": "DOGE-USD"}, {"trade_id": 138520546, "side": "buy", "size": "5.30000000", "price": "0.20760000", "time": "2025-07-11T15:38:39.651672Z", "fetched_at": "2025-07-11T15:39:34.964678+00:00", "symbol": "DOGE-USD"}, {"trade_id": 138520545, "side": "buy", "size": "5.30000000", "price": "0.20764000", "time": "2025-07-11T15:38:39.467722Z", "fetched_at": "2025-07-11T15:39:34.964678+00:00", "symbol": "DOGE-USD"}, {"trade_id": 138520544, "side": "buy", "size": "5.30000000", "price": "0.20766000", "time": "2025-07-11T15:38:39.204180Z", "fetched_at": "2025-07-11T15:39:34.964678+00:00", "symbol": "DOGE-USD"}, {"trade_id": 138520543, "side": "buy", "size": "5.30000000", "price": "0.20768000", "time": "2025-07-11T15:38:39.100473Z", "fetched_at": "2025-07-11T15:39:34.964678+00:00", "symbol": "DOGE-USD"}, {"trade_id": 138520542, "side": "buy", "size": "5.30000000", "price": "0.20770000", "time": "2025-07-11T15:38:38.888297Z", "fetched_at": "2025-07-11T15:39:34.964678+00:00", "symbol": "DOGE-USD"}, {"trade_id": 138520541, "side": "buy", "size": "5.30000000", "price": "0.20772000", "time": "2025-07-11T15:38:38.744417Z", "fetched_at": "2025-07-11T15:39:34.964678+00:00", "symbol": "DOGE-USD"}, {"trade_id": 138520540, "side": "buy", "size": "297.00000000", "price": "0.20775000", "time": "2025-07-11T15:38:38.732603Z", "fetched_at": "2025-07-11T15:39:34.964678+00:00", "symbol": "DOGE-USD"}, {"trade_id": 138520539, "side": "sell", "size": "7.40000000", "price": "0.20776000", "time": "2025-07-11T15:38:38.487584Z", "fetched_at": "2025-07-11T15:39:34.964678+00:00", "symbol": "DOGE-USD"}, {"trade_id": 138520538, "side": "sell", "size": "267.90000000", "price": "0.20776000", "time": "2025-07-11T15:38:38.487584Z", "fetched_at": "2025-07-11T15:39:34.964678+00:00", "symbol": "DOGE-USD"}, {"trade_id": 138520537, "side": "buy", "size": "5.30000000", "price": "0.20776000", "time": "2025-07-11T15:38:38.075154Z", "fetched_at": "2025-07-11T15:39:34.964678+00:00", "symbol": "DOGE-USD"}, {"trade_id": 138520536, "side": "buy", "size": "250.20000000", "price": "0.20781000", "time": "2025-07-11T15:38:37.732956Z", "fetched_at": "2025-07-11T15:39:34.964678+00:00", "symbol": "DOGE-USD"}, {"trade_id": 138520535, "side": "buy", "size": "629.00000000", "price": "0.20777000", "time": "2025-07-11T15:38:37.243120Z", "fetched_at": "2025-07-11T15:39:34.964678+00:00", "symbol": "DOGE-USD"}, {"trade_id": 138520534, "side": "buy", "size": "245.50000000", "price": "0.20778000", "time": "2025-07-11T15:38:37.243120Z", "fetched_at": "2025-07-11T15:39:34.964678+00:00", "symbol": "DOGE-USD"}, {"trade_id": 138520533, "side": "buy", "size": "110.90000000", "price": "0.20777000", "time": "2025-07-11T15:38:37.067698Z", "fetched_at": "2025-07-11T15:39:34.964678+00:00", "symbol": "DOGE-USD"}, {"trade_id": 138520532, "side": "buy", "size": "28.80000000", "price": "0.20777000", "time": "2025-07-11T15:38:37.067698Z", "fetched_at": "2025-07-11T15:39:34.964678+00:00", "symbol": "DOGE-USD"}, {"trade_id": 138520531, "side": "sell", "size": "2000.00000000", "price": "0.20786000", "time": "2025-07-11T15:38:35.776588Z", "fetched_at": "2025-07-11T15:39:34.964678+00:00", "symbol": "DOGE-USD"}, {"trade_id": 138520530, "side": "sell", "size": "5.30000000", "price": "0.20784000", "time": "2025-07-11T15:38:35.677924Z", "fetched_at": "2025-07-11T15:39:34.964678+00:00", "symbol": "DOGE-USD"}, {"trade_id": 138520529, "side": "sell", "size": "6.30000000", "price": "0.20783000", "time": "2025-07-11T15:38:35.639894Z", "fetched_at": "2025-07-11T15:39:34.964678+00:00", "symbol": "DOGE-USD"}, {"trade_id": 138520528, "side": "sell", "size": "1812.40000000", "price": "0.20780000", "time": "2025-07-11T15:38:35.585113Z", "fetched_at": "2025-07-11T15:39:34.964678+00:00", "symbol": "DOGE-USD"}, {"trade_id": 138520527, "side": "sell", "size": "1369.40000000", "price": "0.20775000", "time": "2025-07-11T15:38:35.491538Z", "fetched_at": "2025-07-11T15:39:34.964678+00:00", "symbol": "DOGE-USD"}, {"trade_id": 138520526, "side": "sell", "size": "6.30000000", "price": "0.20774000", "time": "2025-07-11T15:38:35.491538Z", "fetched_at": "2025-07-11T15:39:34.964678+00:00", "symbol": "DOGE-USD"}, {"trade_id": 138520525, "side": "buy", "size": "5.30000000", "price": "0.20778000", "time": "2025-07-11T15:38:35.268432Z", "fetched_at": "2025-07-11T15:39:34.964678+00:00", "symbol": "DOGE-USD"}, {"trade_id": 138520524, "side": "buy", "size": "245.50000000", "price": "0.20779000", "time": "2025-07-11T15:38:34.338788Z", "fetched_at": "2025-07-11T15:39:34.964678+00:00", "symbol": "DOGE-USD"}, {"trade_id": 138520523, "side": "buy", "size": "245.50000000", "price": "0.20781000", "time": "2025-07-11T15:38:33.761576Z", "fetched_at": "2025-07-11T15:39:34.964678+00:00", "symbol": "DOGE-USD"}, {"trade_id": 138520522, "side": "buy", "size": "245.50000000", "price": "0.20782000", "time": "2025-07-11T15:38:33.688010Z", "fetched_at": "2025-07-11T15:39:34.964678+00:00", "symbol": "DOGE-USD"}, {"trade_id": 138520521, "side": "sell", "size": "5.30000000", "price": "0.20776000", "time": "2025-07-11T15:38:32.729503Z", "fetched_at": "2025-07-11T15:39:34.964678+00:00", "symbol": "DOGE-USD"}, {"trade_id": 138520520, "side": "buy", "size": "245.50000000", "price": "0.20773000", "time": "2025-07-11T15:38:32.166927Z", "fetched_at": "2025-07-11T15:39:34.964678+00:00", "symbol": "DOGE-USD"}, {"trade_id": 138520519, "side": "buy", "size": "5.30000000", "price": "0.20768000", "time": "2025-07-11T15:38:31.416224Z", "fetched_at": "2025-07-11T15:39:34.964678+00:00", "symbol": "DOGE-USD"}, {"trade_id": 138520518, "side": "buy", "size": "131.00000000", "price": "0.20769000", "time": "2025-07-11T15:38:31.289889Z", "fetched_at": "2025-07-11T15:39:34.964678+00:00", "symbol": "DOGE-USD"}, {"trade_id": 138520517, "side": "buy", "size": "368.20000000", "price": "0.20769000", "time": "2025-07-11T15:38:31.289889Z", "fetched_at": "2025-07-11T15:39:34.964678+00:00", "symbol": "DOGE-USD"}, {"trade_id": 138520516, "side": "buy", "size": "1330.50000000", "price": "0.20773000", "time": "2025-07-11T15:38:30.649385Z", "fetched_at": "2025-07-11T15:39:34.964678+00:00", "symbol": "DOGE-USD"}, {"trade_id": 138520515, "side": "buy", "size": "361.80000000", "price": "0.20774000", "time": "2025-07-11T15:38:30.649385Z", "fetched_at": "2025-07-11T15:39:34.964678+00:00", "symbol": "DOGE-USD"}, {"trade_id": 138520514, "side": "buy", "size": "419.30000000", "price": "0.20778000", "time": "2025-07-11T15:38:29.972338Z", "fetched_at": "2025-07-11T15:39:34.964678+00:00", "symbol": "DOGE-USD"}, {"trade_id": 138520513, "side": "buy", "size": "167.20000000", "price": "0.20783000", "time": "2025-07-11T15:38:29.878642Z", "fetched_at": "2025-07-11T15:39:34.964678+00:00", "symbol": "DOGE-USD"}, {"trade_id": 138520512, "side": "sell", "size": "10.70000000", "price": "0.20781000", "time": "2025-07-11T15:38:29.378624Z", "fetched_at": "2025-07-11T15:39:34.964678+00:00", "symbol": "DOGE-USD"}, {"trade_id": 138520511, "side": "buy", "size": "21.40000000", "price": "0.20776000", "time": "2025-07-11T15:38:29.116574Z", "fetched_at": "2025-07-11T15:39:34.964678+00:00", "symbol": "DOGE-USD"}, {"trade_id": 138520510, "side": "buy", "size": "245.50000000", "price": "0.20776000", "time": "2025-07-11T15:38:29.116574Z", "fetched_at": "2025-07-11T15:39:34.964678+00:00", "symbol": "DOGE-USD"}, {"trade_id": 138520509, "side": "buy", "size": "1166.50000000", "price": "0.20778000", "time": "2025-07-11T15:38:28.925452Z", "fetched_at": "2025-07-11T15:39:34.964678+00:00", "symbol": "DOGE-USD"}, {"trade_id": 138520508, "side": "buy", "size": "245.50000000", "price": "0.20780000", "time": "2025-07-11T15:38:28.925452Z", "fetched_at": "2025-07-11T15:39:34.964678+00:00", "symbol": "DOGE-USD"}, {"trade_id": 138520507, "side": "buy", "size": "740.70000000", "price": "0.20777000", "time": "2025-07-11T15:38:28.509725Z", "fetched_at": "2025-07-11T15:39:34.964678+00:00", "symbol": "DOGE-USD"}, {"trade_id": 138520506, "side": "buy", "size": "1220.60000000", "price": "0.20779000", "time": "2025-07-11T15:38:28.509725Z", "fetched_at": "2025-07-11T15:39:34.964678+00:00", "symbol": "DOGE-USD"}, {"trade_id": 138520505, "side": "buy", "size": "248.40000000", "price": "0.20779000", "time": "2025-07-11T15:38:28.509725Z", "fetched_at": "2025-07-11T15:39:34.964678+00:00", "symbol": "DOGE-USD"}, {"trade_id": 138520504, "side": "buy", "size": "197.40000000", "price": "0.20779000", "time": "2025-07-11T15:38:28.509725Z", "fetched_at": "2025-07-11T15:39:34.964678+00:00", "symbol": "DOGE-USD"}, {"trade_id": 138520503, "side": "buy", "size": "48.10000000", "price": "0.20779000", "time": "2025-07-11T15:38:28.504507Z", "fetched_at": "2025-07-11T15:39:34.964678+00:00", "symbol": "DOGE-USD"}, {"trade_id": 138520502, "side": "buy", "size": "241.80000000", "price": "0.20768000", "time": "2025-07-11T15:38:27.640558Z", "fetched_at": "2025-07-11T15:39:34.964678+00:00", "symbol": "DOGE-USD"}, {"trade_id": 138520501, "side": "buy", "size": "245.50000000", "price": "0.20768000", "time": "2025-07-11T15:38:27.640558Z", "fetched_at": "2025-07-11T15:39:34.964678+00:00", "symbol": "DOGE-USD"}, {"trade_id": 138520500, "side": "sell", "size": "1214.00000000", "price": "0.20767000", "time": "2025-07-11T15:38:27.147538Z", "fetched_at": "2025-07-11T15:39:34.964678+00:00", "symbol": "DOGE-USD"}, {"trade_id": 138520499, "side": "sell", "size": "26.90000000", "price": "0.20767000", "time": "2025-07-11T15:38:27.147538Z", "fetched_at": "2025-07-11T15:39:34.964678+00:00", "symbol": "DOGE-USD"}, {"trade_id": 138520498, "side": "buy", "size": "154.70000000", "price": "0.20772000", "time": "2025-07-11T15:38:26.002859Z", "fetched_at": "2025-07-11T15:39:34.964678+00:00", "symbol": "DOGE-USD"}, {"trade_id": 138520497, "side": "buy", "size": "34.60000000", "price": "0.20774000", "time": "2025-07-11T15:38:26.002859Z", "fetched_at": "2025-07-11T15:39:34.964678+00:00", "symbol": "DOGE-USD"}, {"trade_id": 138520496, "side": "buy", "size": "34.60000000", "price": "0.20775000", "time": "2025-07-11T15:38:25.980075Z", "fetched_at": "2025-07-11T15:39:34.964678+00:00", "symbol": "DOGE-USD"}, {"trade_id": 138520495, "side": "buy", "size": "917.70000000", "price": "0.20776000", "time": "2025-07-11T15:38:25.980075Z", "fetched_at": "2025-07-11T15:39:34.964678+00:00", "symbol": "DOGE-USD"}, {"trade_id": 138520494, "side": "buy", "size": "250.10000000", "price": "0.20783000", "time": "2025-07-11T15:38:25.543746Z", "fetched_at": "2025-07-11T15:39:34.964678+00:00", "symbol": "DOGE-USD"}, {"trade_id": 138520493, "side": "sell", "size": "1231.30000000", "price": "0.20784000", "time": "2025-07-11T15:38:25.336596Z", "fetched_at": "2025-07-11T15:39:34.964678+00:00", "symbol": "DOGE-USD"}, {"trade_id": 138520492, "side": "sell", "size": "5.30000000", "price": "0.20784000", "time": "2025-07-11T15:38:25.336596Z", "fetched_at": "2025-07-11T15:39:34.964678+00:00", "symbol": "DOGE-USD"}, {"trade_id": 138520491, "side": "sell", "size": "1287.00000000", "price": "0.20780000", "time": "2025-07-11T15:38:24.217995Z", "fetched_at": "2025-07-11T15:39:34.964678+00:00", "symbol": "DOGE-USD"}, {"trade_id": 138520490, "side": "sell", "size": "5.30000000", "price": "0.20780000", "time": "2025-07-11T15:38:24.217995Z", "fetched_at": "2025-07-11T15:39:34.964678+00:00", "symbol": "DOGE-USD"}, {"trade_id": 138520489, "side": "sell", "size": "5.30000000", "price": "0.20776000", "time": "2025-07-11T15:38:23.900699Z", "fetched_at": "2025-07-11T15:39:34.964678+00:00", "symbol": "DOGE-USD"}, {"trade_id": 138520488, "side": "sell", "size": "59.90000000", "price": "0.20776000", "time": "2025-07-11T15:38:23.900699Z", "fetched_at": "2025-07-11T15:39:34.964678+00:00", "symbol": "DOGE-USD"}, {"trade_id": 138520487, "side": "sell", "size": "21.50000000", "price": "0.20775000", "time": "2025-07-11T15:38:23.898673Z", "fetched_at": "2025-07-11T15:39:34.964678+00:00", "symbol": "DOGE-USD"}, {"trade_id": 138520486, "side": "sell", "size": "60.00000000", "price": "0.20774000", "time": "2025-07-11T15:38:23.868164Z", "fetched_at": "2025-07-11T15:39:34.964678+00:00", "symbol": "DOGE-USD"}, {"trade_id": 138520485, "side": "sell", "size": "117.80000000", "price": "0.20773000", "time": "2025-07-11T15:38:23.750666Z", "fetched_at": "2025-07-11T15:39:34.964678+00:00", "symbol": "DOGE-USD"}, {"trade_id": 138520484, "side": "sell", "size": "22.80000000", "price": "0.20772000", "time": "2025-07-11T15:38:23.732632Z", "fetched_at": "2025-07-11T15:39:34.964678+00:00", "symbol": "DOGE-USD"}, {"trade_id": 138520483, "side": "sell", "size": "5.30000000", "price": "0.20772000", "time": "2025-07-11T15:38:23.732632Z", "fetched_at": "2025-07-11T15:39:34.964678+00:00", "symbol": "DOGE-USD"}, {"trade_id": 138520482, "side": "sell", "size": "127.40000000", "price": "0.20772000", "time": "2025-07-11T15:38:23.732632Z", "fetched_at": "2025-07-11T15:39:34.964678+00:00", "symbol": "DOGE-USD"}, {"trade_id": 138520481, "side": "sell", "size": "175.40000000", "price": "0.20771000", "time": "2025-07-11T15:38:23.416903Z", "fetched_at": "2025-07-11T15:39:34.964678+00:00", "symbol": "DOGE-USD"}, {"trade_id": 138520480, "side": "sell", "size": "122.40000000", "price": "0.20770000", "time": "2025-07-11T15:38:23.063760Z", "fetched_at": "2025-07-11T15:39:34.964678+00:00", "symbol": "DOGE-USD"}, {"trade_id": 138520479, "side": "sell", "size": "180.20000000", "price": "0.20769000", "time": "2025-07-11T15:38:23.059877Z", "fetched_at": "2025-07-11T15:39:34.964678+00:00", "symbol": "DOGE-USD"}, {"trade_id": 138520478, "side": "sell", "size": "59.70000000", "price": "0.20768000", "time": "2025-07-11T15:38:23.058489Z", "fetched_at": "2025-07-11T15:39:34.964678+00:00", "symbol": "DOGE-USD"}, {"trade_id": 138520477, "side": "sell", "size": "24.00000000", "price": "0.20768000", "time": "2025-07-11T15:38:23.058489Z", "fetched_at": "2025-07-11T15:39:34.964678+00:00", "symbol": "DOGE-USD"}, {"trade_id": 138520476, "side": "sell", "size": "5.30000000", "price": "0.20768000", "time": "2025-07-11T15:38:23.058489Z", "fetched_at": "2025-07-11T15:39:34.964678+00:00", "symbol": "DOGE-USD"}, {"trade_id": 138520475, "side": "sell", "size": "16.40000000", "price": "0.20768000", "time": "2025-07-11T15:38:23.058489Z", "fetched_at": "2025-07-11T15:39:34.964678+00:00", "symbol": "DOGE-USD"}, {"trade_id": 138520474, "side": "buy", "size": "243.30000000", "price": "0.20765000", "time": "2025-07-11T15:38:22.729174Z", "fetched_at": "2025-07-11T15:39:34.964678+00:00", "symbol": "DOGE-USD"}, {"trade_id": 138520473, "side": "sell", "size": "40.50000000", "price": "0.20767000", "time": "2025-07-11T15:38:21.542885Z", "fetched_at": "2025-07-11T15:39:34.964678+00:00", "symbol": "DOGE-USD"}, {"trade_id": 138520472, "side": "sell", "size": "1261.90000000", "price": "0.20763000", "time": "2025-07-11T15:38:21.107179Z", "fetched_at": "2025-07-11T15:39:34.964678+00:00", "symbol": "DOGE-USD"}, {"trade_id": 138520471, "side": "sell", "size": "22.80000000", "price": "0.20762000", "time": "2025-07-11T15:38:21.004147Z", "fetched_at": "2025-07-11T15:39:34.964678+00:00", "symbol": "DOGE-USD"}, {"trade_id": 138520470, "side": "sell", "size": "5.30000000", "price": "0.20764000", "time": "2025-07-11T15:38:20.774582Z", "fetched_at": "2025-07-11T15:39:34.964678+00:00", "symbol": "DOGE-USD"}, {"trade_id": 138520469, "side": "sell", "size": "23.80000000", "price": "0.20762000", "time": "2025-07-11T15:38:20.770167Z", "fetched_at": "2025-07-11T15:39:34.964678+00:00", "symbol": "DOGE-USD"}, {"trade_id": 138520468, "side": "buy", "size": "294.20000000", "price": "0.20748000", "time": "2025-07-11T15:38:19.579305Z", "fetched_at": "2025-07-11T15:39:34.964678+00:00", "symbol": "DOGE-USD"}, {"trade_id": 138520467, "side": "buy", "size": "21.00000000", "price": "0.20749000", "time": "2025-07-11T15:38:19.579305Z", "fetched_at": "2025-07-11T15:39:34.964678+00:00", "symbol": "DOGE-USD"}, {"trade_id": 138520466, "side": "buy", "size": "1144.90000000", "price": "0.20749000", "time": "2025-07-11T15:38:19.528399Z", "fetched_at": "2025-07-11T15:39:34.964678+00:00", "symbol": "DOGE-USD"}, {"trade_id": 138520465, "side": "buy", "size": "1430.20000000", "price": "0.20749000", "time": "2025-07-11T15:38:19.528399Z", "fetched_at": "2025-07-11T15:39:34.964678+00:00", "symbol": "DOGE-USD"}, {"trade_id": 138520464, "side": "buy", "size": "1435.70000000", "price": "0.20750000", "time": "2025-07-11T15:38:19.528399Z", "fetched_at": "2025-07-11T15:39:34.964678+00:00", "symbol": "DOGE-USD"}, {"trade_id": 138520463, "side": "buy", "size": "250.40000000", "price": "0.20759000", "time": "2025-07-11T15:38:19.002981Z", "fetched_at": "2025-07-11T15:39:34.964678+00:00", "symbol": "DOGE-USD"}, {"trade_id": 138520462, "side": "sell", "size": "5.30000000", "price": "0.20760000", "time": "2025-07-11T15:38:18.871391Z", "fetched_at": "2025-07-11T15:39:34.964678+00:00", "symbol": "DOGE-USD"}, {"trade_id": 138520461, "side": "sell", "size": "5.30000000", "price": "0.20756000", "time": "2025-07-11T15:38:18.680753Z", "fetched_at": "2025-07-11T15:39:34.964678+00:00", "symbol": "DOGE-USD"}, {"trade_id": 138520460, "side": "sell", "size": "11581.20000000", "price": "0.20753000", "time": "2025-07-11T15:38:18.305999Z", "fetched_at": "2025-07-11T15:39:34.964678+00:00", "symbol": "DOGE-USD"}, {"trade_id": 138520459, "side": "sell", "size": "5.40000000", "price": "0.20752000", "time": "2025-07-11T15:38:18.305999Z", "fetched_at": "2025-07-11T15:39:34.964678+00:00", "symbol": "DOGE-USD"}, {"trade_id": 138520458, "side": "sell", "size": "5.40000000", "price": "0.20748000", "time": "2025-07-11T15:38:18.216348Z", "fetched_at": "2025-07-11T15:39:34.964678+00:00", "symbol": "DOGE-USD"}, {"trade_id": 138520457, "side": "sell", "size": "9967.90000000", "price": "0.20745000", "time": "2025-07-11T15:38:17.899153Z", "fetched_at": "2025-07-11T15:39:34.964678+00:00", "symbol": "DOGE-USD"}, {"trade_id": 138520456, "side": "sell", "size": "26.70000000", "price": "0.20744000", "time": "2025-07-11T15:38:17.899153Z", "fetched_at": "2025-07-11T15:39:34.964678+00:00", "symbol": "DOGE-USD"}, {"trade_id": 138520455, "side": "sell", "size": "5.40000000", "price": "0.20744000", "time": "2025-07-11T15:38:17.899153Z", "fetched_at": "2025-07-11T15:39:34.964678+00:00", "symbol": "DOGE-USD"}, {"trade_id": 138520454, "side": "sell", "size": "5.40000000", "price": "0.20740000", "time": "2025-07-11T15:38:17.471426Z", "fetched_at": "2025-07-11T15:39:34.964678+00:00", "symbol": "DOGE-USD"}, {"trade_id": 138520453, "side": "buy", "size": "76.10000000", "price": "0.20739000", "time": "2025-07-11T15:38:17.148200Z", "fetched_at": "2025-07-11T15:39:34.964678+00:00", "symbol": "DOGE-USD"}, {"trade_id": 138520452, "side": "sell", "size": "5.40000000", "price": "0.20738000", "time": "2025-07-11T15:38:17.074251Z", "fetched_at": "2025-07-11T15:39:34.964678+00:00", "symbol": "DOGE-USD"}, {"trade_id": 138520451, "side": "sell", "size": "5.40000000", "price": "0.20736000", "time": "2025-07-11T15:38:16.953801Z", "fetched_at": "2025-07-11T15:39:34.964678+00:00", "symbol": "DOGE-USD"}, {"trade_id": 138520450, "side": "sell", "size": "5.40000000", "price": "0.20734000", "time": "2025-07-11T15:38:16.891333Z", "fetched_at": "2025-07-11T15:39:34.964678+00:00", "symbol": "DOGE-USD"}, {"trade_id": 138520449, "side": "sell", "size": "5.40000000", "price": "0.20732000", "time": "2025-07-11T15:38:16.675021Z", "fetched_at": "2025-07-11T15:39:34.964678+00:00", "symbol": "DOGE-USD"}, {"trade_id": 138520448, "side": "sell", "size": "1278.30000000", "price": "0.20727000", "time": "2025-07-11T15:38:16.559591Z", "fetched_at": "2025-07-11T15:39:34.964678+00:00", "symbol": "DOGE-USD"}, {"trade_id": 138520447, "side": "sell", "size": "28.60000000", "price": "0.20726000", "time": "2025-07-11T15:38:16.558975Z", "fetched_at": "2025-07-11T15:39:34.964678+00:00", "symbol": "DOGE-USD"}, {"trade_id": 138520446, "side": "sell", "size": "18.50000000", "price": "0.20726000", "time": "2025-07-11T15:38:14.150711Z", "fetched_at": "2025-07-11T15:39:34.964678+00:00", "symbol": "DOGE-USD"}, {"trade_id": 138520445, "side": "sell", "size": "19.60000000", "price": "0.20720000", "time": "2025-07-11T15:38:13.333838Z", "fetched_at": "2025-07-11T15:39:34.964678+00:00", "symbol": "DOGE-USD"}, {"trade_id": 138520444, "side": "buy", "size": "5.40000000", "price": "0.20720000", "time": "2025-07-11T15:38:13.029029Z", "fetched_at": "2025-07-11T15:39:34.964678+00:00", "symbol": "DOGE-USD"}, {"trade_id": 138520443, "side": "buy", "size": "501.90000000", "price": "0.20725000", "time": "2025-07-11T15:38:12.810578Z", "fetched_at": "2025-07-11T15:39:34.964678+00:00", "symbol": "DOGE-USD"}, {"trade_id": 138520442, "side": "sell", "size": "20.40000000", "price": "0.20726000", "time": "2025-07-11T15:38:12.233532Z", "fetched_at": "2025-07-11T15:39:34.964678+00:00", "symbol": "DOGE-USD"}, {"trade_id": 138520441, "side": "buy", "size": "35.20000000", "price": "0.20722000", "time": "2025-07-11T15:38:11.594608Z", "fetched_at": "2025-07-11T15:39:34.964678+00:00", "symbol": "DOGE-USD"}, {"trade_id": 138520440, "side": "buy", "size": "5.40000000", "price": "0.20724000", "time": "2025-07-11T15:38:11.594608Z", "fetched_at": "2025-07-11T15:39:34.964678+00:00", "symbol": "DOGE-USD"}, {"trade_id": 138520439, "side": "buy", "size": "5.40000000", "price": "0.20728000", "time": "2025-07-11T15:38:11.097733Z", "fetched_at": "2025-07-11T15:39:34.964678+00:00", "symbol": "DOGE-USD"}, {"trade_id": 138520438, "side": "buy", "size": "752.40000000", "price": "0.20732000", "time": "2025-07-11T15:38:10.936695Z", "fetched_at": "2025-07-11T15:39:34.964678+00:00", "symbol": "DOGE-USD"}, {"trade_id": 138520437, "side": "buy", "size": "5.40000000", "price": "0.20732000", "time": "2025-07-11T15:38:10.936695Z", "fetched_at": "2025-07-11T15:39:34.964678+00:00", "symbol": "DOGE-USD"}, {"trade_id": 138520436, "side": "buy", "size": "752.20000000", "price": "0.20740000", "time": "2025-07-11T15:38:10.717512Z", "fetched_at": "2025-07-11T15:39:34.964678+00:00", "symbol": "DOGE-USD"}, {"trade_id": 138520435, "side": "buy", "size": "487.40000000", "price": "0.20740000", "time": "2025-07-11T15:38:08.951700Z", "fetched_at": "2025-07-11T15:39:34.964678+00:00", "symbol": "DOGE-USD"}, {"trade_id": 138520434, "side": "sell", "size": "5.40000000", "price": "0.20746000", "time": "2025-07-11T15:38:07.435839Z", "fetched_at": "2025-07-11T15:39:34.964678+00:00", "symbol": "DOGE-USD"}, {"trade_id": 138520433, "side": "sell", "size": "5.40000000", "price": "0.20744000", "time": "2025-07-11T15:38:06.897154Z", "fetched_at": "2025-07-11T15:39:34.964678+00:00", "symbol": "DOGE-USD"}, {"trade_id": 138520432, "side": "sell", "size": "5.40000000", "price": "0.20742000", "time": "2025-07-11T15:38:06.814499Z", "fetched_at": "2025-07-11T15:39:34.964678+00:00", "symbol": "DOGE-USD"}, {"trade_id": 138520431, "side": "sell", "size": "5.40000000", "price": "0.20740000", "time": "2025-07-11T15:38:06.808371Z", "fetched_at": "2025-07-11T15:39:34.964678+00:00", "symbol": "DOGE-USD"}, {"trade_id": 138520430, "side": "sell", "size": "16.40000000", "price": "0.20738000", "time": "2025-07-11T15:38:06.793628Z", "fetched_at": "2025-07-11T15:39:34.964678+00:00", "symbol": "DOGE-USD"}, {"trade_id": 138520429, "side": "sell", "size": "5.40000000", "price": "0.20738000", "time": "2025-07-11T15:38:06.059604Z", "fetched_at": "2025-07-11T15:39:34.964678+00:00", "symbol": "DOGE-USD"}, {"trade_id": 138520428, "side": "sell", "size": "5.40000000", "price": "0.20736000", "time": "2025-07-11T15:38:06.008709Z", "fetched_at": "2025-07-11T15:39:34.964678+00:00", "symbol": "DOGE-USD"}, {"trade_id": 138520427, "side": "buy", "size": "451.80000000", "price": "0.20727000", "time": "2025-07-11T15:38:03.749786Z", "fetched_at": "2025-07-11T15:39:34.964678+00:00", "symbol": "DOGE-USD"}, {"trade_id": 138520426, "side": "buy", "size": "1410.00000000", "price": "0.20730000", "time": "2025-07-11T15:38:03.749786Z", "fetched_at": "2025-07-11T15:39:34.964678+00:00", "symbol": "DOGE-USD"}, {"trade_id": 138520425, "side": "buy", "size": "1314.20000000", "price": "0.20733000", "time": "2025-07-11T15:38:03.749786Z", "fetched_at": "2025-07-11T15:39:34.964678+00:00", "symbol": "DOGE-USD"}, {"trade_id": 138520424, "side": "sell", "size": "11627.40000000", "price": "0.20730000", "time": "2025-07-11T15:38:03.638488Z", "fetched_at": "2025-07-11T15:39:34.964678+00:00", "symbol": "DOGE-USD"}, {"trade_id": 138520423, "side": "sell", "size": "6000.00000000", "price": "0.20729000", "time": "2025-07-11T15:38:03.636347Z", "fetched_at": "2025-07-11T15:39:34.964678+00:00", "symbol": "DOGE-USD"}, {"trade_id": 138520422, "side": "sell", "size": "535.90000000", "price": "0.20727000", "time": "2025-07-11T15:38:03.636347Z", "fetched_at": "2025-07-11T15:39:34.964678+00:00", "symbol": "DOGE-USD"}, {"trade_id": 138520421, "side": "buy", "size": "183.00000000", "price": "0.20735000", "time": "2025-07-11T15:38:02.571406Z", "fetched_at": "2025-07-11T15:39:34.964678+00:00", "symbol": "DOGE-USD"}, {"trade_id": 138520420, "side": "buy", "size": "245.50000000", "price": "0.20735000", "time": "2025-07-11T15:38:02.571406Z", "fetched_at": "2025-07-11T15:39:34.964678+00:00", "symbol": "DOGE-USD"}, {"trade_id": 138520419, "side": "sell", "size": "5.40000000", "price": "0.20728000", "time": "2025-07-11T15:38:02.189334Z", "fetched_at": "2025-07-11T15:39:34.964678+00:00", "symbol": "DOGE-USD"}, {"trade_id": 138520418, "side": "sell", "size": "16691.40000000", "price": "0.20727000", "time": "2025-07-11T15:38:01.955086Z", "fetched_at": "2025-07-11T15:39:34.964678+00:00", "symbol": "DOGE-USD"}, {"trade_id": 138520417, "side": "sell", "size": "5.40000000", "price": "0.20724000", "time": "2025-07-11T15:38:01.955086Z", "fetched_at": "2025-07-11T15:39:34.964678+00:00", "symbol": "DOGE-USD"}, {"trade_id": 138520416, "side": "buy", "size": "34.60000000", "price": "0.20723000", "time": "2025-07-11T15:38:01.944182Z", "fetched_at": "2025-07-11T15:39:34.964678+00:00", "symbol": "DOGE-USD"}, {"trade_id": 138520415, "side": "buy", "size": "242.80000000", "price": "0.20719000", "time": "2025-07-11T15:38:01.883782Z", "fetched_at": "2025-07-11T15:39:34.964678+00:00", "symbol": "DOGE-USD"}, {"trade_id": 138520414, "side": "buy", "size": "245.50000000", "price": "0.20723000", "time": "2025-07-11T15:38:01.883782Z", "fetched_at": "2025-07-11T15:39:34.964678+00:00", "symbol": "DOGE-USD"}, {"trade_id": 138520413, "side": "sell", "size": "5.40000000", "price": "0.20720000", "time": "2025-07-11T15:38:01.875694Z", "fetched_at": "2025-07-11T15:39:34.964678+00:00", "symbol": "DOGE-USD"}, {"trade_id": 138520412, "side": "sell", "size": "5.40000000", "price": "0.20716000", "time": "2025-07-11T15:38:01.576281Z", "fetched_at": "2025-07-11T15:39:34.964678+00:00", "symbol": "DOGE-USD"}, {"trade_id": 138520411, "side": "sell", "size": "5.40000000", "price": "0.20712000", "time": "2025-07-11T15:38:01.576281Z", "fetched_at": "2025-07-11T15:39:34.964678+00:00", "symbol": "DOGE-USD"}, {"trade_id": 138520410, "side": "sell", "size": "5.40000000", "price": "0.20708000", "time": "2025-07-11T15:38:01.344956Z", "fetched_at": "2025-07-11T15:39:34.964678+00:00", "symbol": "DOGE-USD"}, {"trade_id": 138520409, "side": "buy", "size": "48.40000000", "price": "0.20700000", "time": "2025-07-11T15:37:58.341901Z", "fetched_at": "2025-07-11T15:39:34.964678+00:00", "symbol": "DOGE-USD"}, {"trade_id": 138520408, "side": "sell", "size": "5.40000000", "price": "0.20700000", "time": "2025-07-11T15:37:57.436234Z", "fetched_at": "2025-07-11T15:39:34.964678+00:00", "symbol": "DOGE-USD"}, {"trade_id": 138520407, "side": "sell", "size": "5.40000000", "price": "0.20696000", "time": "2025-07-11T15:37:57.409197Z", "fetched_at": "2025-07-11T15:39:34.964678+00:00", "symbol": "DOGE-USD"}, {"trade_id": 138520406, "side": "sell", "size": "5.40000000", "price": "0.20692000", "time": "2025-07-11T15:37:57.260623Z", "fetched_at": "2025-07-11T15:39:34.964678+00:00", "symbol": "DOGE-USD"}, {"trade_id": 138520405, "side": "sell", "size": "300.00000000", "price": "0.20683000", "time": "2025-07-11T15:37:56.285216Z", "fetched_at": "2025-07-11T15:39:34.964678+00:00", "symbol": "DOGE-USD"}, {"trade_id": 138520404, "side": "buy", "size": "48.40000000", "price": "0.20686000", "time": "2025-07-11T15:37:54.560166Z", "fetched_at": "2025-07-11T15:39:34.964678+00:00", "symbol": "DOGE-USD"}, {"trade_id": 138520403, "side": "sell", "size": "483.40000000", "price": "0.20687000", "time": "2025-07-11T15:37:53.763499Z", "fetched_at": "2025-07-11T15:39:34.964678+00:00", "symbol": "DOGE-USD"}, {"trade_id": 138520402, "side": "buy", "size": "17044.70000000", "price": "0.20682000", "time": "2025-07-11T15:37:53.623323Z", "fetched_at": "2025-07-11T15:39:34.964678+00:00", "symbol": "DOGE-USD"}, {"trade_id": 138520401, "side": "buy", "size": "48.40000000", "price": "0.20684000", "time": "2025-07-11T15:37:53.623323Z", "fetched_at": "2025-07-11T15:39:34.964678+00:00", "symbol": "DOGE-USD"}, {"trade_id": 138520400, "side": "buy", "size": "17609.90000000", "price": "0.20683000", "time": "2025-07-11T15:37:53.614775Z", "fetched_at": "2025-07-11T15:39:34.964678+00:00", "symbol": "DOGE-USD"}, {"trade_id": 138520399, "side": "buy", "size": "48.40000000", "price": "0.20684000", "time": "2025-07-11T15:37:53.614775Z", "fetched_at": "2025-07-11T15:39:34.964678+00:00", "symbol": "DOGE-USD"}, {"trade_id": 138520398, "side": "buy", "size": "5.40000000", "price": "0.20684000", "time": "2025-07-11T15:37:53.614775Z", "fetched_at": "2025-07-11T15:39:34.964678+00:00", "symbol": "DOGE-USD"}, {"trade_id": 138520397, "side": "buy", "size": "2690.90000000", "price": "0.20687000", "time": "2025-07-11T15:37:53.476046Z", "fetched_at": "2025-07-11T15:39:34.964678+00:00", "symbol": "DOGE-USD"}, {"trade_id": 138520396, "side": "buy", "size": "1436.10000000", "price": "0.20688000", "time": "2025-07-11T15:37:53.475596Z", "fetched_at": "2025-07-11T15:39:34.964678+00:00", "symbol": "DOGE-USD"}, {"trade_id": 138520395, "side": "buy", "size": "1197.20000000", "price": "0.20688000", "time": "2025-07-11T15:37:53.475596Z", "fetched_at": "2025-07-11T15:39:34.964678+00:00", "symbol": "DOGE-USD"}, {"trade_id": 138520394, "side": "buy", "size": "5.40000000", "price": "0.20688000", "time": "2025-07-11T15:37:53.475596Z", "fetched_at": "2025-07-11T15:39:34.964678+00:00", "symbol": "DOGE-USD"}, {"trade_id": 138520393, "side": "buy", "size": "48.40000000", "price": "0.20689000", "time": "2025-07-11T15:37:53.475312Z", "fetched_at": "2025-07-11T15:39:34.964678+00:00", "symbol": "DOGE-USD"}, {"trade_id": 138520392, "side": "buy", "size": "1612.30000000", "price": "0.20689000", "time": "2025-07-11T15:37:53.475312Z", "fetched_at": "2025-07-11T15:39:34.964678+00:00", "symbol": "DOGE-USD"}, {"trade_id": 138520391, "side": "buy", "size": "1359.60000000", "price": "0.20690000", "time": "2025-07-11T15:37:53.472376Z", "fetched_at": "2025-07-11T15:39:34.964678+00:00", "symbol": "DOGE-USD"}, {"trade_id": 138520390, "side": "buy", "size": "5.40000000", "price": "0.20692000", "time": "2025-07-11T15:37:53.472376Z", "fetched_at": "2025-07-11T15:39:34.964678+00:00", "symbol": "DOGE-USD"}, {"trade_id": 138520389, "side": "sell", "size": "4.80000000", "price": "0.20701000", "time": "2025-07-11T15:37:52.819909Z", "fetched_at": "2025-07-11T15:39:34.964678+00:00", "symbol": "DOGE-USD"}, {"trade_id": 138520388, "side": "sell", "size": "1166.50000000", "price": "0.20702000", "time": "2025-07-11T15:37:52.777039Z", "fetched_at": "2025-07-11T15:39:34.964678+00:00", "symbol": "DOGE-USD"}, {"trade_id": 138520387, "side": "sell", "size": "5.00000000", "price": "0.20698000", "time": "2025-07-11T15:37:52.777039Z", "fetched_at": "2025-07-11T15:39:34.964678+00:00", "symbol": "DOGE-USD"}, {"trade_id": 138520386, "side": "buy", "size": "22.50000000", "price": "0.20694000", "time": "2025-07-11T15:37:52.776589Z", "fetched_at": "2025-07-11T15:39:34.964678+00:00", "symbol": "DOGE-USD"}, {"trade_id": 138520385, "side": "buy", "size": "245.50000000", "price": "0.20694000", "time": "2025-07-11T15:37:52.776589Z", "fetched_at": "2025-07-11T15:39:34.964678+00:00", "symbol": "DOGE-USD"}, {"trade_id": 138520384, "side": "sell", "size": "40.00000000", "price": "0.20696000", "time": "2025-07-11T15:37:52.687009Z", "fetched_at": "2025-07-11T15:39:34.964678+00:00", "symbol": "DOGE-USD"}, {"trade_id": 138520383, "side": "sell", "size": "245.50000000", "price": "0.20696000", "time": "2025-07-11T15:37:52.687009Z", "fetched_at": "2025-07-11T15:39:34.964678+00:00", "symbol": "DOGE-USD"}, {"trade_id": 138520382, "side": "sell", "size": "183.00000000", "price": "0.20695000", "time": "2025-07-11T15:37:52.687009Z", "fetched_at": "2025-07-11T15:39:34.964678+00:00", "symbol": "DOGE-USD"}, {"trade_id": 138520381, "side": "buy", "size": "5.40000000", "price": "0.20696000", "time": "2025-07-11T15:37:52.678830Z", "fetched_at": "2025-07-11T15:39:34.964678+00:00", "symbol": "DOGE-USD"}, {"trade_id": 138520380, "side": "buy", "size": "1319.90000000", "price": "0.20699000", "time": "2025-07-11T15:37:51.991600Z", "fetched_at": "2025-07-11T15:39:34.964678+00:00", "symbol": "DOGE-USD"}, {"trade_id": 138520379, "side": "buy", "size": "5.40000000", "price": "0.20700000", "time": "2025-07-11T15:37:51.991600Z", "fetched_at": "2025-07-11T15:39:34.964678+00:00", "symbol": "DOGE-USD"}, {"trade_id": 138520378, "side": "buy", "size": "5.40000000", "price": "0.20704000", "time": "2025-07-11T15:37:51.660969Z", "fetched_at": "2025-07-11T15:39:34.964678+00:00", "symbol": "DOGE-USD"}, {"trade_id": 138520377, "side": "buy", "size": "53.20000000", "price": "0.20708000", "time": "2025-07-11T15:37:51.198819Z", "fetched_at": "2025-07-11T15:39:34.964678+00:00", "symbol": "DOGE-USD"}, {"trade_id": 138520376, "side": "buy", "size": "5.40000000", "price": "0.20708000", "time": "2025-07-11T15:37:51.198819Z", "fetched_at": "2025-07-11T15:39:34.964678+00:00", "symbol": "DOGE-USD"}, {"trade_id": 138520375, "side": "buy", "size": "5.40000000", "price": "0.20712000", "time": "2025-07-11T15:37:50.404434Z", "fetched_at": "2025-07-11T15:39:34.964678+00:00", "symbol": "DOGE-USD"}, {"trade_id": 138520374, "side": "buy", "size": "23287.80000000", "price": "0.20714000", "time": "2025-07-11T15:37:50.353951Z", "fetched_at": "2025-07-11T15:39:34.964678+00:00", "symbol": "DOGE-USD"}, {"trade_id": 138520373, "side": "buy", "size": "37.30000000", "price": "0.20717000", "time": "2025-07-11T15:37:50.353951Z", "fetched_at": "2025-07-11T15:39:34.964678+00:00", "symbol": "DOGE-USD"}, {"trade_id": 138520372, "side": "buy", "size": "5.40000000", "price": "0.20716000", "time": "2025-07-11T15:37:50.350939Z", "fetched_at": "2025-07-11T15:39:34.964678+00:00", "symbol": "DOGE-USD"}, {"trade_id": 138520371, "side": "buy", "size": "37.30000000", "price": "0.20717000", "time": "2025-07-11T15:37:50.347935Z", "fetched_at": "2025-07-11T15:39:34.964678+00:00", "symbol": "DOGE-USD"}, {"trade_id": 138520370, "side": "buy", "size": "5.40000000", "price": "0.20720000", "time": "2025-07-11T15:37:50.342847Z", "fetched_at": "2025-07-11T15:39:34.964678+00:00", "symbol": "DOGE-USD"}, {"trade_id": 138520369, "side": "buy", "size": "431.60000000", "price": "0.20726000", "time": "2025-07-11T15:37:49.836770Z", "fetched_at": "2025-07-11T15:39:34.964678+00:00", "symbol": "DOGE-USD"}, {"trade_id": 138520368, "side": "buy", "size": "15.70000000", "price": "0.20730000", "time": "2025-07-11T15:37:49.234263Z", "fetched_at": "2025-07-11T15:39:34.964678+00:00", "symbol": "DOGE-USD"}, {"trade_id": 138520367, "side": "buy", "size": "245.50000000", "price": "0.20730000", "time": "2025-07-11T15:37:49.234263Z", "fetched_at": "2025-07-11T15:39:34.964678+00:00", "symbol": "DOGE-USD"}, {"trade_id": 138520366, "side": "buy", "size": "271.10000000", "price": "0.20733000", "time": "2025-07-11T15:37:49.002332Z", "fetched_at": "2025-07-11T15:39:34.964678+00:00", "symbol": "DOGE-USD"}, {"trade_id": 138520365, "side": "buy", "size": "406.60000000", "price": "0.20735000", "time": "2025-07-11T15:37:47.780855Z", "fetched_at": "2025-07-11T15:39:34.964678+00:00", "symbol": "DOGE-USD"}, {"trade_id": 138520364, "side": "buy", "size": "20.90000000", "price": "0.20738000", "time": "2025-07-11T15:37:46.446362Z", "fetched_at": "2025-07-11T15:39:34.964678+00:00", "symbol": "DOGE-USD"}, {"trade_id": 138520363, "side": "sell", "size": "5.40000000", "price": "0.20742000", "time": "2025-07-11T15:37:46.073014Z", "fetched_at": "2025-07-11T15:39:34.964678+00:00", "symbol": "DOGE-USD"}, {"trade_id": 138520362, "side": "sell", "size": "1528.40000000", "price": "0.20741000", "time": "2025-07-11T15:37:45.950332Z", "fetched_at": "2025-07-11T15:39:34.964678+00:00", "symbol": "DOGE-USD"}, {"trade_id": 138520361, "side": "sell", "size": "1996.00000000", "price": "0.20741000", "time": "2025-07-11T15:37:45.950332Z", "fetched_at": "2025-07-11T15:39:34.964678+00:00", "symbol": "DOGE-USD"}, {"trade_id": 138520360, "side": "sell", "size": "39.50000000", "price": "0.20740000", "time": "2025-07-11T15:37:45.950332Z", "fetched_at": "2025-07-11T15:39:34.964678+00:00", "symbol": "DOGE-USD"}, {"trade_id": 138520359, "side": "sell", "size": "5.40000000", "price": "0.20740000", "time": "2025-07-11T15:37:45.950332Z", "fetched_at": "2025-07-11T15:39:34.964678+00:00", "symbol": "DOGE-USD"}, {"trade_id": 138520358, "side": "buy", "size": "487.40000000", "price": "0.20739000", "time": "2025-07-11T15:37:45.809768Z", "fetched_at": "2025-07-11T15:39:34.964678+00:00", "symbol": "DOGE-USD"}, {"trade_id": 138520357, "side": "buy", "size": "250.70000000", "price": "0.20737000", "time": "2025-07-11T15:37:44.145735Z", "fetched_at": "2025-07-11T15:39:34.964678+00:00", "symbol": "DOGE-USD"}, {"trade_id": 138520356, "side": "buy", "size": "1246.90000000", "price": "0.20740000", "time": "2025-07-11T15:37:40.572551Z", "fetched_at": "2025-07-11T15:39:34.964678+00:00", "symbol": "DOGE-USD"}, {"trade_id": 138520355, "side": "sell", "size": "5.40000000", "price": "0.20740000", "time": "2025-07-11T15:37:40.117139Z", "fetched_at": "2025-07-11T15:39:34.964678+00:00", "symbol": "DOGE-USD"}, {"trade_id": 138520354, "side": "buy", "size": "3.90000000", "price": "0.20724000", "time": "2025-07-11T15:37:38.470496Z", "fetched_at": "2025-07-11T15:39:34.964678+00:00", "symbol": "DOGE-USD"}, {"trade_id": 138520353, "side": "buy", "size": "1.50000000", "price": "0.20724000", "time": "2025-07-11T15:37:38.368878Z", "fetched_at": "2025-07-11T15:39:34.964678+00:00", "symbol": "DOGE-USD"}, {"trade_id": 138520352, "side": "buy", "size": "5.40000000", "price": "0.20728000", "time": "2025-07-11T15:37:38.251838Z", "fetched_at": "2025-07-11T15:39:34.964678+00:00", "symbol": "DOGE-USD"}, {"trade_id": 138520351, "side": "buy", "size": "7326.20000000", "price": "0.20731000", "time": "2025-07-11T15:37:37.066262Z", "fetched_at": "2025-07-11T15:39:34.964678+00:00", "symbol": "DOGE-USD"}, {"trade_id": 138520350, "side": "buy", "size": "5257.00000000", "price": "0.20732000", "time": "2025-07-11T15:37:37.022499Z", "fetched_at": "2025-07-11T15:39:34.964678+00:00", "symbol": "DOGE-USD"}, {"trade_id": 138520349, "side": "buy", "size": "167.40000000", "price": "0.20732000", "time": "2025-07-11T15:37:37.022499Z", "fetched_at": "2025-07-11T15:39:34.964678+00:00", "symbol": "DOGE-USD"}, {"trade_id": 138520348, "side": "buy", "size": "5.40000000", "price": "0.20732000", "time": "2025-07-11T15:37:37.022499Z", "fetched_at": "2025-07-11T15:39:34.964678+00:00", "symbol": "DOGE-USD"}, {"trade_id": 138520347, "side": "sell", "size": "1472.40000000", "price": "0.20737000", "time": "2025-07-11T15:37:35.334494Z", "fetched_at": "2025-07-11T15:39:34.964678+00:00", "symbol": "DOGE-USD"}, {"trade_id": 138520346, "side": "sell", "size": "183.00000000", "price": "0.20737000", "time": "2025-07-11T15:37:35.334494Z", "fetched_at": "2025-07-11T15:39:34.964678+00:00", "symbol": "DOGE-USD"}, {"trade_id": 138520345, "side": "sell", "size": "500.00000000", "price": "0.20736000", "time": "2025-07-11T15:37:35.334223Z", "fetched_at": "2025-07-11T15:39:34.964678+00:00", "symbol": "DOGE-USD"}, {"trade_id": 138520344, "side": "sell", "size": "46.50000000", "price": "0.20736000", "time": "2025-07-11T15:37:35.334223Z", "fetched_at": "2025-07-11T15:39:34.964678+00:00", "symbol": "DOGE-USD"}, {"trade_id": 138520343, "side": "buy", "size": "4.00000000", "price": "0.20736000", "time": "2025-07-11T15:37:35.322408Z", "fetched_at": "2025-07-11T15:39:34.964678+00:00", "symbol": "DOGE-USD"}, {"trade_id": 138520342, "side": "buy", "size": "1.40000000", "price": "0.20736000", "time": "2025-07-11T15:37:35.009747Z", "fetched_at": "2025-07-11T15:39:34.964678+00:00", "symbol": "DOGE-USD"}, {"trade_id": 138520341, "side": "buy", "size": "251.10000000", "price": "0.20738000", "time": "2025-07-11T15:37:34.844618Z", "fetched_at": "2025-07-11T15:39:34.964678+00:00", "symbol": "DOGE-USD"}, {"trade_id": 138520340, "side": "buy", "size": "183.00000000", "price": "0.20738000", "time": "2025-07-11T15:37:34.844618Z", "fetched_at": "2025-07-11T15:39:34.964678+00:00", "symbol": "DOGE-USD"}, {"trade_id": 138520339, "side": "sell", "size": "890.40000000", "price": "0.20747000", "time": "2025-07-11T15:37:34.050967Z", "fetched_at": "2025-07-11T15:39:34.964678+00:00", "symbol": "DOGE-USD"}, {"trade_id": 138520338, "side": "sell", "size": "309.60000000", "price": "0.20744000", "time": "2025-07-11T15:37:34.050967Z", "fetched_at": "2025-07-11T15:39:34.964678+00:00", "symbol": "DOGE-USD"}, {"trade_id": 138520337, "side": "sell", "size": "1026.10000000", "price": "0.20744000", "time": "2025-07-11T15:37:34.050742Z", "fetched_at": "2025-07-11T15:39:34.964678+00:00", "symbol": "DOGE-USD"}, {"trade_id": 138520336, "side": "sell", "size": "333.30000000", "price": "0.20744000", "time": "2025-07-11T15:37:34.050742Z", "fetched_at": "2025-07-11T15:39:34.964678+00:00", "symbol": "DOGE-USD"}, {"trade_id": 138520335, "side": "sell", "size": "983.80000000", "price": "0.20744000", "time": "2025-07-11T15:37:34.050637Z", "fetched_at": "2025-07-11T15:39:34.964678+00:00", "symbol": "DOGE-USD"}, {"trade_id": 138520334, "side": "sell", "size": "1620.70000000", "price": "0.20743000", "time": "2025-07-11T15:37:34.050637Z", "fetched_at": "2025-07-11T15:39:34.964678+00:00", "symbol": "DOGE-USD"}, {"trade_id": 138520333, "side": "sell", "size": "48.30000000", "price": "0.20743000", "time": "2025-07-11T15:37:34.050637Z", "fetched_at": "2025-07-11T15:39:34.964678+00:00", "symbol": "DOGE-USD"}, {"trade_id": 138520332, "side": "buy", "size": "524.30000000", "price": "0.20740000", "time": "2025-07-11T15:37:33.968298Z", "fetched_at": "2025-07-11T15:39:34.964678+00:00", "symbol": "DOGE-USD"}, {"trade_id": 138520331, "side": "buy", "size": "1401.50000000", "price": "0.20742000", "time": "2025-07-11T15:37:33.968298Z", "fetched_at": "2025-07-11T15:39:34.964678+00:00", "symbol": "DOGE-USD"}, {"trade_id": 138520330, "side": "sell", "size": "48.30000000", "price": "0.20736000", "time": "2025-07-11T15:37:31.736529Z", "fetched_at": "2025-07-11T15:39:34.964678+00:00", "symbol": "DOGE-USD"}, {"trade_id": 138520329, "side": "buy", "size": "80.40000000", "price": "0.20732000", "time": "2025-07-11T15:37:30.856271Z", "fetched_at": "2025-07-11T15:39:34.964678+00:00", "symbol": "DOGE-USD"}, {"trade_id": 138520328, "side": "buy", "size": "48.30000000", "price": "0.20732000", "time": "2025-07-11T15:37:30.856271Z", "fetched_at": "2025-07-11T15:39:34.964678+00:00", "symbol": "DOGE-USD"}, {"trade_id": 138520327, "side": "buy", "size": "5.40000000", "price": "0.20732000", "time": "2025-07-11T15:37:30.856271Z", "fetched_at": "2025-07-11T15:39:34.964678+00:00", "symbol": "DOGE-USD"}, {"trade_id": 138520326, "side": "buy", "size": "1197.10000000", "price": "0.20734000", "time": "2025-07-11T15:37:30.856271Z", "fetched_at": "2025-07-11T15:39:34.964678+00:00", "symbol": "DOGE-USD"}, {"trade_id": 138520325, "side": "buy", "size": "5.40000000", "price": "0.20736000", "time": "2025-07-11T15:37:30.856271Z", "fetched_at": "2025-07-11T15:39:34.964678+00:00", "symbol": "DOGE-USD"}, {"trade_id": 138520324, "side": "buy", "size": "275.00000000", "price": "0.20740000", "time": "2025-07-11T15:37:30.585214Z", "fetched_at": "2025-07-11T15:39:34.964678+00:00", "symbol": "DOGE-USD"}, {"trade_id": 138520323, "side": "buy", "size": "5.40000000", "price": "0.20740000", "time": "2025-07-11T15:37:30.585214Z", "fetched_at": "2025-07-11T15:39:34.964678+00:00", "symbol": "DOGE-USD"}, {"trade_id": 138520322, "side": "sell", "size": "18.20000000", "price": "0.20741000", "time": "2025-07-11T15:37:30.156818Z", "fetched_at": "2025-07-11T15:39:34.964678+00:00", "symbol": "DOGE-USD"}, {"trade_id": 138520321, "side": "buy", "size": "5.40000000", "price": "0.20744000", "time": "2025-07-11T15:37:29.820862Z", "fetched_at": "2025-07-11T15:39:34.964678+00:00", "symbol": "DOGE-USD"}, {"trade_id": 138520320, "side": "buy", "size": "5.40000000", "price": "0.20748000", "time": "2025-07-11T15:37:29.489763Z", "fetched_at": "2025-07-11T15:39:34.964678+00:00", "symbol": "DOGE-USD"}, {"trade_id": 138520319, "side": "buy", "size": "73.10000000", "price": "0.20752000", "time": "2025-07-11T15:37:29.110629Z", "fetched_at": "2025-07-11T15:39:34.964678+00:00", "symbol": "DOGE-USD"}, {"trade_id": 138520318, "side": "buy", "size": "5.40000000", "price": "0.20752000", "time": "2025-07-11T15:37:29.110629Z", "fetched_at": "2025-07-11T15:39:34.964678+00:00", "symbol": "DOGE-USD"}, {"trade_id": 138520317, "side": "buy", "size": "5.30000000", "price": "0.20756000", "time": "2025-07-11T15:37:28.895556Z", "fetched_at": "2025-07-11T15:39:34.964678+00:00", "symbol": "DOGE-USD"}, {"trade_id": 138520316, "side": "buy", "size": "862.40000000", "price": "0.20765000", "time": "2025-07-11T15:37:27.212177Z", "fetched_at": "2025-07-11T15:39:34.964678+00:00", "symbol": "DOGE-USD"}, {"trade_id": 138520315, "side": "buy", "size": "109.50000000", "price": "0.20767000", "time": "2025-07-11T15:37:27.212177Z", "fetched_at": "2025-07-11T15:39:34.964678+00:00", "symbol": "DOGE-USD"}, {"trade_id": 138520314, "side": "sell", "size": "812.60000000", "price": "0.20759000", "time": "2025-07-11T15:37:26.219517Z", "fetched_at": "2025-07-11T15:39:34.964678+00:00", "symbol": "DOGE-USD"}, {"trade_id": 138520313, "side": "buy", "size": "5.30000000", "price": "0.20760000", "time": "2025-07-11T15:37:26.090827Z", "fetched_at": "2025-07-11T15:39:34.964678+00:00", "symbol": "DOGE-USD"}, {"trade_id": 138520312, "side": "buy", "size": "5.30000000", "price": "0.20764000", "time": "2025-07-11T15:37:26.090827Z", "fetched_at": "2025-07-11T15:39:34.964678+00:00", "symbol": "DOGE-USD"}, {"trade_id": 138520311, "side": "buy", "size": "5.30000000", "price": "0.20766000", "time": "2025-07-11T15:37:26.017066Z", "fetched_at": "2025-07-11T15:39:34.964678+00:00", "symbol": "DOGE-USD"}, {"trade_id": 138520310, "side": "buy", "size": "5.30000000", "price": "0.20768000", "time": "2025-07-11T15:37:26.002091Z", "fetched_at": "2025-07-11T15:39:34.964678+00:00", "symbol": "DOGE-USD"}, {"trade_id": 138520309, "side": "buy", "size": "5.30000000", "price": "0.20770000", "time": "2025-07-11T15:37:25.996313Z", "fetched_at": "2025-07-11T15:39:34.964678+00:00", "symbol": "DOGE-USD"}, {"trade_id": 138520308, "side": "buy", "size": "5.30000000", "price": "0.20772000", "time": "2025-07-11T15:37:25.908428Z", "fetched_at": "2025-07-11T15:39:34.964678+00:00", "symbol": "DOGE-USD"}, {"trade_id": 138520307, "side": "buy", "size": "5.30000000", "price": "0.20774000", "time": "2025-07-11T15:37:25.891993Z", "fetched_at": "2025-07-11T15:39:34.964678+00:00", "symbol": "DOGE-USD"}, {"trade_id": 138520306, "side": "buy", "size": "399.30000000", "price": "0.20778000", "time": "2025-07-11T15:37:25.590662Z", "fetched_at": "2025-07-11T15:39:34.964678+00:00", "symbol": "DOGE-USD"}, {"trade_id": 138520305, "side": "sell", "size": "11685.30000000", "price": "0.20786000", "time": "2025-07-11T15:37:24.985687Z", "fetched_at": "2025-07-11T15:39:34.964678+00:00", "symbol": "DOGE-USD"}, {"trade_id": 138520304, "side": "sell", "size": "5.30000000", "price": "0.20786000", "time": "2025-07-11T15:37:24.985687Z", "fetched_at": "2025-07-11T15:39:34.964678+00:00", "symbol": "DOGE-USD"}, {"trade_id": 138520303, "side": "sell", "size": "6860.80000000", "price": "0.20785000", "time": "2025-07-11T15:37:24.980100Z", "fetched_at": "2025-07-11T15:39:34.964678+00:00", "symbol": "DOGE-USD"}, {"trade_id": 138520302, "side": "sell", "size": "1203.20000000", "price": "0.20785000", "time": "2025-07-11T15:37:24.980100Z", "fetched_at": "2025-07-11T15:39:34.964678+00:00", "symbol": "DOGE-USD"}