[{"trade_id": 849690955, "side": "sell", "size": "0.00004047", "price": "116177.78000000", "time": "2025-07-15T15:23:20.037071Z", "fetched_at": "2025-07-15T15:23:24.930923+00:00", "symbol": "BTC-USD"}, {"trade_id": 849690954, "side": "sell", "size": "0.00020918", "price": "116177.78000000", "time": "2025-07-15T15:23:19.959445Z", "fetched_at": "2025-07-15T15:23:24.930923+00:00", "symbol": "BTC-USD"}, {"trade_id": 849690953, "side": "sell", "size": "0.00250948", "price": "116177.78000000", "time": "2025-07-15T15:23:19.951063Z", "fetched_at": "2025-07-15T15:23:24.930923+00:00", "symbol": "BTC-USD"}, {"trade_id": 849690952, "side": "sell", "size": "0.00001000", "price": "116191.40000000", "time": "2025-07-15T15:23:18.558135Z", "fetched_at": "2025-07-15T15:23:24.930923+00:00", "symbol": "BTC-USD"}, {"trade_id": 849690951, "side": "buy", "size": "0.12551155", "price": "116182.68000000", "time": "2025-07-15T15:23:18.536583Z", "fetched_at": "2025-07-15T15:23:24.930923+00:00", "symbol": "BTC-USD"}, {"trade_id": 849690950, "side": "buy", "size": "0.00151633", "price": "116186.21000000", "time": "2025-07-15T15:23:18.536583Z", "fetched_at": "2025-07-15T15:23:24.930923+00:00", "symbol": "BTC-USD"}, {"trade_id": 849690949, "side": "buy", "size": "0.00113725", "price": "116186.33000000", "time": "2025-07-15T15:23:18.536583Z", "fetched_at": "2025-07-15T15:23:24.930923+00:00", "symbol": "BTC-USD"}, {"trade_id": 849690948, "side": "buy", "size": "0.00033427", "price": "116186.46000000", "time": "2025-07-15T15:23:18.536583Z", "fetched_at": "2025-07-15T15:23:24.930923+00:00", "symbol": "BTC-USD"}, {"trade_id": 849690947, "side": "buy", "size": "0.00087045", "price": "116186.58000000", "time": "2025-07-15T15:23:18.536583Z", "fetched_at": "2025-07-15T15:23:24.930923+00:00", "symbol": "BTC-USD"}, {"trade_id": 849690946, "side": "buy", "size": "0.08604580", "price": "116186.59000000", "time": "2025-07-15T15:23:18.536583Z", "fetched_at": "2025-07-15T15:23:24.930923+00:00", "symbol": "BTC-USD"}, {"trade_id": 849690945, "side": "buy", "size": "0.00023686", "price": "116186.89000000", "time": "2025-07-15T15:23:18.536583Z", "fetched_at": "2025-07-15T15:23:24.930923+00:00", "symbol": "BTC-USD"}, {"trade_id": 849690944, "side": "buy", "size": "0.00860649", "price": "116191.34000000", "time": "2025-07-15T15:23:18.536583Z", "fetched_at": "2025-07-15T15:23:24.930923+00:00", "symbol": "BTC-USD"}, {"trade_id": 849690943, "side": "buy", "size": "0.03050000", "price": "116191.39000000", "time": "2025-07-15T15:23:18.536583Z", "fetched_at": "2025-07-15T15:23:24.930923+00:00", "symbol": "BTC-USD"}, {"trade_id": 849690942, "side": "sell", "size": "0.01987068", "price": "116184.85000000", "time": "2025-07-15T15:23:18.438733Z", "fetched_at": "2025-07-15T15:23:24.930923+00:00", "symbol": "BTC-USD"}, {"trade_id": 849690941, "side": "sell", "size": "0.00001000", "price": "116182.69000000", "time": "2025-07-15T15:23:18.435020Z", "fetched_at": "2025-07-15T15:23:24.930923+00:00", "symbol": "BTC-USD"}, {"trade_id": 849690940, "side": "sell", "size": "0.00860737", "price": "116179.52000000", "time": "2025-07-15T15:23:18.428799Z", "fetched_at": "2025-07-15T15:23:24.930923+00:00", "symbol": "BTC-USD"}, {"trade_id": 849690939, "side": "sell", "size": "0.00227263", "price": "116177.89000000", "time": "2025-07-15T15:23:18.421278Z", "fetched_at": "2025-07-15T15:23:24.930923+00:00", "symbol": "BTC-USD"}, {"trade_id": 849690938, "side": "buy", "size": "0.00041000", "price": "116177.77000000", "time": "2025-07-15T15:23:18.290257Z", "fetched_at": "2025-07-15T15:23:24.930923+00:00", "symbol": "BTC-USD"}, {"trade_id": 849690937, "side": "sell", "size": "0.00860834", "price": "116166.47000000", "time": "2025-07-15T15:23:18.241474Z", "fetched_at": "2025-07-15T15:23:24.930923+00:00", "symbol": "BTC-USD"}, {"trade_id": 849690936, "side": "sell", "size": "0.01136316", "price": "116167.59000000", "time": "2025-07-15T15:23:18.238565Z", "fetched_at": "2025-07-15T15:23:24.930923+00:00", "symbol": "BTC-USD"}, {"trade_id": 849690935, "side": "sell", "size": "0.04119049", "price": "116167.57000000", "time": "2025-07-15T15:23:18.238565Z", "fetched_at": "2025-07-15T15:23:24.930923+00:00", "symbol": "BTC-USD"}, {"trade_id": 849690934, "side": "sell", "size": "0.00001034", "price": "116164.89000000", "time": "2025-07-15T15:23:18.228615Z", "fetched_at": "2025-07-15T15:23:24.930923+00:00", "symbol": "BTC-USD"}, {"trade_id": 849690933, "side": "sell", "size": "0.00000664", "price": "116164.74000000", "time": "2025-07-15T15:23:18.228615Z", "fetched_at": "2025-07-15T15:23:24.930923+00:00", "symbol": "BTC-USD"}, {"trade_id": 849690932, "side": "sell", "size": "0.00025454", "price": "116164.74000000", "time": "2025-07-15T15:23:18.228615Z", "fetched_at": "2025-07-15T15:23:24.930923+00:00", "symbol": "BTC-USD"}, {"trade_id": 849690931, "side": "sell", "size": "0.00790969", "price": "116161.55000000", "time": "2025-07-15T15:23:18.112392Z", "fetched_at": "2025-07-15T15:23:24.930923+00:00", "symbol": "BTC-USD"}, {"trade_id": 849690930, "side": "sell", "size": "0.00860870", "price": "116161.55000000", "time": "2025-07-15T15:23:18.112392Z", "fetched_at": "2025-07-15T15:23:24.930923+00:00", "symbol": "BTC-USD"}, {"trade_id": 849690929, "side": "sell", "size": "0.02560000", "price": "116159.81000000", "time": "2025-07-15T15:23:18.087597Z", "fetched_at": "2025-07-15T15:23:24.930923+00:00", "symbol": "BTC-USD"}, {"trade_id": 849690928, "side": "sell", "size": "0.06053348", "price": "116159.81000000", "time": "2025-07-15T15:23:18.087597Z", "fetched_at": "2025-07-15T15:23:24.930923+00:00", "symbol": "BTC-USD"}, {"trade_id": 849690927, "side": "sell", "size": "0.02418578", "price": "116159.81000000", "time": "2025-07-15T15:23:18.087597Z", "fetched_at": "2025-07-15T15:23:24.930923+00:00", "symbol": "BTC-USD"}, {"trade_id": 849690926, "side": "sell", "size": "0.00033454", "price": "116159.81000000", "time": "2025-07-15T15:23:17.862331Z", "fetched_at": "2025-07-15T15:23:24.930923+00:00", "symbol": "BTC-USD"}, {"trade_id": 849690925, "side": "sell", "size": "0.00004260", "price": "116159.81000000", "time": "2025-07-15T15:23:17.679553Z", "fetched_at": "2025-07-15T15:23:24.930923+00:00", "symbol": "BTC-USD"}, {"trade_id": 849690924, "side": "buy", "size": "0.00002830", "price": "116164.38000000", "time": "2025-07-15T15:23:17.022267Z", "fetched_at": "2025-07-15T15:23:24.930923+00:00", "symbol": "BTC-USD"}, {"trade_id": 849690923, "side": "buy", "size": "0.00860849", "price": "116164.38000000", "time": "2025-07-15T15:23:17.022267Z", "fetched_at": "2025-07-15T15:23:24.930923+00:00", "symbol": "BTC-USD"}, {"trade_id": 849690922, "side": "buy", "size": "0.00005010", "price": "116164.73000000", "time": "2025-07-15T15:23:17.022267Z", "fetched_at": "2025-07-15T15:23:24.930923+00:00", "symbol": "BTC-USD"}, {"trade_id": 849690921, "side": "sell", "size": "0.00085740", "price": "116164.74000000", "time": "2025-07-15T15:23:16.622993Z", "fetched_at": "2025-07-15T15:23:24.930923+00:00", "symbol": "BTC-USD"}, {"trade_id": 849690920, "side": "sell", "size": "0.00021392", "price": "116164.74000000", "time": "2025-07-15T15:23:15.985473Z", "fetched_at": "2025-07-15T15:23:24.930923+00:00", "symbol": "BTC-USD"}, {"trade_id": 849690919, "side": "sell", "size": "0.00017041", "price": "116164.74000000", "time": "2025-07-15T15:23:15.806788Z", "fetched_at": "2025-07-15T15:23:24.930923+00:00", "symbol": "BTC-USD"}, {"trade_id": 849690918, "side": "sell", "size": "0.00209095", "price": "116164.74000000", "time": "2025-07-15T15:23:15.449178Z", "fetched_at": "2025-07-15T15:23:24.930923+00:00", "symbol": "BTC-USD"}, {"trade_id": 849690917, "side": "sell", "size": "0.00020407", "price": "116164.74000000", "time": "2025-07-15T15:23:15.276160Z", "fetched_at": "2025-07-15T15:23:24.930923+00:00", "symbol": "BTC-USD"}, {"trade_id": 849690916, "side": "sell", "size": "0.00418221", "price": "116164.74000000", "time": "2025-07-15T15:23:15.141889Z", "fetched_at": "2025-07-15T15:23:24.930923+00:00", "symbol": "BTC-USD"}, {"trade_id": 849690915, "side": "sell", "size": "0.00020411", "price": "116164.74000000", "time": "2025-07-15T15:23:14.976420Z", "fetched_at": "2025-07-15T15:23:24.930923+00:00", "symbol": "BTC-USD"}, {"trade_id": 849690914, "side": "sell", "size": "0.00004081", "price": "116164.74000000", "time": "2025-07-15T15:23:14.828759Z", "fetched_at": "2025-07-15T15:23:24.930923+00:00", "symbol": "BTC-USD"}, {"trade_id": 849690913, "side": "buy", "size": "0.00126854", "price": "116164.73000000", "time": "2025-07-15T15:23:14.490121Z", "fetched_at": "2025-07-15T15:23:24.930923+00:00", "symbol": "BTC-USD"}, {"trade_id": 849690912, "side": "sell", "size": "0.00008067", "price": "116164.74000000", "time": "2025-07-15T15:23:14.215163Z", "fetched_at": "2025-07-15T15:23:24.930923+00:00", "symbol": "BTC-USD"}, {"trade_id": 849690911, "side": "sell", "size": "0.00000241", "price": "116164.74000000", "time": "2025-07-15T15:23:14.215163Z", "fetched_at": "2025-07-15T15:23:24.930923+00:00", "symbol": "BTC-USD"}, {"trade_id": 849690910, "side": "sell", "size": "0.00083638", "price": "116164.74000000", "time": "2025-07-15T15:23:13.831717Z", "fetched_at": "2025-07-15T15:23:24.930923+00:00", "symbol": "BTC-USD"}, {"trade_id": 849690909, "side": "sell", "size": "0.00167278", "price": "116164.74000000", "time": "2025-07-15T15:23:13.728942Z", "fetched_at": "2025-07-15T15:23:24.930923+00:00", "symbol": "BTC-USD"}, {"trade_id": 849690908, "side": "sell", "size": "0.00020909", "price": "116164.74000000", "time": "2025-07-15T15:23:13.695732Z", "fetched_at": "2025-07-15T15:23:24.930923+00:00", "symbol": "BTC-USD"}, {"trade_id": 849690907, "side": "sell", "size": "0.00085204", "price": "116164.74000000", "time": "2025-07-15T15:23:13.436020Z", "fetched_at": "2025-07-15T15:23:24.930923+00:00", "symbol": "BTC-USD"}, {"trade_id": 849690906, "side": "sell", "size": "0.00016329", "price": "116164.74000000", "time": "2025-07-15T15:23:13.064353Z", "fetched_at": "2025-07-15T15:23:24.930923+00:00", "symbol": "BTC-USD"}, {"trade_id": 849690905, "side": "sell", "size": "0.00008521", "price": "116164.74000000", "time": "2025-07-15T15:23:12.661621Z", "fetched_at": "2025-07-15T15:23:24.930923+00:00", "symbol": "BTC-USD"}, {"trade_id": 849690904, "side": "sell", "size": "0.00020909", "price": "116164.74000000", "time": "2025-07-15T15:23:12.492142Z", "fetched_at": "2025-07-15T15:23:24.930923+00:00", "symbol": "BTC-USD"}, {"trade_id": 849690903, "side": "sell", "size": "0.01624264", "price": "116164.74000000", "time": "2025-07-15T15:23:12.124128Z", "fetched_at": "2025-07-15T15:23:24.930923+00:00", "symbol": "BTC-USD"}, {"trade_id": 849690902, "side": "sell", "size": "0.00048510", "price": "116164.74000000", "time": "2025-07-15T15:23:12.124128Z", "fetched_at": "2025-07-15T15:23:24.930923+00:00", "symbol": "BTC-USD"}, {"trade_id": 849690901, "side": "buy", "size": "0.01893861", "price": "116165.94000000", "time": "2025-07-15T15:23:12.004929Z", "fetched_at": "2025-07-15T15:23:24.930923+00:00", "symbol": "BTC-USD"}, {"trade_id": 849690900, "side": "buy", "size": "0.00860836", "price": "116166.05000000", "time": "2025-07-15T15:23:12.004929Z", "fetched_at": "2025-07-15T15:23:24.930923+00:00", "symbol": "BTC-USD"}, {"trade_id": 849690899, "side": "sell", "size": "0.00017262", "price": "116167.63000000", "time": "2025-07-15T15:23:11.962402Z", "fetched_at": "2025-07-15T15:23:24.930923+00:00", "symbol": "BTC-USD"}, {"trade_id": 849690898, "side": "sell", "size": "0.00034000", "price": "116167.63000000", "time": "2025-07-15T15:23:11.962402Z", "fetched_at": "2025-07-15T15:23:24.930923+00:00", "symbol": "BTC-USD"}, {"trade_id": 849690897, "side": "buy", "size": "0.01893861", "price": "116173.11000000", "time": "2025-07-15T15:23:11.944313Z", "fetched_at": "2025-07-15T15:23:24.930923+00:00", "symbol": "BTC-USD"}, {"trade_id": 849690896, "side": "buy", "size": "0.00860783", "price": "116173.22000000", "time": "2025-07-15T15:23:11.944313Z", "fetched_at": "2025-07-15T15:23:24.930923+00:00", "symbol": "BTC-USD"}, {"trade_id": 849690895, "side": "sell", "size": "0.00167289", "price": "116178.18000000", "time": "2025-07-15T15:23:11.329592Z", "fetched_at": "2025-07-15T15:23:24.930923+00:00", "symbol": "BTC-USD"}, {"trade_id": 849690894, "side": "sell", "size": "0.00018783", "price": "116178.21000000", "time": "2025-07-15T15:23:11.146763Z", "fetched_at": "2025-07-15T15:23:24.930923+00:00", "symbol": "BTC-USD"}, {"trade_id": 849690893, "side": "sell", "size": "0.00016726", "price": "116178.21000000", "time": "2025-07-15T15:23:11.130642Z", "fetched_at": "2025-07-15T15:23:24.930923+00:00", "symbol": "BTC-USD"}, {"trade_id": 849690892, "side": "buy", "size": "0.00260796", "price": "116169.84000000", "time": "2025-07-15T15:23:11.081122Z", "fetched_at": "2025-07-15T15:23:24.930923+00:00", "symbol": "BTC-USD"}, {"trade_id": 849690891, "side": "sell", "size": "0.00008567", "price": "116178.21000000", "time": "2025-07-15T15:23:11.064208Z", "fetched_at": "2025-07-15T15:23:24.930923+00:00", "symbol": "BTC-USD"}, {"trade_id": 849690890, "side": "sell", "size": "0.00008309", "price": "116178.23000000", "time": "2025-07-15T15:23:10.797086Z", "fetched_at": "2025-07-15T15:23:24.930923+00:00", "symbol": "BTC-USD"}, {"trade_id": 849690889, "side": "sell", "size": "0.07534623", "price": "116176.49000000", "time": "2025-07-15T15:23:10.784109Z", "fetched_at": "2025-07-15T15:23:24.930923+00:00", "symbol": "BTC-USD"}, {"trade_id": 849690888, "side": "sell", "size": "0.00043647", "price": "116176.49000000", "time": "2025-07-15T15:23:10.703797Z", "fetched_at": "2025-07-15T15:23:24.930923+00:00", "symbol": "BTC-USD"}, {"trade_id": 849690887, "side": "sell", "size": "0.00261954", "price": "116176.75000000", "time": "2025-07-15T15:23:10.625808Z", "fetched_at": "2025-07-15T15:23:24.930923+00:00", "symbol": "BTC-USD"}, {"trade_id": 849690886, "side": "sell", "size": "0.00860769", "price": "116175.18000000", "time": "2025-07-15T15:23:10.612968Z", "fetched_at": "2025-07-15T15:23:24.930923+00:00", "symbol": "BTC-USD"}, {"trade_id": 849690885, "side": "sell", "size": "0.06822142", "price": "116173.48000000", "time": "2025-07-15T15:23:10.598403Z", "fetched_at": "2025-07-15T15:23:24.930923+00:00", "symbol": "BTC-USD"}, {"trade_id": 849690884, "side": "sell", "size": "0.00000664", "price": "116173.42000000", "time": "2025-07-15T15:23:10.598403Z", "fetched_at": "2025-07-15T15:23:24.930923+00:00", "symbol": "BTC-USD"}, {"trade_id": 849690883, "side": "sell", "size": "0.03816651", "price": "116173.37000000", "time": "2025-07-15T15:23:10.598403Z", "fetched_at": "2025-07-15T15:23:24.930923+00:00", "symbol": "BTC-USD"}, {"trade_id": 849690882, "side": "sell", "size": "0.02742491", "price": "116173.37000000", "time": "2025-07-15T15:23:10.594316Z", "fetched_at": "2025-07-15T15:23:24.930923+00:00", "symbol": "BTC-USD"}, {"trade_id": 849690881, "side": "sell", "size": "0.04440858", "price": "116173.37000000", "time": "2025-07-15T15:23:10.591377Z", "fetched_at": "2025-07-15T15:23:24.930923+00:00", "symbol": "BTC-USD"}, {"trade_id": 849690880, "side": "sell", "size": "0.02580059", "price": "116173.36000000", "time": "2025-07-15T15:23:10.587295Z", "fetched_at": "2025-07-15T15:23:24.930923+00:00", "symbol": "BTC-USD"}, {"trade_id": 849690879, "side": "sell", "size": "0.00373117", "price": "116173.36000000", "time": "2025-07-15T15:23:10.584298Z", "fetched_at": "2025-07-15T15:23:24.930923+00:00", "symbol": "BTC-USD"}, {"trade_id": 849690878, "side": "sell", "size": "0.09993133", "price": "116173.36000000", "time": "2025-07-15T15:23:10.580082Z", "fetched_at": "2025-07-15T15:23:24.930923+00:00", "symbol": "BTC-USD"}, {"trade_id": 849690877, "side": "sell", "size": "0.00860900", "price": "116173.36000000", "time": "2025-07-15T15:23:10.580082Z", "fetched_at": "2025-07-15T15:23:24.930923+00:00", "symbol": "BTC-USD"}, {"trade_id": 849690876, "side": "sell", "size": "0.00452826", "price": "116173.36000000", "time": "2025-07-15T15:23:10.580082Z", "fetched_at": "2025-07-15T15:23:24.930923+00:00", "symbol": "BTC-USD"}, {"trade_id": 849690875, "side": "sell", "size": "0.03374936", "price": "116173.44000000", "time": "2025-07-15T15:23:09.816419Z", "fetched_at": "2025-07-15T15:23:24.930923+00:00", "symbol": "BTC-USD"}, {"trade_id": 849690874, "side": "sell", "size": "0.00034000", "price": "116173.44000000", "time": "2025-07-15T15:23:09.816419Z", "fetched_at": "2025-07-15T15:23:24.930923+00:00", "symbol": "BTC-USD"}, {"trade_id": 849690873, "side": "sell", "size": "0.00062730", "price": "116180.50000000", "time": "2025-07-15T15:23:09.543049Z", "fetched_at": "2025-07-15T15:23:24.930923+00:00", "symbol": "BTC-USD"}, {"trade_id": 849690872, "side": "sell", "size": "0.00733359", "price": "116180.73000000", "time": "2025-07-15T15:23:09.452039Z", "fetched_at": "2025-07-15T15:23:24.930923+00:00", "symbol": "BTC-USD"}, {"trade_id": 849690871, "side": "sell", "size": "0.00127337", "price": "116180.73000000", "time": "2025-07-15T15:23:09.452039Z", "fetched_at": "2025-07-15T15:23:24.930923+00:00", "symbol": "BTC-USD"}, {"trade_id": 849690870, "side": "sell", "size": "0.00001000", "price": "116173.98000000", "time": "2025-07-15T15:23:09.388385Z", "fetched_at": "2025-07-15T15:23:24.930923+00:00", "symbol": "BTC-USD"}, {"trade_id": 849690869, "side": "sell", "size": "0.01880100", "price": "116173.18000000", "time": "2025-07-15T15:23:09.384918Z", "fetched_at": "2025-07-15T15:23:24.930923+00:00", "symbol": "BTC-USD"}, {"trade_id": 849690868, "side": "sell", "size": "0.02276258", "price": "116169.90000000", "time": "2025-07-15T15:23:09.381621Z", "fetched_at": "2025-07-15T15:23:24.930923+00:00", "symbol": "BTC-USD"}, {"trade_id": 849690867, "side": "sell", "size": "0.08433303", "price": "116169.90000000", "time": "2025-07-15T15:23:09.378972Z", "fetched_at": "2025-07-15T15:23:24.930923+00:00", "symbol": "BTC-USD"}, {"trade_id": 849690866, "side": "sell", "size": "0.00226376", "price": "116169.90000000", "time": "2025-07-15T15:23:09.378972Z", "fetched_at": "2025-07-15T15:23:24.930923+00:00", "symbol": "BTC-USD"}, {"trade_id": 849690865, "side": "sell", "size": "0.00083648", "price": "116171.75000000", "time": "2025-07-15T15:23:09.300308Z", "fetched_at": "2025-07-15T15:23:24.930923+00:00", "symbol": "BTC-USD"}, {"trade_id": 849690864, "side": "sell", "size": "0.00000639", "price": "116171.76000000", "time": "2025-07-15T15:23:09.251633Z", "fetched_at": "2025-07-15T15:23:24.930923+00:00", "symbol": "BTC-USD"}, {"trade_id": 849690863, "side": "sell", "size": "0.00040385", "price": "116167.63000000", "time": "2025-07-15T15:23:09.231778Z", "fetched_at": "2025-07-15T15:23:24.930923+00:00", "symbol": "BTC-USD"}, {"trade_id": 849690862, "side": "sell", "size": "0.00000430", "price": "116165.26000000", "time": "2025-07-15T15:23:09.231778Z", "fetched_at": "2025-07-15T15:23:24.930923+00:00", "symbol": "BTC-USD"}, {"trade_id": 849690861, "side": "sell", "size": "0.00634278", "price": "116171.76000000", "time": "2025-07-15T15:23:09.021532Z", "fetched_at": "2025-07-15T15:23:24.930923+00:00", "symbol": "BTC-USD"}, {"trade_id": 849690860, "side": "sell", "size": "0.00363817", "price": "116170.07000000", "time": "2025-07-15T15:23:09.010629Z", "fetched_at": "2025-07-15T15:23:24.930923+00:00", "symbol": "BTC-USD"}, {"trade_id": 849690859, "side": "sell", "size": "0.00339690", "price": "116170.07000000", "time": "2025-07-15T15:23:09.006628Z", "fetched_at": "2025-07-15T15:23:24.930923+00:00", "symbol": "BTC-USD"}, {"trade_id": 849690858, "side": "sell", "size": "0.00064462", "price": "116170.07000000", "time": "2025-07-15T15:23:09.002438Z", "fetched_at": "2025-07-15T15:23:24.930923+00:00", "symbol": "BTC-USD"}, {"trade_id": 849690857, "side": "sell", "size": "0.00015058", "price": "116168.75000000", "time": "2025-07-15T15:23:08.995156Z", "fetched_at": "2025-07-15T15:23:24.930923+00:00", "symbol": "BTC-USD"}, {"trade_id": 849690856, "side": "sell", "size": "0.10732083", "price": "116167.75000000", "time": "2025-07-15T15:23:08.987155Z", "fetched_at": "2025-07-15T15:23:24.930923+00:00", "symbol": "BTC-USD"}, {"trade_id": 849690855, "side": "sell", "size": "0.00091000", "price": "116167.75000000", "time": "2025-07-15T15:23:08.983390Z", "fetched_at": "2025-07-15T15:23:24.930923+00:00", "symbol": "BTC-USD"}, {"trade_id": 849690854, "side": "sell", "size": "0.00860819", "price": "116168.42000000", "time": "2025-07-15T15:23:08.804896Z", "fetched_at": "2025-07-15T15:23:24.930923+00:00", "symbol": "BTC-USD"}, {"trade_id": 849690853, "side": "sell", "size": "0.00020114", "price": "116166.84000000", "time": "2025-07-15T15:23:08.798919Z", "fetched_at": "2025-07-15T15:23:24.930923+00:00", "symbol": "BTC-USD"}, {"trade_id": 849690852, "side": "sell", "size": "0.00000068", "price": "116166.83000000", "time": "2025-07-15T15:23:08.798919Z", "fetched_at": "2025-07-15T15:23:24.930923+00:00", "symbol": "BTC-USD"}, {"trade_id": 849690851, "side": "sell", "size": "0.00041819", "price": "116166.68000000", "time": "2025-07-15T15:23:08.619522Z", "fetched_at": "2025-07-15T15:23:24.930923+00:00", "symbol": "BTC-USD"}, {"trade_id": 849690850, "side": "sell", "size": "0.00020914", "price": "116163.66000000", "time": "2025-07-15T15:23:08.444546Z", "fetched_at": "2025-07-15T15:23:24.930923+00:00", "symbol": "BTC-USD"}, {"trade_id": 849690849, "side": "sell", "size": "0.06273011", "price": "116166.03000000", "time": "2025-07-15T15:23:08.028466Z", "fetched_at": "2025-07-15T15:23:24.930923+00:00", "symbol": "BTC-USD"}, {"trade_id": 849690848, "side": "sell", "size": "0.00004047", "price": "116162.13000000", "time": "2025-07-15T15:23:07.612618Z", "fetched_at": "2025-07-15T15:23:24.930923+00:00", "symbol": "BTC-USD"}, {"trade_id": 849690847, "side": "buy", "size": "0.00689395", "price": "116165.03000000", "time": "2025-07-15T15:23:07.533777Z", "fetched_at": "2025-07-15T15:23:24.930923+00:00", "symbol": "BTC-USD"}, {"trade_id": 849690846, "side": "buy", "size": "0.02620605", "price": "116166.72000000", "time": "2025-07-15T15:23:07.533777Z", "fetched_at": "2025-07-15T15:23:24.930923+00:00", "symbol": "BTC-USD"}, {"trade_id": 849690845, "side": "buy", "size": "0.00975799", "price": "116166.72000000", "time": "2025-07-15T15:23:07.498784Z", "fetched_at": "2025-07-15T15:23:24.930923+00:00", "symbol": "BTC-USD"}, {"trade_id": 849690844, "side": "buy", "size": "0.01425904", "price": "116166.72000000", "time": "2025-07-15T15:23:07.498718Z", "fetched_at": "2025-07-15T15:23:24.930923+00:00", "symbol": "BTC-USD"}, {"trade_id": 849690843, "side": "buy", "size": "0.02349635", "price": "116166.72000000", "time": "2025-07-15T15:23:07.497825Z", "fetched_at": "2025-07-15T15:23:24.930923+00:00", "symbol": "BTC-USD"}, {"trade_id": 849690842, "side": "buy", "size": "0.00005010", "price": "116166.77000000", "time": "2025-07-15T15:23:07.497825Z", "fetched_at": "2025-07-15T15:23:24.930923+00:00", "symbol": "BTC-USD"}, {"trade_id": 849690841, "side": "buy", "size": "0.00860831", "price": "116166.77000000", "time": "2025-07-15T15:23:07.497825Z", "fetched_at": "2025-07-15T15:23:24.930923+00:00", "symbol": "BTC-USD"}, {"trade_id": 849690840, "side": "sell", "size": "0.05925170", "price": "116166.83000000", "time": "2025-07-15T15:23:07.312839Z", "fetched_at": "2025-07-15T15:23:24.930923+00:00", "symbol": "BTC-USD"}, {"trade_id": 849690839, "side": "sell", "size": "0.00010270", "price": "116166.84000000", "time": "2025-07-15T15:23:07.242084Z", "fetched_at": "2025-07-15T15:23:24.930923+00:00", "symbol": "BTC-USD"}, {"trade_id": 849690838, "side": "sell", "size": "0.00001700", "price": "116166.84000000", "time": "2025-07-15T15:23:07.242084Z", "fetched_at": "2025-07-15T15:23:24.930923+00:00", "symbol": "BTC-USD"}, {"trade_id": 849690837, "side": "sell", "size": "0.00000275", "price": "116166.84000000", "time": "2025-07-15T15:23:07.242084Z", "fetched_at": "2025-07-15T15:23:24.930923+00:00", "symbol": "BTC-USD"}, {"trade_id": 849690836, "side": "sell", "size": "0.07963338", "price": "116165.67000000", "time": "2025-07-15T15:23:07.136026Z", "fetched_at": "2025-07-15T15:23:24.930923+00:00", "symbol": "BTC-USD"}, {"trade_id": 849690835, "side": "sell", "size": "0.00185202", "price": "116165.67000000", "time": "2025-07-15T15:23:07.132554Z", "fetched_at": "2025-07-15T15:23:24.930923+00:00", "symbol": "BTC-USD"}, {"trade_id": 849690834, "side": "sell", "size": "0.00339138", "price": "116165.68000000", "time": "2025-07-15T15:23:07.122997Z", "fetched_at": "2025-07-15T15:23:24.930923+00:00", "symbol": "BTC-USD"}, {"trade_id": 849690833, "side": "sell", "size": "0.00889709", "price": "116165.69000000", "time": "2025-07-15T15:23:07.112730Z", "fetched_at": "2025-07-15T15:23:24.930923+00:00", "symbol": "BTC-USD"}, {"trade_id": 849690832, "side": "sell", "size": "0.01839687", "price": "116165.69000000", "time": "2025-07-15T15:23:07.112730Z", "fetched_at": "2025-07-15T15:23:24.930923+00:00", "symbol": "BTC-USD"}, {"trade_id": 849690831, "side": "sell", "size": "0.03425987", "price": "116165.69000000", "time": "2025-07-15T15:23:07.108527Z", "fetched_at": "2025-07-15T15:23:24.930923+00:00", "symbol": "BTC-USD"}, {"trade_id": 849690830, "side": "sell", "size": "0.00000154", "price": "116165.70000000", "time": "2025-07-15T15:23:07.093290Z", "fetched_at": "2025-07-15T15:23:24.930923+00:00", "symbol": "BTC-USD"}, {"trade_id": 849690829, "side": "sell", "size": "0.05265674", "price": "116165.38000000", "time": "2025-07-15T15:23:07.093290Z", "fetched_at": "2025-07-15T15:23:24.930923+00:00", "symbol": "BTC-USD"}, {"trade_id": 849690828, "side": "buy", "size": "0.00041000", "price": "116165.26000000", "time": "2025-07-15T15:23:07.079582Z", "fetched_at": "2025-07-15T15:23:24.930923+00:00", "symbol": "BTC-USD"}, {"trade_id": 849690827, "side": "sell", "size": "0.00007163", "price": "116165.27000000", "time": "2025-07-15T15:23:07.075395Z", "fetched_at": "2025-07-15T15:23:24.930923+00:00", "symbol": "BTC-USD"}, {"trade_id": 849690826, "side": "sell", "size": "0.00001000", "price": "116165.27000000", "time": "2025-07-15T15:23:07.075395Z", "fetched_at": "2025-07-15T15:23:24.930923+00:00", "symbol": "BTC-USD"}, {"trade_id": 849690825, "side": "sell", "size": "0.02331815", "price": "116162.67000000", "time": "2025-07-15T15:23:07.060158Z", "fetched_at": "2025-07-15T15:23:24.930923+00:00", "symbol": "BTC-USD"}, {"trade_id": 849690824, "side": "sell", "size": "0.00040512", "price": "116161.83000000", "time": "2025-07-15T15:23:07.055636Z", "fetched_at": "2025-07-15T15:23:24.930923+00:00", "symbol": "BTC-USD"}, {"trade_id": 849690823, "side": "sell", "size": "0.00860870", "price": "116161.51000000", "time": "2025-07-15T15:23:07.053101Z", "fetched_at": "2025-07-15T15:23:24.930923+00:00", "symbol": "BTC-USD"}, {"trade_id": 849690822, "side": "sell", "size": "0.00877427", "price": "116159.77000000", "time": "2025-07-15T15:23:07.053101Z", "fetched_at": "2025-07-15T15:23:24.930923+00:00", "symbol": "BTC-USD"}, {"trade_id": 849690821, "side": "sell", "size": "0.04388247", "price": "116159.77000000", "time": "2025-07-15T15:23:07.049164Z", "fetched_at": "2025-07-15T15:23:24.930923+00:00", "symbol": "BTC-USD"}, {"trade_id": 849690820, "side": "sell", "size": "0.00020910", "price": "116148.16000000", "time": "2025-07-15T15:23:06.632548Z", "fetched_at": "2025-07-15T15:23:24.930923+00:00", "symbol": "BTC-USD"}, {"trade_id": 849690819, "side": "sell", "size": "0.00861010", "price": "116142.70000000", "time": "2025-07-15T15:23:06.491095Z", "fetched_at": "2025-07-15T15:23:24.930923+00:00", "symbol": "BTC-USD"}, {"trade_id": 849690818, "side": "sell", "size": "0.00000828", "price": "116142.70000000", "time": "2025-07-15T15:23:06.491095Z", "fetched_at": "2025-07-15T15:23:24.930923+00:00", "symbol": "BTC-USD"}, {"trade_id": 849690817, "side": "sell", "size": "0.00020256", "price": "116140.96000000", "time": "2025-07-15T15:23:06.491095Z", "fetched_at": "2025-07-15T15:23:24.930923+00:00", "symbol": "BTC-USD"}, {"trade_id": 849690816, "side": "sell", "size": "0.00342270", "price": "116140.96000000", "time": "2025-07-15T15:23:06.491095Z", "fetched_at": "2025-07-15T15:23:24.930923+00:00", "symbol": "BTC-USD"}, {"trade_id": 849690815, "side": "sell", "size": "0.00279985", "price": "116140.96000000", "time": "2025-07-15T15:23:06.488576Z", "fetched_at": "2025-07-15T15:23:24.930923+00:00", "symbol": "BTC-USD"}, {"trade_id": 849690814, "side": "sell", "size": "0.05888602", "price": "116140.96000000", "time": "2025-07-15T15:23:06.485245Z", "fetched_at": "2025-07-15T15:23:24.930923+00:00", "symbol": "BTC-USD"}, {"trade_id": 849690813, "side": "sell", "size": "0.02269278", "price": "116140.96000000", "time": "2025-07-15T15:23:06.476584Z", "fetched_at": "2025-07-15T15:23:24.930923+00:00", "symbol": "BTC-USD"}, {"trade_id": 849690812, "side": "sell", "size": "0.01341463", "price": "116140.96000000", "time": "2025-07-15T15:23:06.472199Z", "fetched_at": "2025-07-15T15:23:24.930923+00:00", "symbol": "BTC-USD"}, {"trade_id": 849690811, "side": "sell", "size": "0.05162382", "price": "116140.96000000", "time": "2025-07-15T15:23:06.469345Z", "fetched_at": "2025-07-15T15:23:24.930923+00:00", "symbol": "BTC-USD"}, {"trade_id": 849690810, "side": "sell", "size": "0.00356933", "price": "116140.96000000", "time": "2025-07-15T15:23:06.464679Z", "fetched_at": "2025-07-15T15:23:24.930923+00:00", "symbol": "BTC-USD"}, {"trade_id": 849690809, "side": "sell", "size": "0.00477456", "price": "116140.96000000", "time": "2025-07-15T15:23:06.460335Z", "fetched_at": "2025-07-15T15:23:24.930923+00:00", "symbol": "BTC-USD"}, {"trade_id": 849690808, "side": "sell", "size": "0.00556507", "price": "116140.96000000", "time": "2025-07-15T15:23:06.454983Z", "fetched_at": "2025-07-15T15:23:24.930923+00:00", "symbol": "BTC-USD"}, {"trade_id": 849690807, "side": "sell", "size": "0.00041819", "price": "116140.96000000", "time": "2025-07-15T15:23:06.454118Z", "fetched_at": "2025-07-15T15:23:24.930923+00:00", "symbol": "BTC-USD"}, {"trade_id": 849690806, "side": "sell", "size": "0.05446274", "price": "116140.96000000", "time": "2025-07-15T15:23:06.453168Z", "fetched_at": "2025-07-15T15:23:24.930923+00:00", "symbol": "BTC-USD"}, {"trade_id": 849690805, "side": "sell", "size": "0.00490457", "price": "116140.96000000", "time": "2025-07-15T15:23:06.433468Z", "fetched_at": "2025-07-15T15:23:24.930923+00:00", "symbol": "BTC-USD"}, {"trade_id": 849690804, "side": "sell", "size": "0.03924742", "price": "116140.96000000", "time": "2025-07-15T15:23:06.429108Z", "fetched_at": "2025-07-15T15:23:24.930923+00:00", "symbol": "BTC-USD"}, {"trade_id": 849690803, "side": "sell", "size": "0.04203306", "price": "116140.96000000", "time": "2025-07-15T15:23:06.422340Z", "fetched_at": "2025-07-15T15:23:24.930923+00:00", "symbol": "BTC-USD"}, {"trade_id": 849690802, "side": "sell", "size": "0.00357333", "price": "116140.96000000", "time": "2025-07-15T15:23:06.380669Z", "fetched_at": "2025-07-15T15:23:24.930923+00:00", "symbol": "BTC-USD"}, {"trade_id": 849690801, "side": "sell", "size": "0.00361972", "price": "116140.96000000", "time": "2025-07-15T15:23:06.377005Z", "fetched_at": "2025-07-15T15:23:24.930923+00:00", "symbol": "BTC-USD"}, {"trade_id": 849690800, "side": "sell", "size": "0.00358784", "price": "116140.96000000", "time": "2025-07-15T15:23:06.372666Z", "fetched_at": "2025-07-15T15:23:24.930923+00:00", "symbol": "BTC-USD"}, {"trade_id": 849690799, "side": "sell", "size": "0.00336069", "price": "116140.96000000", "time": "2025-07-15T15:23:06.368235Z", "fetched_at": "2025-07-15T15:23:24.930923+00:00", "symbol": "BTC-USD"}, {"trade_id": 849690798, "side": "sell", "size": "0.00347113", "price": "116140.96000000", "time": "2025-07-15T15:23:06.364264Z", "fetched_at": "2025-07-15T15:23:24.930923+00:00", "symbol": "BTC-USD"}, {"trade_id": 849690797, "side": "sell", "size": "0.00625579", "price": "116140.96000000", "time": "2025-07-15T15:23:06.360318Z", "fetched_at": "2025-07-15T15:23:24.930923+00:00", "symbol": "BTC-USD"}, {"trade_id": 849690796, "side": "sell", "size": "0.00401530", "price": "116140.96000000", "time": "2025-07-15T15:23:06.355244Z", "fetched_at": "2025-07-15T15:23:24.930923+00:00", "symbol": "BTC-USD"}, {"trade_id": 849690795, "side": "sell", "size": "0.05199435", "price": "116140.96000000", "time": "2025-07-15T15:23:06.351458Z", "fetched_at": "2025-07-15T15:23:24.930923+00:00", "symbol": "BTC-USD"}, {"trade_id": 849690794, "side": "sell", "size": "0.00617103", "price": "116140.96000000", "time": "2025-07-15T15:23:06.346763Z", "fetched_at": "2025-07-15T15:23:24.930923+00:00", "symbol": "BTC-USD"}, {"trade_id": 849690793, "side": "sell", "size": "0.10858608", "price": "116140.96000000", "time": "2025-07-15T15:23:06.339515Z", "fetched_at": "2025-07-15T15:23:24.930923+00:00", "symbol": "BTC-USD"}, {"trade_id": 849690792, "side": "sell", "size": "0.00008308", "price": "116140.96000000", "time": "2025-07-15T15:23:06.251959Z", "fetched_at": "2025-07-15T15:23:24.930923+00:00", "symbol": "BTC-USD"}, {"trade_id": 849690791, "side": "sell", "size": "0.00041820", "price": "116140.96000000", "time": "2025-07-15T15:23:06.137861Z", "fetched_at": "2025-07-15T15:23:24.930923+00:00", "symbol": "BTC-USD"}, {"trade_id": 849690790, "side": "sell", "size": "0.00023145", "price": "116140.96000000", "time": "2025-07-15T15:23:06.014770Z", "fetched_at": "2025-07-15T15:23:24.930923+00:00", "symbol": "BTC-USD"}, {"trade_id": 849690789, "side": "sell", "size": "0.00615907", "price": "116140.96000000", "time": "2025-07-15T15:23:06.014770Z", "fetched_at": "2025-07-15T15:23:24.930923+00:00", "symbol": "BTC-USD"}, {"trade_id": 849690788, "side": "buy", "size": "0.23693479", "price": "116140.95000000", "time": "2025-07-15T15:23:05.910778Z", "fetched_at": "2025-07-15T15:23:24.930923+00:00", "symbol": "BTC-USD"}, {"trade_id": 849690787, "side": "buy", "size": "0.00072506", "price": "116140.95000000", "time": "2025-07-15T15:23:05.910778Z", "fetched_at": "2025-07-15T15:23:24.930923+00:00", "symbol": "BTC-USD"}, {"trade_id": 849690786, "side": "buy", "size": "0.02151465", "price": "116140.96000000", "time": "2025-07-15T15:23:05.908978Z", "fetched_at": "2025-07-15T15:23:24.930923+00:00", "symbol": "BTC-USD"}, {"trade_id": 849690785, "side": "buy", "size": "0.00861009", "price": "116142.69000000", "time": "2025-07-15T15:23:05.908978Z", "fetched_at": "2025-07-15T15:23:24.930923+00:00", "symbol": "BTC-USD"}, {"trade_id": 849690784, "side": "buy", "size": "0.00005028", "price": "116142.69000000", "time": "2025-07-15T15:23:05.908978Z", "fetched_at": "2025-07-15T15:23:24.930923+00:00", "symbol": "BTC-USD"}, {"trade_id": 849690783, "side": "buy", "size": "0.00000361", "price": "116142.69000000", "time": "2025-07-15T15:23:05.908978Z", "fetched_at": "2025-07-15T15:23:24.930923+00:00", "symbol": "BTC-USD"}, {"trade_id": 849690782, "side": "sell", "size": "0.00000980", "price": "116142.70000000", "time": "2025-07-15T15:23:05.717054Z", "fetched_at": "2025-07-15T15:23:24.930923+00:00", "symbol": "BTC-USD"}, {"trade_id": 849690781, "side": "sell", "size": "0.00008521", "price": "116142.70000000", "time": "2025-07-15T15:23:05.357110Z", "fetched_at": "2025-07-15T15:23:24.930923+00:00", "symbol": "BTC-USD"}, {"trade_id": 849690780, "side": "sell", "size": "0.00083640", "price": "116142.70000000", "time": "2025-07-15T15:23:05.282564Z", "fetched_at": "2025-07-15T15:23:24.930923+00:00", "symbol": "BTC-USD"}, {"trade_id": 849690779, "side": "sell", "size": "0.00016726", "price": "116142.70000000", "time": "2025-07-15T15:23:05.156045Z", "fetched_at": "2025-07-15T15:23:24.930923+00:00", "symbol": "BTC-USD"}, {"trade_id": 849690778, "side": "sell", "size": "0.00338354", "price": "116142.70000000", "time": "2025-07-15T15:23:05.052157Z", "fetched_at": "2025-07-15T15:23:24.930923+00:00", "symbol": "BTC-USD"}, {"trade_id": 849690777, "side": "sell", "size": "0.00315421", "price": "116142.70000000", "time": "2025-07-15T15:23:05.046442Z", "fetched_at": "2025-07-15T15:23:24.930923+00:00", "symbol": "BTC-USD"}, {"trade_id": 849690776, "side": "sell", "size": "0.00320086", "price": "116142.70000000", "time": "2025-07-15T15:23:05.042394Z", "fetched_at": "2025-07-15T15:23:24.930923+00:00", "symbol": "BTC-USD"}, {"trade_id": 849690775, "side": "sell", "size": "0.00389979", "price": "116142.70000000", "time": "2025-07-15T15:23:05.038934Z", "fetched_at": "2025-07-15T15:23:24.930923+00:00", "symbol": "BTC-USD"}, {"trade_id": 849690774, "side": "sell", "size": "0.00324800", "price": "116142.70000000", "time": "2025-07-15T15:23:05.034693Z", "fetched_at": "2025-07-15T15:23:24.930923+00:00", "symbol": "BTC-USD"}, {"trade_id": 849690773, "side": "sell", "size": "0.00332049", "price": "116142.70000000", "time": "2025-07-15T15:23:05.030500Z", "fetched_at": "2025-07-15T15:23:24.930923+00:00", "symbol": "BTC-USD"}, {"trade_id": 849690772, "side": "sell", "size": "0.00387243", "price": "116142.70000000", "time": "2025-07-15T15:23:05.026723Z", "fetched_at": "2025-07-15T15:23:24.930923+00:00", "symbol": "BTC-USD"}, {"trade_id": 849690771, "side": "sell", "size": "0.00364725", "price": "116142.70000000", "time": "2025-07-15T15:23:05.022728Z", "fetched_at": "2025-07-15T15:23:24.930923+00:00", "symbol": "BTC-USD"}, {"trade_id": 849690770, "side": "sell", "size": "0.00326718", "price": "116142.70000000", "time": "2025-07-15T15:23:05.018279Z", "fetched_at": "2025-07-15T15:23:24.930923+00:00", "symbol": "BTC-USD"}, {"trade_id": 849690769, "side": "sell", "size": "0.00405091", "price": "116142.70000000", "time": "2025-07-15T15:23:05.014117Z", "fetched_at": "2025-07-15T15:23:24.930923+00:00", "symbol": "BTC-USD"}, {"trade_id": 849690768, "side": "sell", "size": "0.00304098", "price": "116142.70000000", "time": "2025-07-15T15:23:05.009998Z", "fetched_at": "2025-07-15T15:23:24.930923+00:00", "symbol": "BTC-USD"}, {"trade_id": 849690767, "side": "sell", "size": "0.00362011", "price": "116142.70000000", "time": "2025-07-15T15:23:05.005654Z", "fetched_at": "2025-07-15T15:23:24.930923+00:00", "symbol": "BTC-USD"}, {"trade_id": 849690766, "side": "sell", "size": "0.00383869", "price": "116142.70000000", "time": "2025-07-15T15:23:05.002151Z", "fetched_at": "2025-07-15T15:23:24.930923+00:00", "symbol": "BTC-USD"}, {"trade_id": 849690765, "side": "sell", "size": "0.00348152", "price": "116142.70000000", "time": "2025-07-15T15:23:04.998386Z", "fetched_at": "2025-07-15T15:23:24.930923+00:00", "symbol": "BTC-USD"}, {"trade_id": 849690764, "side": "sell", "size": "0.00640468", "price": "116142.70000000", "time": "2025-07-15T15:23:04.993273Z", "fetched_at": "2025-07-15T15:23:24.930923+00:00", "symbol": "BTC-USD"}, {"trade_id": 849690763, "side": "sell", "size": "0.00031080", "price": "116142.70000000", "time": "2025-07-15T15:23:04.982995Z", "fetched_at": "2025-07-15T15:23:24.930923+00:00", "symbol": "BTC-USD"}, {"trade_id": 849690762, "side": "sell", "size": "0.00312219", "price": "116142.70000000", "time": "2025-07-15T15:23:04.982995Z", "fetched_at": "2025-07-15T15:23:24.930923+00:00", "symbol": "BTC-USD"}, {"trade_id": 849690761, "side": "sell", "size": "0.00431472", "price": "116142.70000000", "time": "2025-07-15T15:23:04.978957Z", "fetched_at": "2025-07-15T15:23:24.930923+00:00", "symbol": "BTC-USD"}, {"trade_id": 849690760, "side": "sell", "size": "0.00638252", "price": "116142.70000000", "time": "2025-07-15T15:23:04.974884Z", "fetched_at": "2025-07-15T15:23:24.930923+00:00", "symbol": "BTC-USD"}, {"trade_id": 849690759, "side": "sell", "size": "0.00316984", "price": "116142.70000000", "time": "2025-07-15T15:23:04.950856Z", "fetched_at": "2025-07-15T15:23:24.930923+00:00", "symbol": "BTC-USD"}, {"trade_id": 849690758, "side": "sell", "size": "0.00411785", "price": "116142.70000000", "time": "2025-07-15T15:23:04.946788Z", "fetched_at": "2025-07-15T15:23:24.930923+00:00", "symbol": "BTC-USD"}, {"trade_id": 849690757, "side": "sell", "size": "0.00160732", "price": "116142.70000000", "time": "2025-07-15T15:23:04.942459Z", "fetched_at": "2025-07-15T15:23:24.930923+00:00", "symbol": "BTC-USD"}, {"trade_id": 849690756, "side": "sell", "size": "0.00020255", "price": "116142.70000000", "time": "2025-07-15T15:23:04.942459Z", "fetched_at": "2025-07-15T15:23:24.930923+00:00", "symbol": "BTC-USD"}, {"trade_id": 849690755, "side": "sell", "size": "0.00413296", "price": "116142.70000000", "time": "2025-07-15T15:23:04.942459Z", "fetched_at": "2025-07-15T15:23:24.930923+00:00", "symbol": "BTC-USD"}, {"trade_id": 849690754, "side": "sell", "size": "0.01987290", "price": "116142.70000000", "time": "2025-07-15T15:23:04.938961Z", "fetched_at": "2025-07-15T15:23:24.930923+00:00", "symbol": "BTC-USD"}, {"trade_id": 849690753, "side": "sell", "size": "0.02073029", "price": "116142.70000000", "time": "2025-07-15T15:23:04.935046Z", "fetched_at": "2025-07-15T15:23:24.930923+00:00", "symbol": "BTC-USD"}, {"trade_id": 849690752, "side": "sell", "size": "0.08756385", "price": "116142.70000000", "time": "2025-07-15T15:23:04.931323Z", "fetched_at": "2025-07-15T15:23:24.930923+00:00", "symbol": "BTC-USD"}, {"trade_id": 849690751, "side": "sell", "size": "0.00127962", "price": "116142.70000000", "time": "2025-07-15T15:23:04.879837Z", "fetched_at": "2025-07-15T15:23:24.930923+00:00", "symbol": "BTC-USD"}, {"trade_id": 849690750, "side": "sell", "size": "0.00041819", "price": "116142.70000000", "time": "2025-07-15T15:23:04.637021Z", "fetched_at": "2025-07-15T15:23:24.930923+00:00", "symbol": "BTC-USD"}, {"trade_id": 849690749, "side": "sell", "size": "0.04181969", "price": "116142.70000000", "time": "2025-07-15T15:23:04.564794Z", "fetched_at": "2025-07-15T15:23:24.930923+00:00", "symbol": "BTC-USD"}, {"trade_id": 849690748, "side": "sell", "size": "0.01254574", "price": "116142.70000000", "time": "2025-07-15T15:23:04.486042Z", "fetched_at": "2025-07-15T15:23:24.930923+00:00", "symbol": "BTC-USD"}, {"trade_id": 849690747, "side": "sell", "size": "0.03132012", "price": "116142.70000000", "time": "2025-07-15T15:23:04.397253Z", "fetched_at": "2025-07-15T15:23:24.930923+00:00", "symbol": "BTC-USD"}, {"trade_id": 849690746, "side": "sell", "size": "0.01445587", "price": "116142.70000000", "time": "2025-07-15T15:23:04.392757Z", "fetched_at": "2025-07-15T15:23:24.930923+00:00", "symbol": "BTC-USD"}, {"trade_id": 849690745, "side": "sell", "size": "0.01138546", "price": "116142.70000000", "time": "2025-07-15T15:23:04.375876Z", "fetched_at": "2025-07-15T15:23:24.930923+00:00", "symbol": "BTC-USD"}, {"trade_id": 849690744, "side": "sell", "size": "0.02403506", "price": "116142.70000000", "time": "2025-07-15T15:23:04.372757Z", "fetched_at": "2025-07-15T15:23:24.930923+00:00", "symbol": "BTC-USD"}, {"trade_id": 849690743, "side": "sell", "size": "0.00125457", "price": "116142.70000000", "time": "2025-07-15T15:23:04.359586Z", "fetched_at": "2025-07-15T15:23:24.930923+00:00", "symbol": "BTC-USD"}, {"trade_id": 849690742, "side": "sell", "size": "0.00955107", "price": "116142.70000000", "time": "2025-07-15T15:23:04.327966Z", "fetched_at": "2025-07-15T15:23:24.930923+00:00", "symbol": "BTC-USD"}, {"trade_id": 849690741, "side": "sell", "size": "0.02020489", "price": "116142.70000000", "time": "2025-07-15T15:23:04.316812Z", "fetched_at": "2025-07-15T15:23:24.930923+00:00", "symbol": "BTC-USD"}, {"trade_id": 849690740, "side": "sell", "size": "0.02540143", "price": "116142.70000000", "time": "2025-07-15T15:23:04.285195Z", "fetched_at": "2025-07-15T15:23:24.930923+00:00", "symbol": "BTC-USD"}, {"trade_id": 849690739, "side": "sell", "size": "0.04893262", "price": "116142.70000000", "time": "2025-07-15T15:23:04.263730Z", "fetched_at": "2025-07-15T15:23:24.930923+00:00", "symbol": "BTC-USD"}, {"trade_id": 849690738, "side": "sell", "size": "0.01202976", "price": "116142.70000000", "time": "2025-07-15T15:23:04.255100Z", "fetched_at": "2025-07-15T15:23:24.930923+00:00", "symbol": "BTC-USD"}, {"trade_id": 849690737, "side": "sell", "size": "0.10315480", "price": "116142.70000000", "time": "2025-07-15T15:23:04.241387Z", "fetched_at": "2025-07-15T15:23:24.930923+00:00", "symbol": "BTC-USD"}, {"trade_id": 849690736, "side": "sell", "size": "0.00016726", "price": "116142.70000000", "time": "2025-07-15T15:23:04.068934Z", "fetched_at": "2025-07-15T15:23:24.930923+00:00", "symbol": "BTC-USD"}, {"trade_id": 849690735, "side": "sell", "size": "0.00000041", "price": "116142.70000000", "time": "2025-07-15T15:23:03.982333Z", "fetched_at": "2025-07-15T15:23:24.930923+00:00", "symbol": "BTC-USD"}, {"trade_id": 849690734, "side": "sell", "size": "0.00016726", "price": "116142.70000000", "time": "2025-07-15T15:23:03.818439Z", "fetched_at": "2025-07-15T15:23:24.930923+00:00", "symbol": "BTC-USD"}, {"trade_id": 849690733, "side": "sell", "size": "0.00000852", "price": "116142.70000000", "time": "2025-07-15T15:23:03.668837Z", "fetched_at": "2025-07-15T15:23:24.930923+00:00", "symbol": "BTC-USD"}, {"trade_id": 849690732, "side": "sell", "size": "0.00041820", "price": "116142.70000000", "time": "2025-07-15T15:23:03.496385Z", "fetched_at": "2025-07-15T15:23:24.930923+00:00", "symbol": "BTC-USD"}, {"trade_id": 849690731, "side": "sell", "size": "0.00083638", "price": "116142.70000000", "time": "2025-07-15T15:23:03.282994Z", "fetched_at": "2025-07-15T15:23:24.930923+00:00", "symbol": "BTC-USD"}, {"trade_id": 849690730, "side": "sell", "size": "0.00004260", "price": "116142.70000000", "time": "2025-07-15T15:23:03.059627Z", "fetched_at": "2025-07-15T15:23:24.930923+00:00", "symbol": "BTC-USD"}, {"trade_id": 849690729, "side": "sell", "size": "0.00006604", "price": "116142.70000000", "time": "2025-07-15T15:23:02.686151Z", "fetched_at": "2025-07-15T15:23:24.930923+00:00", "symbol": "BTC-USD"}, {"trade_id": 849690728, "side": "sell", "size": "0.00035313", "price": "116142.70000000", "time": "2025-07-15T15:23:02.658656Z", "fetched_at": "2025-07-15T15:23:24.930923+00:00", "symbol": "BTC-USD"}, {"trade_id": 849690727, "side": "sell", "size": "0.00860696", "price": "116142.70000000", "time": "2025-07-15T15:23:02.586825Z", "fetched_at": "2025-07-15T15:23:24.930923+00:00", "symbol": "BTC-USD"}, {"trade_id": 849690726, "side": "sell", "size": "0.00002897", "price": "116142.70000000", "time": "2025-07-15T15:23:02.351487Z", "fetched_at": "2025-07-15T15:23:24.930923+00:00", "symbol": "BTC-USD"}, {"trade_id": 849690725, "side": "sell", "size": "0.00861010", "price": "116142.70000000", "time": "2025-07-15T15:23:02.066231Z", "fetched_at": "2025-07-15T15:23:24.930923+00:00", "symbol": "BTC-USD"}, {"trade_id": 849690724, "side": "sell", "size": "0.00021397", "price": "116140.96000000", "time": "2025-07-15T15:23:01.819065Z", "fetched_at": "2025-07-15T15:23:24.930923+00:00", "symbol": "BTC-USD"}, {"trade_id": 849690723, "side": "sell", "size": "0.00430511", "price": "116140.96000000", "time": "2025-07-15T15:23:01.808837Z", "fetched_at": "2025-07-15T15:23:24.930923+00:00", "symbol": "BTC-USD"}, {"trade_id": 849690722, "side": "sell", "size": "0.00001491", "price": "116140.96000000", "time": "2025-07-15T15:23:01.716727Z", "fetched_at": "2025-07-15T15:23:24.930923+00:00", "symbol": "BTC-USD"}, {"trade_id": 849690721, "side": "buy", "size": "0.00008610", "price": "116145.01000000", "time": "2025-07-15T15:23:01.471056Z", "fetched_at": "2025-07-15T15:23:24.930923+00:00", "symbol": "BTC-USD"}, {"trade_id": 849690720, "side": "buy", "size": "0.00476063", "price": "116146.74000000", "time": "2025-07-15T15:23:01.466358Z", "fetched_at": "2025-07-15T15:23:24.930923+00:00", "symbol": "BTC-USD"}, {"trade_id": 849690719, "side": "buy", "size": "0.00384917", "price": "116146.74000000", "time": "2025-07-15T15:23:01.465421Z", "fetched_at": "2025-07-15T15:23:24.930923+00:00", "symbol": "BTC-USD"}, {"trade_id": 849690718, "side": "buy", "size": "0.00001000", "price": "116147.85000000", "time": "2025-07-15T15:23:01.465421Z", "fetched_at": "2025-07-15T15:23:24.930923+00:00", "symbol": "BTC-USD"}, {"trade_id": 849690717, "side": "buy", "size": "0.00860966", "price": "116148.48000000", "time": "2025-07-15T15:23:01.456900Z", "fetched_at": "2025-07-15T15:23:24.930923+00:00", "symbol": "BTC-USD"}, {"trade_id": 849690716, "side": "buy", "size": "0.00985938", "price": "116148.48000000", "time": "2025-07-15T15:23:01.456900Z", "fetched_at": "2025-07-15T15:23:24.930923+00:00", "symbol": "BTC-USD"}, {"trade_id": 849690715, "side": "buy", "size": "0.04436702", "price": "116148.48000000", "time": "2025-07-15T15:23:01.455482Z", "fetched_at": "2025-07-15T15:23:24.930923+00:00", "symbol": "BTC-USD"}, {"trade_id": 849690714, "side": "buy", "size": "0.04753901", "price": "116148.48000000", "time": "2025-07-15T15:23:01.455445Z", "fetched_at": "2025-07-15T15:23:24.930923+00:00", "symbol": "BTC-USD"}, {"trade_id": 849690713, "side": "sell", "size": "0.00009279", "price": "116148.49000000", "time": "2025-07-15T15:23:01.442880Z", "fetched_at": "2025-07-15T15:23:24.930923+00:00", "symbol": "BTC-USD"}, {"trade_id": 849690712, "side": "buy", "size": "0.00860948", "price": "116151.00000000", "time": "2025-07-15T15:23:01.366642Z", "fetched_at": "2025-07-15T15:23:24.930923+00:00", "symbol": "BTC-USD"}, {"trade_id": 849690711, "side": "buy", "size": "0.00860907", "price": "116156.56000000", "time": "2025-07-15T15:23:01.360793Z", "fetched_at": "2025-07-15T15:23:24.930923+00:00", "symbol": "BTC-USD"}, {"trade_id": 849690710, "side": "buy", "size": "0.00001000", "price": "116156.56000000", "time": "2025-07-15T15:23:01.360793Z", "fetched_at": "2025-07-15T15:23:24.930923+00:00", "symbol": "BTC-USD"}, {"trade_id": 849690709, "side": "buy", "size": "0.00000094", "price": "116157.57000000", "time": "2025-07-15T15:23:01.265594Z", "fetched_at": "2025-07-15T15:23:24.930923+00:00", "symbol": "BTC-USD"}, {"trade_id": 849690708, "side": "buy", "size": "0.00860899", "price": "116157.57000000", "time": "2025-07-15T15:23:01.265594Z", "fetched_at": "2025-07-15T15:23:24.930923+00:00", "symbol": "BTC-USD"}, {"trade_id": 849690707, "side": "buy", "size": "0.01672823", "price": "116157.57000000", "time": "2025-07-15T15:23:01.265594Z", "fetched_at": "2025-07-15T15:23:24.930923+00:00", "symbol": "BTC-USD"}, {"trade_id": 849690706, "side": "sell", "size": "0.00032769", "price": "116158.61000000", "time": "2025-07-15T15:23:01.265021Z", "fetched_at": "2025-07-15T15:23:24.930923+00:00", "symbol": "BTC-USD"}, {"trade_id": 849690705, "side": "sell", "size": "0.00043692", "price": "116158.47000000", "time": "2025-07-15T15:23:01.265021Z", "fetched_at": "2025-07-15T15:23:24.930923+00:00", "symbol": "BTC-USD"}, {"trade_id": 849690704, "side": "sell", "size": "0.13230000", "price": "116157.58000000", "time": "2025-07-15T15:23:01.265021Z", "fetched_at": "2025-07-15T15:23:24.930923+00:00", "symbol": "BTC-USD"}, {"trade_id": 849690703, "side": "sell", "size": "0.00173000", "price": "116157.58000000", "time": "2025-07-15T15:23:01.265021Z", "fetched_at": "2025-07-15T15:23:24.930923+00:00", "symbol": "BTC-USD"}, {"trade_id": 849690702, "side": "buy", "size": "0.27574275", "price": "116161.82000000", "time": "2025-07-15T15:23:01.160139Z", "fetched_at": "2025-07-15T15:23:24.930923+00:00", "symbol": "BTC-USD"}, {"trade_id": 849690701, "side": "buy", "size": "0.10167391", "price": "116162.40000000", "time": "2025-07-15T15:23:01.156384Z", "fetched_at": "2025-07-15T15:23:24.930923+00:00", "symbol": "BTC-USD"}, {"trade_id": 849690700, "side": "buy", "size": "0.00860855", "price": "116163.53000000", "time": "2025-07-15T15:23:01.156384Z", "fetched_at": "2025-07-15T15:23:24.930923+00:00", "symbol": "BTC-USD"}, {"trade_id": 849690699, "side": "buy", "size": "0.00860842", "price": "116165.27000000", "time": "2025-07-15T15:23:01.155729Z", "fetched_at": "2025-07-15T15:23:24.930923+00:00", "symbol": "BTC-USD"}, {"trade_id": 849690698, "side": "buy", "size": "0.00021000", "price": "116165.27000000", "time": "2025-07-15T15:23:01.155729Z", "fetched_at": "2025-07-15T15:23:24.930923+00:00", "symbol": "BTC-USD"}, {"trade_id": 849690697, "side": "buy", "size": "0.00001781", "price": "116165.27000000", "time": "2025-07-15T15:23:01.155729Z", "fetched_at": "2025-07-15T15:23:24.930923+00:00", "symbol": "BTC-USD"}, {"trade_id": 849690696, "side": "buy", "size": "0.00000602", "price": "116165.27000000", "time": "2025-07-15T15:23:01.155729Z", "fetched_at": "2025-07-15T15:23:24.930923+00:00", "symbol": "BTC-USD"}, {"trade_id": 849690695, "side": "buy", "size": "0.00024895", "price": "116165.27000000", "time": "2025-07-15T15:23:01.155729Z", "fetched_at": "2025-07-15T15:23:24.930923+00:00", "symbol": "BTC-USD"}, {"trade_id": 849690694, "side": "buy", "size": "0.00001000", "price": "116165.27000000", "time": "2025-07-15T15:23:01.155729Z", "fetched_at": "2025-07-15T15:23:24.930923+00:00", "symbol": "BTC-USD"}, {"trade_id": 849690693, "side": "sell", "size": "0.01274782", "price": "116165.28000000", "time": "2025-07-15T15:23:01.026934Z", "fetched_at": "2025-07-15T15:23:24.930923+00:00", "symbol": "BTC-USD"}, {"trade_id": 849690692, "side": "sell", "size": "0.00411858", "price": "116165.28000000", "time": "2025-07-15T15:23:01.023384Z", "fetched_at": "2025-07-15T15:23:24.930923+00:00", "symbol": "BTC-USD"}, {"trade_id": 849690691, "side": "sell", "size": "0.06063618", "price": "116165.28000000", "time": "2025-07-15T15:23:01.018909Z", "fetched_at": "2025-07-15T15:23:24.930923+00:00", "symbol": "BTC-USD"}, {"trade_id": 849690690, "side": "sell", "size": "0.00444923", "price": "116165.28000000", "time": "2025-07-15T15:23:00.990735Z", "fetched_at": "2025-07-15T15:23:24.930923+00:00", "symbol": "BTC-USD"}, {"trade_id": 849690689, "side": "sell", "size": "0.02758007", "price": "116165.28000000", "time": "2025-07-15T15:23:00.986691Z", "fetched_at": "2025-07-15T15:23:24.930923+00:00", "symbol": "BTC-USD"}, {"trade_id": 849690688, "side": "sell", "size": "0.03477365", "price": "116165.28000000", "time": "2025-07-15T15:23:00.906790Z", "fetched_at": "2025-07-15T15:23:24.930923+00:00", "symbol": "BTC-USD"}, {"trade_id": 849690687, "side": "sell", "size": "0.00743517", "price": "116165.28000000", "time": "2025-07-15T15:23:00.866384Z", "fetched_at": "2025-07-15T15:23:24.930923+00:00", "symbol": "BTC-USD"}, {"trade_id": 849690686, "side": "sell", "size": "0.01217503", "price": "116165.28000000", "time": "2025-07-15T15:23:00.857596Z", "fetched_at": "2025-07-15T15:23:24.930923+00:00", "symbol": "BTC-USD"}, {"trade_id": 849690685, "side": "sell", "size": "0.01213999", "price": "116165.28000000", "time": "2025-07-15T15:23:00.818850Z", "fetched_at": "2025-07-15T15:23:24.930923+00:00", "symbol": "BTC-USD"}, {"trade_id": 849690684, "side": "sell", "size": "0.00855260", "price": "116165.28000000", "time": "2025-07-15T15:23:00.814876Z", "fetched_at": "2025-07-15T15:23:24.930923+00:00", "symbol": "BTC-USD"}, {"trade_id": 849690683, "side": "sell", "size": "0.01463502", "price": "116165.28000000", "time": "2025-07-15T15:23:00.805295Z", "fetched_at": "2025-07-15T15:23:24.930923+00:00", "symbol": "BTC-USD"}, {"trade_id": 849690682, "side": "sell", "size": "0.00815977", "price": "116165.28000000", "time": "2025-07-15T15:23:00.787945Z", "fetched_at": "2025-07-15T15:23:24.930923+00:00", "symbol": "BTC-USD"}, {"trade_id": 849690681, "side": "sell", "size": "0.00675136", "price": "116165.28000000", "time": "2025-07-15T15:23:00.778896Z", "fetched_at": "2025-07-15T15:23:24.930923+00:00", "symbol": "BTC-USD"}, {"trade_id": 849690680, "side": "sell", "size": "0.03157907", "price": "116165.28000000", "time": "2025-07-15T15:23:00.771183Z", "fetched_at": "2025-07-15T15:23:24.930923+00:00", "symbol": "BTC-USD"}, {"trade_id": 849690679, "side": "sell", "size": "0.11619292", "price": "116165.28000000", "time": "2025-07-15T15:23:00.765306Z", "fetched_at": "2025-07-15T15:23:24.930923+00:00", "symbol": "BTC-USD"}, {"trade_id": 849690678, "side": "sell", "size": "0.01052867", "price": "116165.28000000", "time": "2025-07-15T15:23:00.103633Z", "fetched_at": "2025-07-15T15:23:24.930923+00:00", "symbol": "BTC-USD"}, {"trade_id": 849690677, "side": "sell", "size": "0.00711448", "price": "116165.28000000", "time": "2025-07-15T15:23:00.091340Z", "fetched_at": "2025-07-15T15:23:24.930923+00:00", "symbol": "BTC-USD"}, {"trade_id": 849690676, "side": "sell", "size": "0.01902792", "price": "116165.28000000", "time": "2025-07-15T15:23:00.087421Z", "fetched_at": "2025-07-15T15:23:24.930923+00:00", "symbol": "BTC-USD"}, {"trade_id": 849690675, "side": "sell", "size": "0.01712206", "price": "116165.28000000", "time": "2025-07-15T15:23:00.078915Z", "fetched_at": "2025-07-15T15:23:24.930923+00:00", "symbol": "BTC-USD"}, {"trade_id": 849690674, "side": "sell", "size": "0.01412455", "price": "116165.28000000", "time": "2025-07-15T15:23:00.056911Z", "fetched_at": "2025-07-15T15:23:24.930923+00:00", "symbol": "BTC-USD"}, {"trade_id": 849690673, "side": "sell", "size": "0.07432931", "price": "116165.28000000", "time": "2025-07-15T15:23:00.051043Z", "fetched_at": "2025-07-15T15:23:24.930923+00:00", "symbol": "BTC-USD"}, {"trade_id": 849690672, "side": "sell", "size": "0.01669081", "price": "116165.28000000", "time": "2025-07-15T15:23:00.029904Z", "fetched_at": "2025-07-15T15:23:24.930923+00:00", "symbol": "BTC-USD"}, {"trade_id": 849690671, "side": "sell", "size": "0.11090066", "price": "116165.28000000", "time": "2025-07-15T15:23:00.023445Z", "fetched_at": "2025-07-15T15:23:24.930923+00:00", "symbol": "BTC-USD"}, {"trade_id": 849690670, "side": "sell", "size": "0.01907549", "price": "116165.28000000", "time": "2025-07-15T15:22:59.785568Z", "fetched_at": "2025-07-15T15:23:24.930923+00:00", "symbol": "BTC-USD"}, {"trade_id": 849690669, "side": "sell", "size": "0.01274608", "price": "116165.28000000", "time": "2025-07-15T15:22:59.701103Z", "fetched_at": "2025-07-15T15:23:24.930923+00:00", "symbol": "BTC-USD"}, {"trade_id": 849690668, "side": "sell", "size": "0.03962097", "price": "116165.28000000", "time": "2025-07-15T15:22:59.685376Z", "fetched_at": "2025-07-15T15:23:24.930923+00:00", "symbol": "BTC-USD"}, {"trade_id": 849690667, "side": "sell", "size": "0.03344782", "price": "116165.28000000", "time": "2025-07-15T15:22:59.676552Z", "fetched_at": "2025-07-15T15:23:24.930923+00:00", "symbol": "BTC-USD"}, {"trade_id": 849690666, "side": "sell", "size": "0.01557294", "price": "116165.28000000", "time": "2025-07-15T15:22:59.638608Z", "fetched_at": "2025-07-15T15:23:24.930923+00:00", "symbol": "BTC-USD"}, {"trade_id": 849690665, "side": "sell", "size": "0.02281150", "price": "116165.28000000", "time": "2025-07-15T15:22:59.619545Z", "fetched_at": "2025-07-15T15:23:24.930923+00:00", "symbol": "BTC-USD"}, {"trade_id": 849690664, "side": "sell", "size": "0.01504189", "price": "116165.28000000", "time": "2025-07-15T15:22:59.592919Z", "fetched_at": "2025-07-15T15:23:24.930923+00:00", "symbol": "BTC-USD"}, {"trade_id": 849690663, "side": "sell", "size": "0.04972265", "price": "116165.28000000", "time": "2025-07-15T15:22:59.588526Z", "fetched_at": "2025-07-15T15:23:24.930923+00:00", "symbol": "BTC-USD"}, {"trade_id": 849690662, "side": "sell", "size": "0.03893289", "price": "116165.28000000", "time": "2025-07-15T15:22:59.530859Z", "fetched_at": "2025-07-15T15:23:24.930923+00:00", "symbol": "BTC-USD"}, {"trade_id": 849690661, "side": "sell", "size": "0.02769884", "price": "116165.28000000", "time": "2025-07-15T15:22:59.485558Z", "fetched_at": "2025-07-15T15:23:24.930923+00:00", "symbol": "BTC-USD"}, {"trade_id": 849690660, "side": "sell", "size": "0.01269845", "price": "116165.28000000", "time": "2025-07-15T15:22:59.422525Z", "fetched_at": "2025-07-15T15:23:24.930923+00:00", "symbol": "BTC-USD"}, {"trade_id": 849690659, "side": "sell", "size": "0.02014340", "price": "116165.28000000", "time": "2025-07-15T15:22:59.397669Z", "fetched_at": "2025-07-15T15:23:24.930923+00:00", "symbol": "BTC-USD"}, {"trade_id": 849690658, "side": "sell", "size": "0.04364738", "price": "116165.70000000", "time": "2025-07-15T15:22:59.268922Z", "fetched_at": "2025-07-15T15:23:24.930923+00:00", "symbol": "BTC-USD"}, {"trade_id": 849690657, "side": "sell", "size": "0.01392050", "price": "116165.46000000", "time": "2025-07-15T15:22:59.255981Z", "fetched_at": "2025-07-15T15:23:24.930923+00:00", "symbol": "BTC-USD"}, {"trade_id": 849690656, "side": "sell", "size": "0.00000366", "price": "116165.28000000", "time": "2025-07-15T15:22:59.255981Z", "fetched_at": "2025-07-15T15:23:24.930923+00:00", "symbol": "BTC-USD"}, {"trade_id": 849690655, "side": "sell", "size": "0.00000500", "price": "116165.28000000", "time": "2025-07-15T15:22:59.255981Z", "fetched_at": "2025-07-15T15:23:24.930923+00:00", "symbol": "BTC-USD"}, {"trade_id": 849690654, "side": "sell", "size": "0.00000654", "price": "116165.28000000", "time": "2025-07-15T15:22:59.255981Z", "fetched_at": "2025-07-15T15:23:24.930923+00:00", "symbol": "BTC-USD"}, {"trade_id": 849690653, "side": "sell", "size": "0.00591623", "price": "116165.28000000", "time": "2025-07-15T15:22:59.255981Z", "fetched_at": "2025-07-15T15:23:24.930923+00:00", "symbol": "BTC-USD"}, {"trade_id": 849690652, "side": "sell", "size": "0.00359094", "price": "116165.28000000", "time": "2025-07-15T15:22:59.251511Z", "fetched_at": "2025-07-15T15:23:24.930923+00:00", "symbol": "BTC-USD"}, {"trade_id": 849690651, "side": "sell", "size": "0.00434680", "price": "116165.28000000", "time": "2025-07-15T15:22:59.247306Z", "fetched_at": "2025-07-15T15:23:24.930923+00:00", "symbol": "BTC-USD"}, {"trade_id": 849690650, "side": "sell", "size": "0.00303650", "price": "116165.28000000", "time": "2025-07-15T15:22:59.243239Z", "fetched_at": "2025-07-15T15:23:24.930923+00:00", "symbol": "BTC-USD"}, {"trade_id": 849690649, "side": "sell", "size": "0.00350539", "price": "116165.28000000", "time": "2025-07-15T15:22:59.238337Z", "fetched_at": "2025-07-15T15:23:24.930923+00:00", "symbol": "BTC-USD"}, {"trade_id": 849690648, "side": "sell", "size": "0.00334996", "price": "116165.28000000", "time": "2025-07-15T15:22:59.234361Z", "fetched_at": "2025-07-15T15:23:24.930923+00:00", "symbol": "BTC-USD"}, {"trade_id": 849690647, "side": "sell", "size": "0.00315754", "price": "116165.28000000", "time": "2025-07-15T15:22:59.230543Z", "fetched_at": "2025-07-15T15:23:24.930923+00:00", "symbol": "BTC-USD"}, {"trade_id": 849690646, "side": "sell", "size": "0.00340822", "price": "116165.28000000", "time": "2025-07-15T15:22:59.226832Z", "fetched_at": "2025-07-15T15:23:24.930923+00:00", "symbol": "BTC-USD"}, {"trade_id": 849690645, "side": "sell", "size": "0.00309598", "price": "116165.28000000", "time": "2025-07-15T15:22:59.222861Z", "fetched_at": "2025-07-15T15:23:24.930923+00:00", "symbol": "BTC-USD"}, {"trade_id": 849690644, "side": "sell", "size": "0.00341142", "price": "116165.28000000", "time": "2025-07-15T15:22:59.219131Z", "fetched_at": "2025-07-15T15:23:24.930923+00:00", "symbol": "BTC-USD"}, {"trade_id": 849690643, "side": "sell", "size": "0.00330895", "price": "116165.28000000", "time": "2025-07-15T15:22:59.215402Z", "fetched_at": "2025-07-15T15:23:24.930923+00:00", "symbol": "BTC-USD"}, {"trade_id": 849690642, "side": "sell", "size": "0.00335091", "price": "116165.28000000", "time": "2025-07-15T15:22:59.211507Z", "fetched_at": "2025-07-15T15:23:24.930923+00:00", "symbol": "BTC-USD"}, {"trade_id": 849690641, "side": "sell", "size": "0.00336756", "price": "116165.28000000", "time": "2025-07-15T15:22:59.208195Z", "fetched_at": "2025-07-15T15:23:24.930923+00:00", "symbol": "BTC-USD"}, {"trade_id": 849690640, "side": "sell", "size": "0.00261122", "price": "116165.28000000", "time": "2025-07-15T15:22:59.203824Z", "fetched_at": "2025-07-15T15:23:24.930923+00:00", "symbol": "BTC-USD"}, {"trade_id": 849690639, "side": "sell", "size": "0.00397633", "price": "116165.28000000", "time": "2025-07-15T15:22:59.200640Z", "fetched_at": "2025-07-15T15:23:24.930923+00:00", "symbol": "BTC-USD"}, {"trade_id": 849690638, "side": "sell", "size": "0.01974290", "price": "116165.28000000", "time": "2025-07-15T15:22:59.197034Z", "fetched_at": "2025-07-15T15:23:24.930923+00:00", "symbol": "BTC-USD"}, {"trade_id": 849690637, "side": "sell", "size": "0.00341819", "price": "116165.28000000", "time": "2025-07-15T15:22:59.140484Z", "fetched_at": "2025-07-15T15:23:24.930923+00:00", "symbol": "BTC-USD"}, {"trade_id": 849690636, "side": "sell", "size": "0.00351213", "price": "116165.28000000", "time": "2025-07-15T15:22:59.136258Z", "fetched_at": "2025-07-15T15:23:24.930923+00:00", "symbol": "BTC-USD"}, {"trade_id": 849690635, "side": "sell", "size": "0.00530518", "price": "116165.28000000", "time": "2025-07-15T15:22:59.132157Z", "fetched_at": "2025-07-15T15:23:24.930923+00:00", "symbol": "BTC-USD"}, {"trade_id": 849690634, "side": "sell", "size": "0.00304464", "price": "116165.28000000", "time": "2025-07-15T15:22:59.097610Z", "fetched_at": "2025-07-15T15:23:24.930923+00:00", "symbol": "BTC-USD"}, {"trade_id": 849690633, "side": "sell", "size": "0.00332686", "price": "116165.28000000", "time": "2025-07-15T15:22:59.093500Z", "fetched_at": "2025-07-15T15:23:24.930923+00:00", "symbol": "BTC-USD"}, {"trade_id": 849690632, "side": "sell", "size": "0.02673175", "price": "116165.28000000", "time": "2025-07-15T15:22:59.089816Z", "fetched_at": "2025-07-15T15:23:24.930923+00:00", "symbol": "BTC-USD"}, {"trade_id": 849690631, "side": "sell", "size": "0.00265163", "price": "116165.28000000", "time": "2025-07-15T15:22:59.085976Z", "fetched_at": "2025-07-15T15:23:24.930923+00:00", "symbol": "BTC-USD"}, {"trade_id": 849690630, "side": "sell", "size": "0.00171771", "price": "116165.28000000", "time": "2025-07-15T15:22:59.082818Z", "fetched_at": "2025-07-15T15:23:24.930923+00:00", "symbol": "BTC-USD"}, {"trade_id": 849690629, "side": "sell", "size": "0.00325926", "price": "116165.28000000", "time": "2025-07-15T15:22:58.939872Z", "fetched_at": "2025-07-15T15:23:24.930923+00:00", "symbol": "BTC-USD"}, {"trade_id": 849690628, "side": "sell", "size": "0.00615580", "price": "116165.28000000", "time": "2025-07-15T15:22:58.936026Z", "fetched_at": "2025-07-15T15:23:24.930923+00:00", "symbol": "BTC-USD"}, {"trade_id": 849690627, "side": "sell", "size": "0.00001992", "price": "116165.28000000", "time": "2025-07-15T15:22:58.936026Z", "fetched_at": "2025-07-15T15:23:24.930923+00:00", "symbol": "BTC-USD"}, {"trade_id": 849690626, "side": "sell", "size": "0.00004134", "price": "116165.28000000", "time": "2025-07-15T15:22:58.936026Z", "fetched_at": "2025-07-15T15:23:24.930923+00:00", "symbol": "BTC-USD"}, {"trade_id": 849690625, "side": "sell", "size": "0.04327058", "price": "116165.28000000", "time": "2025-07-15T15:22:58.936026Z", "fetched_at": "2025-07-15T15:23:24.930923+00:00", "symbol": "BTC-USD"}, {"trade_id": 849690624, "side": "sell", "size": "0.02049059", "price": "116165.28000000", "time": "2025-07-15T15:22:58.929768Z", "fetched_at": "2025-07-15T15:23:24.930923+00:00", "symbol": "BTC-USD"}, {"trade_id": 849690623, "side": "sell", "size": "0.01508526", "price": "116165.28000000", "time": "2025-07-15T15:22:58.929768Z", "fetched_at": "2025-07-15T15:23:24.930923+00:00", "symbol": "BTC-USD"}, {"trade_id": 849690622, "side": "sell", "size": "0.00336592", "price": "116165.28000000", "time": "2025-07-15T15:22:58.893152Z", "fetched_at": "2025-07-15T15:23:24.930923+00:00", "symbol": "BTC-USD"}, {"trade_id": 849690621, "side": "sell", "size": "0.00214613", "price": "116165.28000000", "time": "2025-07-15T15:22:58.889279Z", "fetched_at": "2025-07-15T15:23:24.930923+00:00", "symbol": "BTC-USD"}, {"trade_id": 849690620, "side": "sell", "size": "0.00126932", "price": "116165.28000000", "time": "2025-07-15T15:22:58.885267Z", "fetched_at": "2025-07-15T15:23:24.930923+00:00", "symbol": "BTC-USD"}, {"trade_id": 849690619, "side": "sell", "size": "0.00139280", "price": "116165.28000000", "time": "2025-07-15T15:22:58.885267Z", "fetched_at": "2025-07-15T15:23:24.930923+00:00", "symbol": "BTC-USD"}, {"trade_id": 849690618, "side": "sell", "size": "0.01862781", "price": "116165.28000000", "time": "2025-07-15T15:22:58.882426Z", "fetched_at": "2025-07-15T15:23:24.930923+00:00", "symbol": "BTC-USD"}, {"trade_id": 849690617, "side": "sell", "size": "0.00592565", "price": "116165.28000000", "time": "2025-07-15T15:22:58.877772Z", "fetched_at": "2025-07-15T15:23:24.930923+00:00", "symbol": "BTC-USD"}, {"trade_id": 849690616, "side": "sell", "size": "0.07013763", "price": "116165.28000000", "time": "2025-07-15T15:22:58.872941Z", "fetched_at": "2025-07-15T15:23:24.930923+00:00", "symbol": "BTC-USD"}, {"trade_id": 849690615, "side": "sell", "size": "0.03621611", "price": "116165.28000000", "time": "2025-07-15T15:22:58.869642Z", "fetched_at": "2025-07-15T15:23:24.930923+00:00", "symbol": "BTC-USD"}, {"trade_id": 849690614, "side": "sell", "size": "0.00001282", "price": "116165.28000000", "time": "2025-07-15T15:22:58.869642Z", "fetched_at": "2025-07-15T15:23:24.930923+00:00", "symbol": "BTC-USD"}, {"trade_id": 849690613, "side": "sell", "size": "0.00006201", "price": "116165.28000000", "time": "2025-07-15T15:22:58.869642Z", "fetched_at": "2025-07-15T15:23:24.930923+00:00", "symbol": "BTC-USD"}, {"trade_id": 849690612, "side": "sell", "size": "0.00003984", "price": "116165.28000000", "time": "2025-07-15T15:22:58.869642Z", "fetched_at": "2025-07-15T15:23:24.930923+00:00", "symbol": "BTC-USD"}, {"trade_id": 849690611, "side": "sell", "size": "0.06250647", "price": "116165.28000000", "time": "2025-07-15T15:22:58.865265Z", "fetched_at": "2025-07-15T15:23:24.930923+00:00", "symbol": "BTC-USD"}, {"trade_id": 849690610, "side": "sell", "size": "0.01540115", "price": "116165.28000000", "time": "2025-07-15T15:22:58.856828Z", "fetched_at": "2025-07-15T15:23:24.930923+00:00", "symbol": "BTC-USD"}, {"trade_id": 849690609, "side": "sell", "size": "0.05283176", "price": "116165.28000000", "time": "2025-07-15T15:22:58.846724Z", "fetched_at": "2025-07-15T15:23:24.930923+00:00", "symbol": "BTC-USD"}, {"trade_id": 849690608, "side": "sell", "size": "0.05431266", "price": "116165.28000000", "time": "2025-07-15T15:22:58.785224Z", "fetched_at": "2025-07-15T15:23:24.930923+00:00", "symbol": "BTC-USD"}, {"trade_id": 849690607, "side": "sell", "size": "0.10366265", "price": "116165.28000000", "time": "2025-07-15T15:22:58.774521Z", "fetched_at": "2025-07-15T15:23:24.930923+00:00", "symbol": "BTC-USD"}, {"trade_id": 849690606, "side": "sell", "size": "0.00846225", "price": "116165.28000000", "time": "2025-07-15T15:22:58.348655Z", "fetched_at": "2025-07-15T15:23:24.930923+00:00", "symbol": "BTC-USD"}, {"trade_id": 849690605, "side": "sell", "size": "0.04300000", "price": "116165.28000000", "time": "2025-07-15T15:22:58.315821Z", "fetched_at": "2025-07-15T15:23:24.930923+00:00", "symbol": "BTC-USD"}, {"trade_id": 849690604, "side": "sell", "size": "0.00771942", "price": "116165.28000000", "time": "2025-07-15T15:22:58.310626Z", "fetched_at": "2025-07-15T15:23:24.930923+00:00", "symbol": "BTC-USD"}, {"trade_id": 849690603, "side": "sell", "size": "0.00080000", "price": "116165.28000000", "time": "2025-07-15T15:22:58.043497Z", "fetched_at": "2025-07-15T15:23:24.930923+00:00", "symbol": "BTC-USD"}, {"trade_id": 849690602, "side": "sell", "size": "0.00008307", "price": "116165.28000000", "time": "2025-07-15T15:22:57.713003Z", "fetched_at": "2025-07-15T15:23:24.930923+00:00", "symbol": "BTC-USD"}, {"trade_id": 849690601, "side": "sell", "size": "0.01403248", "price": "116165.28000000", "time": "2025-07-15T15:22:57.492068Z", "fetched_at": "2025-07-15T15:23:24.930923+00:00", "symbol": "BTC-USD"}, {"trade_id": 849690600, "side": "sell", "size": "0.06168304", "price": "116165.28000000", "time": "2025-07-15T15:22:57.488298Z", "fetched_at": "2025-07-15T15:23:24.930923+00:00", "symbol": "BTC-USD"}, {"trade_id": 849690599, "side": "sell", "size": "0.00948761", "price": "116165.28000000", "time": "2025-07-15T15:22:57.483422Z", "fetched_at": "2025-07-15T15:23:24.930923+00:00", "symbol": "BTC-USD"}, {"trade_id": 849690598, "side": "sell", "size": "0.02740432", "price": "116165.28000000", "time": "2025-07-15T15:22:57.416591Z", "fetched_at": "2025-07-15T15:23:24.930923+00:00", "symbol": "BTC-USD"}, {"trade_id": 849690597, "side": "sell", "size": "0.06187151", "price": "116165.28000000", "time": "2025-07-15T15:22:57.412178Z", "fetched_at": "2025-07-15T15:23:24.930923+00:00", "symbol": "BTC-USD"}, {"trade_id": 849690596, "side": "sell", "size": "0.01808759", "price": "116165.28000000", "time": "2025-07-15T15:22:57.382243Z", "fetched_at": "2025-07-15T15:23:24.930923+00:00", "symbol": "BTC-USD"}, {"trade_id": 849690595, "side": "sell", "size": "0.00800731", "price": "116165.28000000", "time": "2025-07-15T15:22:57.361366Z", "fetched_at": "2025-07-15T15:23:24.930923+00:00", "symbol": "BTC-USD"}, {"trade_id": 849690594, "side": "sell", "size": "0.02341695", "price": "116165.28000000", "time": "2025-07-15T15:22:57.351944Z", "fetched_at": "2025-07-15T15:23:24.930923+00:00", "symbol": "BTC-USD"}, {"trade_id": 849690593, "side": "sell", "size": "0.04507777", "price": "116165.28000000", "time": "2025-07-15T15:22:57.347848Z", "fetched_at": "2025-07-15T15:23:24.930923+00:00", "symbol": "BTC-USD"}, {"trade_id": 849690592, "side": "sell", "size": "0.05476516", "price": "116165.28000000", "time": "2025-07-15T15:22:57.343815Z", "fetched_at": "2025-07-15T15:23:24.930923+00:00", "symbol": "BTC-USD"}, {"trade_id": 849690591, "side": "sell", "size": "0.02556829", "price": "116165.28000000", "time": "2025-07-15T15:22:57.333180Z", "fetched_at": "2025-07-15T15:23:24.930923+00:00", "symbol": "BTC-USD"}, {"trade_id": 849690590, "side": "sell", "size": "0.00340824", "price": "116165.28000000", "time": "2025-07-15T15:22:57.146435Z", "fetched_at": "2025-07-15T15:23:24.930923+00:00", "symbol": "BTC-USD"}, {"trade_id": 849690589, "side": "sell", "size": "0.00983233", "price": "116165.28000000", "time": "2025-07-15T15:22:57.051065Z", "fetched_at": "2025-07-15T15:23:24.930923+00:00", "symbol": "BTC-USD"}, {"trade_id": 849690588, "side": "sell", "size": "0.00873506", "price": "116165.28000000", "time": "2025-07-15T15:22:57.039986Z", "fetched_at": "2025-07-15T15:23:24.930923+00:00", "symbol": "BTC-USD"}, {"trade_id": 849690587, "side": "sell", "size": "0.03519241", "price": "116165.28000000", "time": "2025-07-15T15:22:57.019782Z", "fetched_at": "2025-07-15T15:23:24.930923+00:00", "symbol": "BTC-USD"}, {"trade_id": 849690586, "side": "sell", "size": "0.06187232", "price": "116165.28000000", "time": "2025-07-15T15:22:57.017282Z", "fetched_at": "2025-07-15T15:23:24.930923+00:00", "symbol": "BTC-USD"}, {"trade_id": 849690585, "side": "sell", "size": "0.08365927", "price": "116165.28000000", "time": "2025-07-15T15:22:57.012068Z", "fetched_at": "2025-07-15T15:23:24.930923+00:00", "symbol": "BTC-USD"}, {"trade_id": 849690584, "side": "sell", "size": "0.03410282", "price": "116165.28000000", "time": "2025-07-15T15:22:57.005367Z", "fetched_at": "2025-07-15T15:23:24.930923+00:00", "symbol": "BTC-USD"}, {"trade_id": 849690583, "side": "sell", "size": "0.13807131", "price": "116165.28000000", "time": "2025-07-15T15:22:56.994260Z", "fetched_at": "2025-07-15T15:23:24.930923+00:00", "symbol": "BTC-USD"}, {"trade_id": 849690582, "side": "sell", "size": "0.00124153", "price": "116165.28000000", "time": "2025-07-15T15:22:56.912928Z", "fetched_at": "2025-07-15T15:23:24.930923+00:00", "symbol": "BTC-USD"}, {"trade_id": 849690581, "side": "buy", "size": "0.00500000", "price": "116173.11000000", "time": "2025-07-15T15:22:56.907411Z", "fetched_at": "2025-07-15T15:23:24.930923+00:00", "symbol": "BTC-USD"}, {"trade_id": 849690580, "side": "buy", "size": "0.00500000", "price": "116175.31000000", "time": "2025-07-15T15:22:56.824416Z", "fetched_at": "2025-07-15T15:23:24.930923+00:00", "symbol": "BTC-USD"}, {"trade_id": 849690579, "side": "buy", "size": "0.00001000", "price": "116173.98000000", "time": "2025-07-15T15:22:56.822549Z", "fetched_at": "2025-07-15T15:23:24.930923+00:00", "symbol": "BTC-USD"}, {"trade_id": 849690578, "side": "buy", "size": "0.00427795", "price": "116176.97000000", "time": "2025-07-15T15:22:56.818415Z", "fetched_at": "2025-07-15T15:23:24.930923+00:00", "symbol": "BTC-USD"}, {"trade_id": 849690577, "side": "buy", "size": "0.00000714", "price": "116178.12000000", "time": "2025-07-15T15:22:56.816911Z", "fetched_at": "2025-07-15T15:23:24.930923+00:00", "symbol": "BTC-USD"}, {"trade_id": 849690576, "side": "buy", "size": "0.00694319", "price": "116180.00000000", "time": "2025-07-15T15:22:56.802907Z", "fetched_at": "2025-07-15T15:23:24.930923+00:00", "symbol": "BTC-USD"}, {"trade_id": 849690575, "side": "buy", "size": "0.01920919", "price": "116180.36000000", "time": "2025-07-15T15:22:56.742555Z", "fetched_at": "2025-07-15T15:23:24.930923+00:00", "symbol": "BTC-USD"}, {"trade_id": 849690574, "side": "buy", "size": "0.00000120", "price": "116181.02000000", "time": "2025-07-15T15:22:56.742555Z", "fetched_at": "2025-07-15T15:23:24.930923+00:00", "symbol": "BTC-USD"}, {"trade_id": 849690573, "side": "buy", "size": "0.00004992", "price": "116181.02000000", "time": "2025-07-15T15:22:56.742555Z", "fetched_at": "2025-07-15T15:23:24.930923+00:00", "symbol": "BTC-USD"}, {"trade_id": 849690572, "side": "buy", "size": "0.00531250", "price": "116181.38000000", "time": "2025-07-15T15:22:56.737329Z", "fetched_at": "2025-07-15T15:23:24.930923+00:00", "symbol": "BTC-USD"}, {"trade_id": 849690571, "side": "buy", "size": "0.13733650", "price": "116181.38000000", "time": "2025-07-15T15:22:56.737310Z", "fetched_at": "2025-07-15T15:23:24.930923+00:00", "symbol": "BTC-USD"}, {"trade_id": 849690570, "side": "buy", "size": "0.00707010", "price": "116181.38000000", "time": "2025-07-15T15:22:56.737310Z", "fetched_at": "2025-07-15T15:23:24.930923+00:00", "symbol": "BTC-USD"}, {"trade_id": 849690569, "side": "buy", "size": "0.09177203", "price": "116181.38000000", "time": "2025-07-15T15:22:56.737249Z", "fetched_at": "2025-07-15T15:23:24.930923+00:00", "symbol": "BTC-USD"}, {"trade_id": 849690568, "side": "buy", "size": "0.05850837", "price": "116181.38000000", "time": "2025-07-15T15:22:56.736385Z", "fetched_at": "2025-07-15T15:23:24.930923+00:00", "symbol": "BTC-USD"}, {"trade_id": 849690567, "side": "buy", "size": "0.00860723", "price": "116181.39000000", "time": "2025-07-15T15:22:56.736385Z", "fetched_at": "2025-07-15T15:23:24.930923+00:00", "symbol": "BTC-USD"}, {"trade_id": 849690566, "side": "buy", "size": "0.00171456", "price": "116181.39000000", "time": "2025-07-15T15:22:56.736385Z", "fetched_at": "2025-07-15T15:23:24.930923+00:00", "symbol": "BTC-USD"}, {"trade_id": 849690565, "side": "buy", "size": "0.04000000", "price": "116182.76000000", "time": "2025-07-15T15:22:56.710108Z", "fetched_at": "2025-07-15T15:23:24.930923+00:00", "symbol": "BTC-USD"}, {"trade_id": 849690564, "side": "buy", "size": "0.00860701", "price": "116184.26000000", "time": "2025-07-15T15:22:56.702315Z", "fetched_at": "2025-07-15T15:23:24.930923+00:00", "symbol": "BTC-USD"}, {"trade_id": 849690563, "side": "buy", "size": "0.00860702", "price": "116184.26000000", "time": "2025-07-15T15:22:56.702315Z", "fetched_at": "2025-07-15T15:23:24.930923+00:00", "symbol": "BTC-USD"}, {"trade_id": 849690562, "side": "sell", "size": "0.00011490", "price": "116184.27000000", "time": "2025-07-15T15:22:56.698295Z", "fetched_at": "2025-07-15T15:23:24.930923+00:00", "symbol": "BTC-USD"}, {"trade_id": 849690561, "side": "buy", "size": "0.00860688", "price": "116186.00000000", "time": "2025-07-15T15:22:56.679720Z", "fetched_at": "2025-07-15T15:23:24.930923+00:00", "symbol": "BTC-USD"}, {"trade_id": 849690560, "side": "buy", "size": "0.19017863", "price": "116186.00000000", "time": "2025-07-15T15:22:56.679720Z", "fetched_at": "2025-07-15T15:23:24.930923+00:00", "symbol": "BTC-USD"}, {"trade_id": 849690559, "side": "sell", "size": "0.00860688", "price": "116186.01000000", "time": "2025-07-15T15:22:56.481980Z", "fetched_at": "2025-07-15T15:23:24.930923+00:00", "symbol": "BTC-USD"}, {"trade_id": 849690558, "side": "sell", "size": "0.01560731", "price": "116186.01000000", "time": "2025-07-15T15:22:56.471718Z", "fetched_at": "2025-07-15T15:23:24.930923+00:00", "symbol": "BTC-USD"}, {"trade_id": 849690557, "side": "sell", "size": "0.01461749", "price": "116186.01000000", "time": "2025-07-15T15:22:56.453628Z", "fetched_at": "2025-07-15T15:23:24.930923+00:00", "symbol": "BTC-USD"}, {"trade_id": 849690556, "side": "buy", "size": "0.00002137", "price": "116186.00000000", "time": "2025-07-15T15:22:56.399513Z", "fetched_at": "2025-07-15T15:23:24.930923+00:00", "symbol": "BTC-USD"}, {"trade_id": 849690555, "side": "sell", "size": "0.20313481", "price": "116186.01000000", "time": "2025-07-15T15:22:56.322012Z", "fetched_at": "2025-07-15T15:23:24.930923+00:00", "symbol": "BTC-USD"}, {"trade_id": 849690554, "side": "sell", "size": "0.00064330", "price": "116187.75000000", "time": "2025-07-15T15:22:56.287578Z", "fetched_at": "2025-07-15T15:23:24.930923+00:00", "symbol": "BTC-USD"}, {"trade_id": 849690553, "side": "sell", "size": "0.02475087", "price": "116187.75000000", "time": "2025-07-15T15:22:56.283947Z", "fetched_at": "2025-07-15T15:23:24.930923+00:00", "symbol": "BTC-USD"}, {"trade_id": 849690552, "side": "sell", "size": "0.00317960", "price": "116187.75000000", "time": "2025-07-15T15:22:56.280057Z", "fetched_at": "2025-07-15T15:23:24.930923+00:00", "symbol": "BTC-USD"}, {"trade_id": 849690551, "side": "sell", "size": "0.06410961", "price": "116187.75000000", "time": "2025-07-15T15:22:56.276252Z", "fetched_at": "2025-07-15T15:23:24.930923+00:00", "symbol": "BTC-USD"}, {"trade_id": 849690550, "side": "sell", "size": "0.00367197", "price": "116187.75000000", "time": "2025-07-15T15:22:56.272534Z", "fetched_at": "2025-07-15T15:23:24.930923+00:00", "symbol": "BTC-USD"}, {"trade_id": 849690549, "side": "sell", "size": "0.02944556", "price": "116187.75000000", "time": "2025-07-15T15:22:56.268902Z", "fetched_at": "2025-07-15T15:23:24.930923+00:00", "symbol": "BTC-USD"}, {"trade_id": 849690548, "side": "sell", "size": "0.00649908", "price": "116187.75000000", "time": "2025-07-15T15:22:56.218061Z", "fetched_at": "2025-07-15T15:23:24.930923+00:00", "symbol": "BTC-USD"}, {"trade_id": 849690547, "side": "sell", "size": "0.02343881", "price": "116186.01000000", "time": "2025-07-15T15:22:56.047758Z", "fetched_at": "2025-07-15T15:23:24.930923+00:00", "symbol": "BTC-USD"}, {"trade_id": 849690546, "side": "sell", "size": "0.00173000", "price": "116186.01000000", "time": "2025-07-15T15:22:56.047758Z", "fetched_at": "2025-07-15T15:23:24.930923+00:00", "symbol": "BTC-USD"}, {"trade_id": 849690545, "side": "sell", "size": "0.02708334", "price": "116186.01000000", "time": "2025-07-15T15:22:56.047758Z", "fetched_at": "2025-07-15T15:23:24.930923+00:00", "symbol": "BTC-USD"}, {"trade_id": 849690544, "side": "sell", "size": "0.00350657", "price": "116186.01000000", "time": "2025-07-15T15:22:56.044462Z", "fetched_at": "2025-07-15T15:23:24.930923+00:00", "symbol": "BTC-USD"}, {"trade_id": 849690543, "side": "sell", "size": "0.00344761", "price": "116186.01000000", "time": "2025-07-15T15:22:56.040475Z", "fetched_at": "2025-07-15T15:23:24.930923+00:00", "symbol": "BTC-USD"}, {"trade_id": 849690542, "side": "sell", "size": "0.00288755", "price": "116186.01000000", "time": "2025-07-15T15:22:56.036600Z", "fetched_at": "2025-07-15T15:23:24.930923+00:00", "symbol": "BTC-USD"}, {"trade_id": 849690541, "side": "sell", "size": "0.01837182", "price": "116186.01000000", "time": "2025-07-15T15:22:56.032952Z", "fetched_at": "2025-07-15T15:23:24.930923+00:00", "symbol": "BTC-USD"}, {"trade_id": 849690540, "side": "sell", "size": "0.00356568", "price": "116186.01000000", "time": "2025-07-15T15:22:56.025065Z", "fetched_at": "2025-07-15T15:23:24.930923+00:00", "symbol": "BTC-USD"}, {"trade_id": 849690539, "side": "sell", "size": "0.04630731", "price": "116186.01000000", "time": "2025-07-15T15:22:56.020989Z", "fetched_at": "2025-07-15T15:23:24.930923+00:00", "symbol": "BTC-USD"}, {"trade_id": 849690538, "side": "sell", "size": "0.02680012", "price": "116186.01000000", "time": "2025-07-15T15:22:55.723453Z", "fetched_at": "2025-07-15T15:23:24.930923+00:00", "symbol": "BTC-USD"}, {"trade_id": 849690537, "side": "sell", "size": "0.00033000", "price": "116186.01000000", "time": "2025-07-15T15:22:55.720377Z", "fetched_at": "2025-07-15T15:23:24.930923+00:00", "symbol": "BTC-USD"}, {"trade_id": 849690536, "side": "sell", "size": "0.00032653", "price": "116187.75000000", "time": "2025-07-15T15:22:55.656541Z", "fetched_at": "2025-07-15T15:23:24.930923+00:00", "symbol": "BTC-USD"}, {"trade_id": 849690535, "side": "sell", "size": "0.00008367", "price": "116187.75000000", "time": "2025-07-15T15:22:55.622831Z", "fetched_at": "2025-07-15T15:23:24.930923+00:00", "symbol": "BTC-USD"}, {"trade_id": 849690534, "side": "sell", "size": "0.00311719", "price": "116187.75000000", "time": "2025-07-15T15:22:55.556468Z", "fetched_at": "2025-07-15T15:23:24.930923+00:00", "symbol": "BTC-USD"}, {"trade_id": 849690533, "side": "sell", "size": "0.04153174", "price": "116187.75000000", "time": "2025-07-15T15:22:55.552787Z", "fetched_at": "2025-07-15T15:23:24.930923+00:00", "symbol": "BTC-USD"}, {"trade_id": 849690532, "side": "sell", "size": "0.02711257", "price": "116187.75000000", "time": "2025-07-15T15:22:55.549362Z", "fetched_at": "2025-07-15T15:23:24.930923+00:00", "symbol": "BTC-USD"}, {"trade_id": 849690531, "side": "sell", "size": "0.00860676", "price": "116187.75000000", "time": "2025-07-15T15:22:55.543281Z", "fetched_at": "2025-07-15T15:23:24.930923+00:00", "symbol": "BTC-USD"}, {"trade_id": 849690530, "side": "sell", "size": "0.01703229", "price": "116186.01000000", "time": "2025-07-15T15:22:55.526651Z", "fetched_at": "2025-07-15T15:23:24.930923+00:00", "symbol": "BTC-USD"}, {"trade_id": 849690529, "side": "sell", "size": "0.01343043", "price": "116186.01000000", "time": "2025-07-15T15:22:55.502443Z", "fetched_at": "2025-07-15T15:23:24.930923+00:00", "symbol": "BTC-USD"}, {"trade_id": 849690528, "side": "sell", "size": "0.01652088", "price": "116186.01000000", "time": "2025-07-15T15:22:55.482277Z", "fetched_at": "2025-07-15T15:23:24.930923+00:00", "symbol": "BTC-USD"}, {"trade_id": 849690527, "side": "buy", "size": "0.00900000", "price": "116186.00000000", "time": "2025-07-15T15:22:55.468862Z", "fetched_at": "2025-07-15T15:23:24.930923+00:00", "symbol": "BTC-USD"}, {"trade_id": 849690526, "side": "sell", "size": "0.01218181", "price": "116186.01000000", "time": "2025-07-15T15:22:55.466506Z", "fetched_at": "2025-07-15T15:23:24.930923+00:00", "symbol": "BTC-USD"}, {"trade_id": 849690525, "side": "sell", "size": "0.00007524", "price": "116186.01000000", "time": "2025-07-15T15:22:55.420976Z", "fetched_at": "2025-07-15T15:23:24.930923+00:00", "symbol": "BTC-USD"}, {"trade_id": 849690524, "side": "sell", "size": "0.16174798", "price": "116187.68000000", "time": "2025-07-15T15:22:55.359757Z", "fetched_at": "2025-07-15T15:23:24.930923+00:00", "symbol": "BTC-USD"}, {"trade_id": 849690523, "side": "sell", "size": "0.02063455", "price": "116190.31000000", "time": "2025-07-15T15:22:55.335361Z", "fetched_at": "2025-07-15T15:23:24.930923+00:00", "symbol": "BTC-USD"}, {"trade_id": 849690522, "side": "sell", "size": "0.00347629", "price": "116190.31000000", "time": "2025-07-15T15:22:55.331625Z", "fetched_at": "2025-07-15T15:23:24.930923+00:00", "symbol": "BTC-USD"}, {"trade_id": 849690521, "side": "sell", "size": "0.06031251", "price": "116190.31000000", "time": "2025-07-15T15:22:55.327550Z", "fetched_at": "2025-07-15T15:23:24.930923+00:00", "symbol": "BTC-USD"}, {"trade_id": 849690520, "side": "sell", "size": "0.04816712", "price": "116190.31000000", "time": "2025-07-15T15:22:55.323810Z", "fetched_at": "2025-07-15T15:23:24.930923+00:00", "symbol": "BTC-USD"}, {"trade_id": 849690519, "side": "sell", "size": "0.02529216", "price": "116190.31000000", "time": "2025-07-15T15:22:55.320147Z", "fetched_at": "2025-07-15T15:23:24.930923+00:00", "symbol": "BTC-USD"}, {"trade_id": 849690518, "side": "sell", "size": "0.00340936", "price": "116190.31000000", "time": "2025-07-15T15:22:55.316540Z", "fetched_at": "2025-07-15T15:23:24.930923+00:00", "symbol": "BTC-USD"}, {"trade_id": 849690517, "side": "sell", "size": "0.20121401", "price": "116190.31000000", "time": "2025-07-15T15:22:55.312590Z", "fetched_at": "2025-07-15T15:23:24.930923+00:00", "symbol": "BTC-USD"}, {"trade_id": 849690516, "side": "sell", "size": "0.11000000", "price": "116189.42000000", "time": "2025-07-15T15:22:55.312590Z", "fetched_at": "2025-07-15T15:23:24.930923+00:00", "symbol": "BTC-USD"}, {"trade_id": 849690515, "side": "sell", "size": "0.02317626", "price": "116189.42000000", "time": "2025-07-15T15:22:55.312590Z", "fetched_at": "2025-07-15T15:23:24.930923+00:00", "symbol": "BTC-USD"}, {"trade_id": 849690514, "side": "sell", "size": "0.00099850", "price": "116189.42000000", "time": "2025-07-15T15:22:55.182685Z", "fetched_at": "2025-07-15T15:23:24.930923+00:00", "symbol": "BTC-USD"}, {"trade_id": 849690513, "side": "sell", "size": "0.00329341", "price": "116189.42000000", "time": "2025-07-15T15:22:54.676917Z", "fetched_at": "2025-07-15T15:23:24.930923+00:00", "symbol": "BTC-USD"}, {"trade_id": 849690512, "side": "sell", "size": "0.00316029", "price": "116189.42000000", "time": "2025-07-15T15:22:54.672412Z", "fetched_at": "2025-07-15T15:23:24.930923+00:00", "symbol": "BTC-USD"}, {"trade_id": 849690511, "side": "sell", "size": "0.00309876", "price": "116189.42000000", "time": "2025-07-15T15:22:54.668540Z", "fetched_at": "2025-07-15T15:23:24.930923+00:00", "symbol": "BTC-USD"}, {"trade_id": 849690510, "side": "sell", "size": "0.00337199", "price": "116189.42000000", "time": "2025-07-15T15:22:54.665070Z", "fetched_at": "2025-07-15T15:23:24.930923+00:00", "symbol": "BTC-USD"}, {"trade_id": 849690509, "side": "sell", "size": "0.00356135", "price": "116189.42000000", "time": "2025-07-15T15:22:54.661334Z", "fetched_at": "2025-07-15T15:23:24.930923+00:00", "symbol": "BTC-USD"}, {"trade_id": 849690508, "side": "sell", "size": "0.00310309", "price": "116189.42000000", "time": "2025-07-15T15:22:54.577567Z", "fetched_at": "2025-07-15T15:23:24.930923+00:00", "symbol": "BTC-USD"}, {"trade_id": 849690507, "side": "sell", "size": "0.00316249", "price": "116189.42000000", "time": "2025-07-15T15:22:54.573958Z", "fetched_at": "2025-07-15T15:23:24.930923+00:00", "symbol": "BTC-USD"}, {"trade_id": 849690506, "side": "sell", "size": "0.00283403", "price": "116189.42000000", "time": "2025-07-15T15:22:54.570322Z", "fetched_at": "2025-07-15T15:23:24.930923+00:00", "symbol": "BTC-USD"}, {"trade_id": 849690505, "side": "sell", "size": "0.00481652", "price": "116189.42000000", "time": "2025-07-15T15:22:54.566941Z", "fetched_at": "2025-07-15T15:23:24.930923+00:00", "symbol": "BTC-USD"}, {"trade_id": 849690504, "side": "sell", "size": "0.00314114", "price": "116189.42000000", "time": "2025-07-15T15:22:54.563230Z", "fetched_at": "2025-07-15T15:23:24.930923+00:00", "symbol": "BTC-USD"}, {"trade_id": 849690503, "side": "sell", "size": "0.00327744", "price": "116189.42000000", "time": "2025-07-15T15:22:54.557774Z", "fetched_at": "2025-07-15T15:23:24.930923+00:00", "symbol": "BTC-USD"}, {"trade_id": 849690502, "side": "sell", "size": "0.00347025", "price": "116189.42000000", "time": "2025-07-15T15:22:54.553906Z", "fetched_at": "2025-07-15T15:23:24.930923+00:00", "symbol": "BTC-USD"}, {"trade_id": 849690501, "side": "sell", "size": "0.00319426", "price": "116189.42000000", "time": "2025-07-15T15:22:54.550231Z", "fetched_at": "2025-07-15T15:23:24.930923+00:00", "symbol": "BTC-USD"}, {"trade_id": 849690500, "side": "sell", "size": "0.00306135", "price": "116189.42000000", "time": "2025-07-15T15:22:54.546273Z", "fetched_at": "2025-07-15T15:23:24.930923+00:00", "symbol": "BTC-USD"}, {"trade_id": 849690499, "side": "sell", "size": "0.00329059", "price": "116189.42000000", "time": "2025-07-15T15:22:54.542521Z", "fetched_at": "2025-07-15T15:23:24.930923+00:00", "symbol": "BTC-USD"}, {"trade_id": 849690498, "side": "sell", "size": "0.00337655", "price": "116189.42000000", "time": "2025-07-15T15:22:54.538799Z", "fetched_at": "2025-07-15T15:23:24.930923+00:00", "symbol": "BTC-USD"}, {"trade_id": 849690497, "side": "sell", "size": "0.00416544", "price": "116189.42000000", "time": "2025-07-15T15:22:54.534929Z", "fetched_at": "2025-07-15T15:23:24.930923+00:00", "symbol": "BTC-USD"}, {"trade_id": 849690496, "side": "sell", "size": "0.00303896", "price": "116189.42000000", "time": "2025-07-15T15:22:54.531129Z", "fetched_at": "2025-07-15T15:23:24.930923+00:00", "symbol": "BTC-USD"}, {"trade_id": 849690495, "side": "sell", "size": "0.00314483", "price": "116189.42000000", "time": "2025-07-15T15:22:54.526445Z", "fetched_at": "2025-07-15T15:23:24.930923+00:00", "symbol": "BTC-USD"}, {"trade_id": 849690494, "side": "sell", "size": "0.00467120", "price": "116189.42000000", "time": "2025-07-15T15:22:54.522673Z", "fetched_at": "2025-07-15T15:23:24.930923+00:00", "symbol": "BTC-USD"}, {"trade_id": 849690493, "side": "sell", "size": "0.00363088", "price": "116189.42000000", "time": "2025-07-15T15:22:54.517334Z", "fetched_at": "2025-07-15T15:23:24.930923+00:00", "symbol": "BTC-USD"}, {"trade_id": 849690492, "side": "sell", "size": "0.00354433", "price": "116189.42000000", "time": "2025-07-15T15:22:54.513380Z", "fetched_at": "2025-07-15T15:23:24.930923+00:00", "symbol": "BTC-USD"}, {"trade_id": 849690491, "side": "sell", "size": "0.03271609", "price": "116189.42000000", "time": "2025-07-15T15:22:54.509151Z", "fetched_at": "2025-07-15T15:23:24.930923+00:00", "symbol": "BTC-USD"}, {"trade_id": 849690490, "side": "sell", "size": "0.00013647", "price": "116189.42000000", "time": "2025-07-15T15:22:54.509151Z", "fetched_at": "2025-07-15T15:23:24.930923+00:00", "symbol": "BTC-USD"}, {"trade_id": 849690489, "side": "sell", "size": "0.00278119", "price": "116189.42000000", "time": "2025-07-15T15:22:54.505247Z", "fetched_at": "2025-07-15T15:23:24.930923+00:00", "symbol": "BTC-USD"}, {"trade_id": 849690488, "side": "sell", "size": "0.00369360", "price": "116189.42000000", "time": "2025-07-15T15:22:54.501468Z", "fetched_at": "2025-07-15T15:23:24.930923+00:00", "symbol": "BTC-USD"}, {"trade_id": 849690487, "side": "sell", "size": "0.00397339", "price": "116189.42000000", "time": "2025-07-15T15:22:54.497116Z", "fetched_at": "2025-07-15T15:23:24.930923+00:00", "symbol": "BTC-USD"}, {"trade_id": 849690486, "side": "sell", "size": "0.00406821", "price": "116189.42000000", "time": "2025-07-15T15:22:54.493194Z", "fetched_at": "2025-07-15T15:23:24.930923+00:00", "symbol": "BTC-USD"}, {"trade_id": 849690485, "side": "sell", "size": "0.00292648", "price": "116189.42000000", "time": "2025-07-15T15:22:54.488820Z", "fetched_at": "2025-07-15T15:23:24.930923+00:00", "symbol": "BTC-USD"}, {"trade_id": 849690484, "side": "sell", "size": "0.00336913", "price": "116189.42000000", "time": "2025-07-15T15:22:54.484334Z", "fetched_at": "2025-07-15T15:23:24.930923+00:00", "symbol": "BTC-USD"}, {"trade_id": 849690483, "side": "sell", "size": "0.00360641", "price": "116189.42000000", "time": "2025-07-15T15:22:54.480628Z", "fetched_at": "2025-07-15T15:23:24.930923+00:00", "symbol": "BTC-USD"}, {"trade_id": 849690482, "side": "sell", "size": "0.00351091", "price": "116189.42000000", "time": "2025-07-15T15:22:54.478659Z", "fetched_at": "2025-07-15T15:23:24.930923+00:00", "symbol": "BTC-USD"}, {"trade_id": 849690481, "side": "sell", "size": "0.00298595", "price": "116189.42000000", "time": "2025-07-15T15:22:54.472433Z", "fetched_at": "2025-07-15T15:23:24.930923+00:00", "symbol": "BTC-USD"}, {"trade_id": 849690480, "side": "sell", "size": "0.00312973", "price": "116189.42000000", "time": "2025-07-15T15:22:54.468607Z", "fetched_at": "2025-07-15T15:23:24.930923+00:00", "symbol": "BTC-USD"}, {"trade_id": 849690479, "side": "sell", "size": "0.00328557", "price": "116189.42000000", "time": "2025-07-15T15:22:54.465058Z", "fetched_at": "2025-07-15T15:23:24.930923+00:00", "symbol": "BTC-USD"}, {"trade_id": 849690478, "side": "sell", "size": "0.00336135", "price": "116189.42000000", "time": "2025-07-15T15:22:54.461512Z", "fetched_at": "2025-07-15T15:23:24.930923+00:00", "symbol": "BTC-USD"}, {"trade_id": 849690477, "side": "sell", "size": "0.01330392", "price": "116189.42000000", "time": "2025-07-15T15:22:54.457482Z", "fetched_at": "2025-07-15T15:23:24.930923+00:00", "symbol": "BTC-USD"}, {"trade_id": 849690476, "side": "sell", "size": "0.00645497", "price": "116189.42000000", "time": "2025-07-15T15:22:54.453218Z", "fetched_at": "2025-07-15T15:23:24.930923+00:00", "symbol": "BTC-USD"}, {"trade_id": 849690475, "side": "sell", "size": "0.01622997", "price": "116189.42000000", "time": "2025-07-15T15:22:54.433656Z", "fetched_at": "2025-07-15T15:23:24.930923+00:00", "symbol": "BTC-USD"}, {"trade_id": 849690474, "side": "sell", "size": "0.00269645", "price": "116189.42000000", "time": "2025-07-15T15:22:54.399241Z", "fetched_at": "2025-07-15T15:23:24.930923+00:00", "symbol": "BTC-USD"}, {"trade_id": 849690473, "side": "sell", "size": "0.00310865", "price": "116189.42000000", "time": "2025-07-15T15:22:54.396350Z", "fetched_at": "2025-07-15T15:23:24.930923+00:00", "symbol": "BTC-USD"}, {"trade_id": 849690472, "side": "sell", "size": "0.00393614", "price": "116189.42000000", "time": "2025-07-15T15:22:54.392643Z", "fetched_at": "2025-07-15T15:23:24.930923+00:00", "symbol": "BTC-USD"}, {"trade_id": 849690471, "side": "sell", "size": "0.00282700", "price": "116189.42000000", "time": "2025-07-15T15:22:54.388745Z", "fetched_at": "2025-07-15T15:23:24.930923+00:00", "symbol": "BTC-USD"}, {"trade_id": 849690470, "side": "sell", "size": "0.02334451", "price": "116189.42000000", "time": "2025-07-15T15:22:54.384373Z", "fetched_at": "2025-07-15T15:23:24.930923+00:00", "symbol": "BTC-USD"}, {"trade_id": 849690469, "side": "sell", "size": "0.00306156", "price": "116189.42000000", "time": "2025-07-15T15:22:54.380611Z", "fetched_at": "2025-07-15T15:23:24.930923+00:00", "symbol": "BTC-USD"}, {"trade_id": 849690468, "side": "sell", "size": "0.00330708", "price": "116189.42000000", "time": "2025-07-15T15:22:54.376704Z", "fetched_at": "2025-07-15T15:23:24.930923+00:00", "symbol": "BTC-USD"}, {"trade_id": 849690467, "side": "sell", "size": "0.00335922", "price": "116189.42000000", "time": "2025-07-15T15:22:54.373010Z", "fetched_at": "2025-07-15T15:23:24.930923+00:00", "symbol": "BTC-USD"}, {"trade_id": 849690466, "side": "sell", "size": "0.00303330", "price": "116189.42000000", "time": "2025-07-15T15:22:54.369096Z", "fetched_at": "2025-07-15T15:23:24.930923+00:00", "symbol": "BTC-USD"}, {"trade_id": 849690465, "side": "sell", "size": "0.00286186", "price": "116189.42000000", "time": "2025-07-15T15:22:54.365422Z", "fetched_at": "2025-07-15T15:23:24.930923+00:00", "symbol": "BTC-USD"}, {"trade_id": 849690464, "side": "sell", "size": "0.00322725", "price": "116189.42000000", "time": "2025-07-15T15:22:54.362363Z", "fetched_at": "2025-07-15T15:23:24.930923+00:00", "symbol": "BTC-USD"}, {"trade_id": 849690463, "side": "sell", "size": "0.00764515", "price": "116189.42000000", "time": "2025-07-15T15:22:54.358465Z", "fetched_at": "2025-07-15T15:23:24.930923+00:00", "symbol": "BTC-USD"}, {"trade_id": 849690462, "side": "sell", "size": "0.00553409", "price": "116189.42000000", "time": "2025-07-15T15:22:54.340143Z", "fetched_at": "2025-07-15T15:23:24.930923+00:00", "symbol": "BTC-USD"}, {"trade_id": 849690461, "side": "sell", "size": "0.04081246", "price": "116189.42000000", "time": "2025-07-15T15:22:54.223430Z", "fetched_at": "2025-07-15T15:23:24.930923+00:00", "symbol": "BTC-USD"}, {"trade_id": 849690460, "side": "sell", "size": "0.00349556", "price": "116189.42000000", "time": "2025-07-15T15:22:54.162850Z", "fetched_at": "2025-07-15T15:23:24.930923+00:00", "symbol": "BTC-USD"}, {"trade_id": 849690459, "side": "sell", "size": "0.03538211", "price": "116189.42000000", "time": "2025-07-15T15:22:54.158924Z", "fetched_at": "2025-07-15T15:23:24.930923+00:00", "symbol": "BTC-USD"}