[{"trade_id": 849675514, "side": "sell", "size": "0.09000000", "price": "116101.48000000", "time": "2025-07-15T15:10:48.542719Z", "fetched_at": "2025-07-15T15:10:50.005408+00:00", "symbol": "BTC-USD"}, {"trade_id": 849675513, "side": "buy", "size": "0.02560000", "price": "116100.00000000", "time": "2025-07-15T15:10:48.504965Z", "fetched_at": "2025-07-15T15:10:50.005408+00:00", "symbol": "BTC-USD"}, {"trade_id": 849675512, "side": "buy", "size": "0.00306916", "price": "116100.00000000", "time": "2025-07-15T15:10:48.504965Z", "fetched_at": "2025-07-15T15:10:50.005408+00:00", "symbol": "BTC-USD"}, {"trade_id": 849675511, "side": "buy", "size": "0.11679932", "price": "116100.00000000", "time": "2025-07-15T15:10:48.504965Z", "fetched_at": "2025-07-15T15:10:50.005408+00:00", "symbol": "BTC-USD"}, {"trade_id": 849675510, "side": "buy", "size": "0.00051700", "price": "116101.09000000", "time": "2025-07-15T15:10:48.504965Z", "fetched_at": "2025-07-15T15:10:50.005408+00:00", "symbol": "BTC-USD"}, {"trade_id": 849675509, "side": "buy", "size": "0.01742232", "price": "116101.10000000", "time": "2025-07-15T15:10:48.504965Z", "fetched_at": "2025-07-15T15:10:50.005408+00:00", "symbol": "BTC-USD"}, {"trade_id": 849675508, "side": "buy", "size": "0.05000000", "price": "116101.48000000", "time": "2025-07-15T15:10:48.504965Z", "fetched_at": "2025-07-15T15:10:50.005408+00:00", "symbol": "BTC-USD"}, {"trade_id": 849675507, "side": "buy", "size": "0.00008614", "price": "116101.48000000", "time": "2025-07-15T15:10:48.504965Z", "fetched_at": "2025-07-15T15:10:50.005408+00:00", "symbol": "BTC-USD"}, {"trade_id": 849675506, "side": "buy", "size": "0.13230000", "price": "116101.48000000", "time": "2025-07-15T15:10:48.504965Z", "fetched_at": "2025-07-15T15:10:50.005408+00:00", "symbol": "BTC-USD"}, {"trade_id": 849675505, "side": "buy", "size": "0.34428776", "price": "116101.48000000", "time": "2025-07-15T15:10:48.504965Z", "fetched_at": "2025-07-15T15:10:50.005408+00:00", "symbol": "BTC-USD"}, {"trade_id": 849675504, "side": "buy", "size": "0.00611500", "price": "116101.48000000", "time": "2025-07-15T15:10:48.504965Z", "fetched_at": "2025-07-15T15:10:50.005408+00:00", "symbol": "BTC-USD"}, {"trade_id": 849675503, "side": "buy", "size": "0.00337000", "price": "116101.48000000", "time": "2025-07-15T15:10:48.504965Z", "fetched_at": "2025-07-15T15:10:50.005408+00:00", "symbol": "BTC-USD"}, {"trade_id": 849675502, "side": "sell", "size": "0.00861314", "price": "116101.49000000", "time": "2025-07-15T15:10:48.433668Z", "fetched_at": "2025-07-15T15:10:50.005408+00:00", "symbol": "BTC-USD"}, {"trade_id": 849675501, "side": "sell", "size": "0.00861314", "price": "116101.74000000", "time": "2025-07-15T15:10:48.428778Z", "fetched_at": "2025-07-15T15:10:50.005408+00:00", "symbol": "BTC-USD"}, {"trade_id": 849675500, "side": "sell", "size": "0.00018941", "price": "116101.10000000", "time": "2025-07-15T15:10:48.428778Z", "fetched_at": "2025-07-15T15:10:50.005408+00:00", "symbol": "BTC-USD"}, {"trade_id": 849675499, "side": "sell", "size": "0.00000664", "price": "116101.10000000", "time": "2025-07-15T15:10:48.428778Z", "fetched_at": "2025-07-15T15:10:50.005408+00:00", "symbol": "BTC-USD"}, {"trade_id": 849675498, "side": "sell", "size": "0.03000000", "price": "116100.00000000", "time": "2025-07-15T15:10:48.428778Z", "fetched_at": "2025-07-15T15:10:50.005408+00:00", "symbol": "BTC-USD"}, {"trade_id": 849675497, "side": "sell", "size": "0.04199635", "price": "116100.00000000", "time": "2025-07-15T15:10:48.378150Z", "fetched_at": "2025-07-15T15:10:50.005408+00:00", "symbol": "BTC-USD"}, {"trade_id": 849675496, "side": "sell", "size": "0.00041000", "price": "116100.00000000", "time": "2025-07-15T15:10:48.374210Z", "fetched_at": "2025-07-15T15:10:50.005408+00:00", "symbol": "BTC-USD"}, {"trade_id": 849675495, "side": "sell", "size": "0.00292403", "price": "116100.00000000", "time": "2025-07-15T15:10:48.342221Z", "fetched_at": "2025-07-15T15:10:50.005408+00:00", "symbol": "BTC-USD"}, {"trade_id": 849675494, "side": "sell", "size": "0.01985094", "price": "116100.00000000", "time": "2025-07-15T15:10:48.340019Z", "fetched_at": "2025-07-15T15:10:50.005408+00:00", "symbol": "BTC-USD"}, {"trade_id": 849675493, "side": "sell", "size": "0.63975776", "price": "116100.00000000", "time": "2025-07-15T15:10:48.338146Z", "fetched_at": "2025-07-15T15:10:50.005408+00:00", "symbol": "BTC-USD"}, {"trade_id": 849675492, "side": "sell", "size": "0.10590000", "price": "116100.00000000", "time": "2025-07-15T15:10:48.330904Z", "fetched_at": "2025-07-15T15:10:50.005408+00:00", "symbol": "BTC-USD"}, {"trade_id": 849675491, "side": "sell", "size": "0.00214000", "price": "116100.00000000", "time": "2025-07-15T15:10:48.329350Z", "fetched_at": "2025-07-15T15:10:50.005408+00:00", "symbol": "BTC-USD"}, {"trade_id": 849675490, "side": "sell", "size": "1.80980172", "price": "116100.00000000", "time": "2025-07-15T15:10:48.324031Z", "fetched_at": "2025-07-15T15:10:50.005408+00:00", "symbol": "BTC-USD"}, {"trade_id": 849675489, "side": "sell", "size": "0.05968001", "price": "116100.00000000", "time": "2025-07-15T15:10:48.319856Z", "fetched_at": "2025-07-15T15:10:50.005408+00:00", "symbol": "BTC-USD"}, {"trade_id": 849675488, "side": "sell", "size": "0.44942935", "price": "116100.00000000", "time": "2025-07-15T15:10:48.316440Z", "fetched_at": "2025-07-15T15:10:50.005408+00:00", "symbol": "BTC-USD"}, {"trade_id": 849675487, "side": "sell", "size": "0.08881964", "price": "116100.00000000", "time": "2025-07-15T15:10:48.312573Z", "fetched_at": "2025-07-15T15:10:50.005408+00:00", "symbol": "BTC-USD"}, {"trade_id": 849675486, "side": "sell", "size": "3.43576264", "price": "116100.00000000", "time": "2025-07-15T15:10:48.309808Z", "fetched_at": "2025-07-15T15:10:50.005408+00:00", "symbol": "BTC-USD"}, {"trade_id": 849675485, "side": "sell", "size": "0.00837023", "price": "116100.00000000", "time": "2025-07-15T15:10:48.246065Z", "fetched_at": "2025-07-15T15:10:50.005408+00:00", "symbol": "BTC-USD"}, {"trade_id": 849675484, "side": "sell", "size": "0.00483048", "price": "116100.00000000", "time": "2025-07-15T15:10:48.228372Z", "fetched_at": "2025-07-15T15:10:50.005408+00:00", "symbol": "BTC-USD"}, {"trade_id": 849675483, "side": "sell", "size": "4.25000000", "price": "116100.00000000", "time": "2025-07-15T15:10:48.221071Z", "fetched_at": "2025-07-15T15:10:50.005408+00:00", "symbol": "BTC-USD"}, {"trade_id": 849675482, "side": "sell", "size": "0.00016670", "price": "116100.00000000", "time": "2025-07-15T15:10:48.151347Z", "fetched_at": "2025-07-15T15:10:50.005408+00:00", "symbol": "BTC-USD"}, {"trade_id": 849675481, "side": "sell", "size": "0.03098798", "price": "116100.00000000", "time": "2025-07-15T15:10:48.061077Z", "fetched_at": "2025-07-15T15:10:50.005408+00:00", "symbol": "BTC-USD"}, {"trade_id": 849675480, "side": "sell", "size": "0.00541878", "price": "116100.00000000", "time": "2025-07-15T15:10:47.876169Z", "fetched_at": "2025-07-15T15:10:50.005408+00:00", "symbol": "BTC-USD"}, {"trade_id": 849675479, "side": "sell", "size": "0.00279916", "price": "116100.00000000", "time": "2025-07-15T15:10:47.699089Z", "fetched_at": "2025-07-15T15:10:50.005408+00:00", "symbol": "BTC-USD"}, {"trade_id": 849675478, "side": "sell", "size": "0.00020925", "price": "116100.00000000", "time": "2025-07-15T15:10:47.674547Z", "fetched_at": "2025-07-15T15:10:50.005408+00:00", "symbol": "BTC-USD"}, {"trade_id": 849675477, "side": "sell", "size": "0.00089414", "price": "116100.00000000", "time": "2025-07-15T15:10:47.552061Z", "fetched_at": "2025-07-15T15:10:50.005408+00:00", "symbol": "BTC-USD"}, {"trade_id": 849675476, "side": "sell", "size": "0.00165869", "price": "116100.00000000", "time": "2025-07-15T15:10:47.459994Z", "fetched_at": "2025-07-15T15:10:50.005408+00:00", "symbol": "BTC-USD"}, {"trade_id": 849675475, "side": "sell", "size": "0.00116689", "price": "116100.00000000", "time": "2025-07-15T15:10:47.313934Z", "fetched_at": "2025-07-15T15:10:50.005408+00:00", "symbol": "BTC-USD"}, {"trade_id": 849675474, "side": "sell", "size": "0.00246528", "price": "116100.00000000", "time": "2025-07-15T15:10:47.133935Z", "fetched_at": "2025-07-15T15:10:50.005408+00:00", "symbol": "BTC-USD"}, {"trade_id": 849675473, "side": "sell", "size": "0.00104628", "price": "116100.00000000", "time": "2025-07-15T15:10:46.961608Z", "fetched_at": "2025-07-15T15:10:50.005408+00:00", "symbol": "BTC-USD"}, {"trade_id": 849675472, "side": "sell", "size": "0.00371195", "price": "116100.00000000", "time": "2025-07-15T15:10:46.845855Z", "fetched_at": "2025-07-15T15:10:50.005408+00:00", "symbol": "BTC-USD"}, {"trade_id": 849675471, "side": "sell", "size": "0.02324766", "price": "116100.00000000", "time": "2025-07-15T15:10:46.640665Z", "fetched_at": "2025-07-15T15:10:50.005408+00:00", "symbol": "BTC-USD"}, {"trade_id": 849675470, "side": "sell", "size": "0.08053845", "price": "116100.00000000", "time": "2025-07-15T15:10:46.442392Z", "fetched_at": "2025-07-15T15:10:50.005408+00:00", "symbol": "BTC-USD"}, {"trade_id": 849675469, "side": "sell", "size": "0.00099850", "price": "116100.00000000", "time": "2025-07-15T15:10:46.411528Z", "fetched_at": "2025-07-15T15:10:50.005408+00:00", "symbol": "BTC-USD"}, {"trade_id": 849675468, "side": "sell", "size": "0.00759209", "price": "116100.00000000", "time": "2025-07-15T15:10:46.080239Z", "fetched_at": "2025-07-15T15:10:50.005408+00:00", "symbol": "BTC-USD"}, {"trade_id": 849675467, "side": "sell", "size": "0.00079251", "price": "116100.00000000", "time": "2025-07-15T15:10:45.911637Z", "fetched_at": "2025-07-15T15:10:50.005408+00:00", "symbol": "BTC-USD"}, {"trade_id": 849675466, "side": "sell", "size": "0.04185100", "price": "116100.00000000", "time": "2025-07-15T15:10:45.831668Z", "fetched_at": "2025-07-15T15:10:50.005408+00:00", "symbol": "BTC-USD"}, {"trade_id": 849675465, "side": "sell", "size": "0.07579170", "price": "116100.00000000", "time": "2025-07-15T15:10:45.813705Z", "fetched_at": "2025-07-15T15:10:50.005408+00:00", "symbol": "BTC-USD"}, {"trade_id": 849675464, "side": "sell", "size": "0.00015081", "price": "116100.00000000", "time": "2025-07-15T15:10:45.636156Z", "fetched_at": "2025-07-15T15:10:50.005408+00:00", "symbol": "BTC-USD"}, {"trade_id": 849675463, "side": "sell", "size": "0.00007674", "price": "116100.00000000", "time": "2025-07-15T15:10:45.574451Z", "fetched_at": "2025-07-15T15:10:50.005408+00:00", "symbol": "BTC-USD"}, {"trade_id": 849675462, "side": "sell", "size": "0.00075312", "price": "116100.00000000", "time": "2025-07-15T15:10:45.435024Z", "fetched_at": "2025-07-15T15:10:50.005408+00:00", "symbol": "BTC-USD"}, {"trade_id": 849675461, "side": "sell", "size": "0.00441584", "price": "116100.00000000", "time": "2025-07-15T15:10:45.140027Z", "fetched_at": "2025-07-15T15:10:50.005408+00:00", "symbol": "BTC-USD"}, {"trade_id": 849675460, "side": "sell", "size": "0.00040844", "price": "116100.00000000", "time": "2025-07-15T15:10:44.978789Z", "fetched_at": "2025-07-15T15:10:50.005408+00:00", "symbol": "BTC-USD"}, {"trade_id": 849675459, "side": "sell", "size": "0.00242681", "price": "116100.00000000", "time": "2025-07-15T15:10:44.970333Z", "fetched_at": "2025-07-15T15:10:50.005408+00:00", "symbol": "BTC-USD"}, {"trade_id": 849675458, "side": "sell", "size": "0.07232443", "price": "116100.00000000", "time": "2025-07-15T15:10:44.850413Z", "fetched_at": "2025-07-15T15:10:50.005408+00:00", "symbol": "BTC-USD"}, {"trade_id": 849675457, "side": "sell", "size": "0.00859497", "price": "116100.00000000", "time": "2025-07-15T15:10:44.694261Z", "fetched_at": "2025-07-15T15:10:50.005408+00:00", "symbol": "BTC-USD"}, {"trade_id": 849675456, "side": "sell", "size": "0.01816585", "price": "116100.00000000", "time": "2025-07-15T15:10:44.485347Z", "fetched_at": "2025-07-15T15:10:50.005408+00:00", "symbol": "BTC-USD"}, {"trade_id": 849675455, "side": "sell", "size": "0.00020925", "price": "116100.00000000", "time": "2025-07-15T15:10:44.397593Z", "fetched_at": "2025-07-15T15:10:50.005408+00:00", "symbol": "BTC-USD"}, {"trade_id": 849675454, "side": "sell", "size": "0.00209247", "price": "116100.00000000", "time": "2025-07-15T15:10:44.360816Z", "fetched_at": "2025-07-15T15:10:50.005408+00:00", "symbol": "BTC-USD"}, {"trade_id": 849675453, "side": "sell", "size": "0.00056233", "price": "116100.00000000", "time": "2025-07-15T15:10:44.309368Z", "fetched_at": "2025-07-15T15:10:50.005408+00:00", "symbol": "BTC-USD"}, {"trade_id": 849675452, "side": "sell", "size": "0.00418512", "price": "116100.00000000", "time": "2025-07-15T15:10:44.305263Z", "fetched_at": "2025-07-15T15:10:50.005408+00:00", "symbol": "BTC-USD"}, {"trade_id": 849675451, "side": "sell", "size": "0.02559952", "price": "116100.00000000", "time": "2025-07-15T15:10:43.684644Z", "fetched_at": "2025-07-15T15:10:50.005408+00:00", "symbol": "BTC-USD"}, {"trade_id": 849675450, "side": "sell", "size": "0.00017054", "price": "116100.00000000", "time": "2025-07-15T15:10:43.675899Z", "fetched_at": "2025-07-15T15:10:50.005408+00:00", "symbol": "BTC-USD"}, {"trade_id": 849675449, "side": "sell", "size": "0.00328253", "price": "116100.00000000", "time": "2025-07-15T15:10:43.370447Z", "fetched_at": "2025-07-15T15:10:50.005408+00:00", "symbol": "BTC-USD"}, {"trade_id": 849675448, "side": "sell", "size": "0.00779038", "price": "116100.00000000", "time": "2025-07-15T15:10:43.174633Z", "fetched_at": "2025-07-15T15:10:50.005408+00:00", "symbol": "BTC-USD"}, {"trade_id": 849675447, "side": "sell", "size": "0.01289922", "price": "116100.00000000", "time": "2025-07-15T15:10:43.120280Z", "fetched_at": "2025-07-15T15:10:50.005408+00:00", "symbol": "BTC-USD"}, {"trade_id": 849675446, "side": "sell", "size": "0.00120990", "price": "116100.00000000", "time": "2025-07-15T15:10:43.000908Z", "fetched_at": "2025-07-15T15:10:50.005408+00:00", "symbol": "BTC-USD"}, {"trade_id": 849675445, "side": "sell", "size": "0.00117180", "price": "116100.00000000", "time": "2025-07-15T15:10:42.735114Z", "fetched_at": "2025-07-15T15:10:50.005408+00:00", "symbol": "BTC-USD"}, {"trade_id": 849675444, "side": "buy", "size": "0.01087425", "price": "116099.99000000", "time": "2025-07-15T15:10:42.660445Z", "fetched_at": "2025-07-15T15:10:50.005408+00:00", "symbol": "BTC-USD"}, {"trade_id": 849675443, "side": "sell", "size": "0.00308938", "price": "116100.00000000", "time": "2025-07-15T15:10:42.576465Z", "fetched_at": "2025-07-15T15:10:50.005408+00:00", "symbol": "BTC-USD"}, {"trade_id": 849675442, "side": "sell", "size": "0.00068295", "price": "116100.00000000", "time": "2025-07-15T15:10:42.468178Z", "fetched_at": "2025-07-15T15:10:50.005408+00:00", "symbol": "BTC-USD"}, {"trade_id": 849675441, "side": "sell", "size": "0.00051163", "price": "116100.00000000", "time": "2025-07-15T15:10:42.452507Z", "fetched_at": "2025-07-15T15:10:50.005408+00:00", "symbol": "BTC-USD"}, {"trade_id": 849675440, "side": "buy", "size": "0.00147841", "price": "116099.99000000", "time": "2025-07-15T15:10:42.281210Z", "fetched_at": "2025-07-15T15:10:50.005408+00:00", "symbol": "BTC-USD"}, {"trade_id": 849675439, "side": "sell", "size": "0.00292403", "price": "116100.00000000", "time": "2025-07-15T15:10:42.153513Z", "fetched_at": "2025-07-15T15:10:50.005408+00:00", "symbol": "BTC-USD"}, {"trade_id": 849675438, "side": "sell", "size": "0.00001228", "price": "116100.00000000", "time": "2025-07-15T15:10:41.580353Z", "fetched_at": "2025-07-15T15:10:50.005408+00:00", "symbol": "BTC-USD"}, {"trade_id": 849675437, "side": "buy", "size": "0.00011695", "price": "116099.99000000", "time": "2025-07-15T15:10:41.545578Z", "fetched_at": "2025-07-15T15:10:50.005408+00:00", "symbol": "BTC-USD"}, {"trade_id": 849675436, "side": "sell", "size": "0.25352265", "price": "116100.00000000", "time": "2025-07-15T15:10:41.438434Z", "fetched_at": "2025-07-15T15:10:50.005408+00:00", "symbol": "BTC-USD"}, {"trade_id": 849675435, "side": "sell", "size": "0.00009347", "price": "116100.00000000", "time": "2025-07-15T15:10:41.434105Z", "fetched_at": "2025-07-15T15:10:50.005408+00:00", "symbol": "BTC-USD"}, {"trade_id": 849675434, "side": "sell", "size": "0.00334809", "price": "116100.00000000", "time": "2025-07-15T15:10:40.920662Z", "fetched_at": "2025-07-15T15:10:50.005408+00:00", "symbol": "BTC-USD"}, {"trade_id": 849675433, "side": "sell", "size": "0.00041851", "price": "116100.00000000", "time": "2025-07-15T15:10:40.890461Z", "fetched_at": "2025-07-15T15:10:50.005408+00:00", "symbol": "BTC-USD"}, {"trade_id": 849675432, "side": "sell", "size": "0.00253181", "price": "116100.00000000", "time": "2025-07-15T15:10:40.774878Z", "fetched_at": "2025-07-15T15:10:50.005408+00:00", "symbol": "BTC-USD"}, {"trade_id": 849675431, "side": "sell", "size": "0.00140818", "price": "116100.00000000", "time": "2025-07-15T15:10:40.713310Z", "fetched_at": "2025-07-15T15:10:50.005408+00:00", "symbol": "BTC-USD"}, {"trade_id": 849675430, "side": "sell", "size": "0.00016739", "price": "116100.00000000", "time": "2025-07-15T15:10:40.641796Z", "fetched_at": "2025-07-15T15:10:50.005408+00:00", "symbol": "BTC-USD"}, {"trade_id": 849675429, "side": "sell", "size": "0.00083702", "price": "116100.00000000", "time": "2025-07-15T15:10:40.596828Z", "fetched_at": "2025-07-15T15:10:50.005408+00:00", "symbol": "BTC-USD"}, {"trade_id": 849675428, "side": "sell", "size": "0.00845350", "price": "116100.00000000", "time": "2025-07-15T15:10:40.486192Z", "fetched_at": "2025-07-15T15:10:50.005408+00:00", "symbol": "BTC-USD"}, {"trade_id": 849675427, "side": "sell", "size": "0.00802113", "price": "116100.00000000", "time": "2025-07-15T15:10:40.264605Z", "fetched_at": "2025-07-15T15:10:50.005408+00:00", "symbol": "BTC-USD"}, {"trade_id": 849675426, "side": "sell", "size": "0.00018760", "price": "116100.00000000", "time": "2025-07-15T15:10:40.258803Z", "fetched_at": "2025-07-15T15:10:50.005408+00:00", "symbol": "BTC-USD"}, {"trade_id": 849675425, "side": "sell", "size": "0.03657188", "price": "116100.00000000", "time": "2025-07-15T15:10:40.090979Z", "fetched_at": "2025-07-15T15:10:50.005408+00:00", "symbol": "BTC-USD"}, {"trade_id": 849675424, "side": "buy", "size": "0.00079660", "price": "116099.99000000", "time": "2025-07-15T15:10:39.729324Z", "fetched_at": "2025-07-15T15:10:50.005408+00:00", "symbol": "BTC-USD"}, {"trade_id": 849675423, "side": "sell", "size": "0.00794373", "price": "116100.00000000", "time": "2025-07-15T15:10:39.485222Z", "fetched_at": "2025-07-15T15:10:50.005408+00:00", "symbol": "BTC-USD"}, {"trade_id": 849675422, "side": "sell", "size": "0.00004264", "price": "116100.00000000", "time": "2025-07-15T15:10:39.325150Z", "fetched_at": "2025-07-15T15:10:50.005408+00:00", "symbol": "BTC-USD"}, {"trade_id": 849675421, "side": "sell", "size": "0.00842346", "price": "116100.00000000", "time": "2025-07-15T15:10:39.256492Z", "fetched_at": "2025-07-15T15:10:50.005408+00:00", "symbol": "BTC-USD"}, {"trade_id": 849675420, "side": "sell", "size": "0.00020916", "price": "116100.00000000", "time": "2025-07-15T15:10:39.115280Z", "fetched_at": "2025-07-15T15:10:50.005408+00:00", "symbol": "BTC-USD"}, {"trade_id": 849675419, "side": "sell", "size": "0.00766817", "price": "116100.00000000", "time": "2025-07-15T15:10:39.009Z", "fetched_at": "2025-07-15T15:10:50.005408+00:00", "symbol": "BTC-USD"}, {"trade_id": 849675418, "side": "sell", "size": "0.00040845", "price": "116100.00000000", "time": "2025-07-15T15:10:38.868649Z", "fetched_at": "2025-07-15T15:10:50.005408+00:00", "symbol": "BTC-USD"}, {"trade_id": 849675417, "side": "sell", "size": "0.02284605", "price": "116100.00000000", "time": "2025-07-15T15:10:38.771295Z", "fetched_at": "2025-07-15T15:10:50.005408+00:00", "symbol": "BTC-USD"}, {"trade_id": 849675416, "side": "sell", "size": "0.00238481", "price": "116100.00000000", "time": "2025-07-15T15:10:38.649694Z", "fetched_at": "2025-07-15T15:10:50.005408+00:00", "symbol": "BTC-USD"}, {"trade_id": 849675415, "side": "sell", "size": "0.00200857", "price": "116100.00000000", "time": "2025-07-15T15:10:38.488624Z", "fetched_at": "2025-07-15T15:10:50.005408+00:00", "symbol": "BTC-USD"}, {"trade_id": 849675414, "side": "sell", "size": "0.00161372", "price": "116100.00000000", "time": "2025-07-15T15:10:38.426276Z", "fetched_at": "2025-07-15T15:10:50.005408+00:00", "symbol": "BTC-USD"}, {"trade_id": 849675413, "side": "sell", "size": "0.00010000", "price": "116100.00000000", "time": "2025-07-15T15:10:38.336349Z", "fetched_at": "2025-07-15T15:10:50.005408+00:00", "symbol": "BTC-USD"}, {"trade_id": 849675412, "side": "sell", "size": "0.00024000", "price": "116100.00000000", "time": "2025-07-15T15:10:38.247789Z", "fetched_at": "2025-07-15T15:10:50.005408+00:00", "symbol": "BTC-USD"}, {"trade_id": 849675411, "side": "sell", "size": "0.01563541", "price": "116100.00000000", "time": "2025-07-15T15:10:38.059883Z", "fetched_at": "2025-07-15T15:10:50.005408+00:00", "symbol": "BTC-USD"}, {"trade_id": 849675410, "side": "sell", "size": "0.00016899", "price": "116100.00000000", "time": "2025-07-15T15:10:37.995301Z", "fetched_at": "2025-07-15T15:10:50.005408+00:00", "symbol": "BTC-USD"}, {"trade_id": 849675409, "side": "sell", "size": "0.16492408", "price": "116100.00000000", "time": "2025-07-15T15:10:37.899381Z", "fetched_at": "2025-07-15T15:10:50.005408+00:00", "symbol": "BTC-USD"}, {"trade_id": 849675408, "side": "sell", "size": "0.04209816", "price": "116100.00000000", "time": "2025-07-15T15:10:37.679361Z", "fetched_at": "2025-07-15T15:10:50.005408+00:00", "symbol": "BTC-USD"}, {"trade_id": 849675407, "side": "sell", "size": "0.04199635", "price": "116100.00000000", "time": "2025-07-15T15:10:37.427185Z", "fetched_at": "2025-07-15T15:10:50.005408+00:00", "symbol": "BTC-USD"}, {"trade_id": 849675406, "side": "sell", "size": "0.00337000", "price": "116100.00000000", "time": "2025-07-15T15:10:37.421196Z", "fetched_at": "2025-07-15T15:10:50.005408+00:00", "symbol": "BTC-USD"}, {"trade_id": 849675405, "side": "sell", "size": "0.00435468", "price": "116100.00000000", "time": "2025-07-15T15:10:37.236740Z", "fetched_at": "2025-07-15T15:10:50.005408+00:00", "symbol": "BTC-USD"}, {"trade_id": 849675404, "side": "sell", "size": "0.00177681", "price": "116100.00000000", "time": "2025-07-15T15:10:36.905639Z", "fetched_at": "2025-07-15T15:10:50.005408+00:00", "symbol": "BTC-USD"}, {"trade_id": 849675403, "side": "sell", "size": "0.00012000", "price": "116100.00000000", "time": "2025-07-15T15:10:36.884587Z", "fetched_at": "2025-07-15T15:10:50.005408+00:00", "symbol": "BTC-USD"}, {"trade_id": 849675402, "side": "sell", "size": "0.00004050", "price": "116100.00000000", "time": "2025-07-15T15:10:36.786420Z", "fetched_at": "2025-07-15T15:10:50.005408+00:00", "symbol": "BTC-USD"}, {"trade_id": 849675401, "side": "sell", "size": "0.00887390", "price": "116100.00000000", "time": "2025-07-15T15:10:36.718370Z", "fetched_at": "2025-07-15T15:10:50.005408+00:00", "symbol": "BTC-USD"}, {"trade_id": 849675400, "side": "sell", "size": "0.00004050", "price": "116100.00000000", "time": "2025-07-15T15:10:36.608137Z", "fetched_at": "2025-07-15T15:10:50.005408+00:00", "symbol": "BTC-USD"}, {"trade_id": 849675399, "side": "sell", "size": "0.00292403", "price": "116100.00000000", "time": "2025-07-15T15:10:36.600014Z", "fetched_at": "2025-07-15T15:10:50.005408+00:00", "symbol": "BTC-USD"}, {"trade_id": 849675398, "side": "sell", "size": "0.01991239", "price": "116100.00000000", "time": "2025-07-15T15:10:36.518393Z", "fetched_at": "2025-07-15T15:10:50.005408+00:00", "symbol": "BTC-USD"}, {"trade_id": 849675397, "side": "sell", "size": "0.00004050", "price": "116100.00000000", "time": "2025-07-15T15:10:36.491964Z", "fetched_at": "2025-07-15T15:10:50.005408+00:00", "symbol": "BTC-USD"}, {"trade_id": 849675396, "side": "sell", "size": "0.00209256", "price": "116100.00000000", "time": "2025-07-15T15:10:36.468885Z", "fetched_at": "2025-07-15T15:10:50.005408+00:00", "symbol": "BTC-USD"}, {"trade_id": 849675395, "side": "sell", "size": "0.00163397", "price": "116100.00000000", "time": "2025-07-15T15:10:36.467653Z", "fetched_at": "2025-07-15T15:10:50.005408+00:00", "symbol": "BTC-USD"}, {"trade_id": 849675394, "side": "sell", "size": "0.00020925", "price": "116100.00000000", "time": "2025-07-15T15:10:36.339346Z", "fetched_at": "2025-07-15T15:10:50.005408+00:00", "symbol": "BTC-USD"}, {"trade_id": 849675393, "side": "sell", "size": "0.00214000", "price": "116100.00000000", "time": "2025-07-15T15:10:36.326400Z", "fetched_at": "2025-07-15T15:10:50.005408+00:00", "symbol": "BTC-USD"}, {"trade_id": 849675392, "side": "sell", "size": "0.01229361", "price": "116100.00000000", "time": "2025-07-15T15:10:36.323322Z", "fetched_at": "2025-07-15T15:10:50.005408+00:00", "symbol": "BTC-USD"}, {"trade_id": 849675391, "side": "sell", "size": "0.00025111", "price": "116100.00000000", "time": "2025-07-15T15:10:36.224126Z", "fetched_at": "2025-07-15T15:10:50.005408+00:00", "symbol": "BTC-USD"}, {"trade_id": 849675390, "side": "sell", "size": "0.00020926", "price": "116100.00000000", "time": "2025-07-15T15:10:35.654581Z", "fetched_at": "2025-07-15T15:10:50.005408+00:00", "symbol": "BTC-USD"}, {"trade_id": 849675389, "side": "sell", "size": "0.01332025", "price": "116100.00000000", "time": "2025-07-15T15:10:35.634139Z", "fetched_at": "2025-07-15T15:10:50.005408+00:00", "symbol": "BTC-USD"}, {"trade_id": 849675388, "side": "sell", "size": "0.00006140", "price": "116100.00000000", "time": "2025-07-15T15:10:35.424730Z", "fetched_at": "2025-07-15T15:10:50.005408+00:00", "symbol": "BTC-USD"}, {"trade_id": 849675387, "side": "sell", "size": "0.00085788", "price": "116100.00000000", "time": "2025-07-15T15:10:35.420017Z", "fetched_at": "2025-07-15T15:10:50.005408+00:00", "symbol": "BTC-USD"}, {"trade_id": 849675386, "side": "sell", "size": "0.00167397", "price": "116100.00000000", "time": "2025-07-15T15:10:35.267415Z", "fetched_at": "2025-07-15T15:10:50.005408+00:00", "symbol": "BTC-USD"}, {"trade_id": 849675385, "side": "sell", "size": "0.00142190", "price": "116100.00000000", "time": "2025-07-15T15:10:35.220849Z", "fetched_at": "2025-07-15T15:10:50.005408+00:00", "symbol": "BTC-USD"}, {"trade_id": 849675384, "side": "sell", "size": "0.00025112", "price": "116100.00000000", "time": "2025-07-15T15:10:35.216855Z", "fetched_at": "2025-07-15T15:10:50.005408+00:00", "symbol": "BTC-USD"}, {"trade_id": 849675383, "side": "sell", "size": "0.00021317", "price": "116100.00000000", "time": "2025-07-15T15:10:35.085849Z", "fetched_at": "2025-07-15T15:10:50.005408+00:00", "symbol": "BTC-USD"}, {"trade_id": 849675382, "side": "sell", "size": "0.00083699", "price": "116100.00000000", "time": "2025-07-15T15:10:34.964705Z", "fetched_at": "2025-07-15T15:10:50.005408+00:00", "symbol": "BTC-USD"}, {"trade_id": 849675381, "side": "sell", "size": "0.00567191", "price": "116100.00000000", "time": "2025-07-15T15:10:34.771524Z", "fetched_at": "2025-07-15T15:10:50.005408+00:00", "symbol": "BTC-USD"}, {"trade_id": 849675380, "side": "sell", "size": "0.00317585", "price": "116100.00000000", "time": "2025-07-15T15:10:34.687701Z", "fetched_at": "2025-07-15T15:10:50.005408+00:00", "symbol": "BTC-USD"}, {"trade_id": 849675379, "side": "sell", "size": "0.00255733", "price": "116100.00000000", "time": "2025-07-15T15:10:34.550204Z", "fetched_at": "2025-07-15T15:10:50.005408+00:00", "symbol": "BTC-USD"}, {"trade_id": 849675378, "side": "sell", "size": "0.04133744", "price": "116100.00000000", "time": "2025-07-15T15:10:34.544825Z", "fetched_at": "2025-07-15T15:10:50.005408+00:00", "symbol": "BTC-USD"}, {"trade_id": 849675377, "side": "sell", "size": "0.00020926", "price": "116100.00000000", "time": "2025-07-15T15:10:34.471804Z", "fetched_at": "2025-07-15T15:10:50.005408+00:00", "symbol": "BTC-USD"}, {"trade_id": 849675376, "side": "sell", "size": "0.00293950", "price": "116100.00000000", "time": "2025-07-15T15:10:34.422833Z", "fetched_at": "2025-07-15T15:10:50.005408+00:00", "symbol": "BTC-USD"}, {"trade_id": 849675375, "side": "sell", "size": "0.00048677", "price": "116100.00000000", "time": "2025-07-15T15:10:34.420607Z", "fetched_at": "2025-07-15T15:10:50.005408+00:00", "symbol": "BTC-USD"}, {"trade_id": 849675374, "side": "sell", "size": "0.01638834", "price": "116100.00000000", "time": "2025-07-15T15:10:34.195937Z", "fetched_at": "2025-07-15T15:10:50.005408+00:00", "symbol": "BTC-USD"}, {"trade_id": 849675373, "side": "sell", "size": "0.03219624", "price": "116100.00000000", "time": "2025-07-15T15:10:34.008612Z", "fetched_at": "2025-07-15T15:10:50.005408+00:00", "symbol": "BTC-USD"}, {"trade_id": 849675372, "side": "sell", "size": "0.00016739", "price": "116100.00000000", "time": "2025-07-15T15:10:33.855255Z", "fetched_at": "2025-07-15T15:10:50.005408+00:00", "symbol": "BTC-USD"}, {"trade_id": 849675371, "side": "sell", "size": "0.00206883", "price": "116100.00000000", "time": "2025-07-15T15:10:33.788121Z", "fetched_at": "2025-07-15T15:10:50.005408+00:00", "symbol": "BTC-USD"}, {"trade_id": 849675370, "side": "sell", "size": "0.00041851", "price": "116100.00000000", "time": "2025-07-15T15:10:33.652689Z", "fetched_at": "2025-07-15T15:10:50.005408+00:00", "symbol": "BTC-USD"}, {"trade_id": 849675369, "side": "sell", "size": "0.00083699", "price": "116100.00000000", "time": "2025-07-15T15:10:33.625281Z", "fetched_at": "2025-07-15T15:10:50.005408+00:00", "symbol": "BTC-USD"}, {"trade_id": 849675368, "side": "sell", "size": "0.00169217", "price": "116100.00000000", "time": "2025-07-15T15:10:33.570694Z", "fetched_at": "2025-07-15T15:10:50.005408+00:00", "symbol": "BTC-USD"}, {"trade_id": 849675367, "side": "sell", "size": "0.00945655", "price": "116100.00000000", "time": "2025-07-15T15:10:33.364705Z", "fetched_at": "2025-07-15T15:10:50.005408+00:00", "symbol": "BTC-USD"}, {"trade_id": 849675366, "side": "sell", "size": "0.00261812", "price": "116100.00000000", "time": "2025-07-15T15:10:33.117482Z", "fetched_at": "2025-07-15T15:10:50.005408+00:00", "symbol": "BTC-USD"}, {"trade_id": 849675365, "side": "sell", "size": "0.00041849", "price": "116100.00000000", "time": "2025-07-15T15:10:33.113327Z", "fetched_at": "2025-07-15T15:10:50.005408+00:00", "symbol": "BTC-USD"}, {"trade_id": 849675364, "side": "sell", "size": "0.01303664", "price": "116100.00000000", "time": "2025-07-15T15:10:32.821276Z", "fetched_at": "2025-07-15T15:10:50.005408+00:00", "symbol": "BTC-USD"}, {"trade_id": 849675363, "side": "sell", "size": "0.00041841", "price": "116100.00000000", "time": "2025-07-15T15:10:32.766274Z", "fetched_at": "2025-07-15T15:10:50.005408+00:00", "symbol": "BTC-USD"}, {"trade_id": 849675362, "side": "sell", "size": "0.00008314", "price": "116100.00000000", "time": "2025-07-15T15:10:32.686246Z", "fetched_at": "2025-07-15T15:10:50.005408+00:00", "symbol": "BTC-USD"}, {"trade_id": 849675361, "side": "sell", "size": "0.00758345", "price": "116100.00000000", "time": "2025-07-15T15:10:32.630569Z", "fetched_at": "2025-07-15T15:10:50.005408+00:00", "symbol": "BTC-USD"}, {"trade_id": 849675360, "side": "sell", "size": "0.00016338", "price": "116100.00000000", "time": "2025-07-15T15:10:32.590150Z", "fetched_at": "2025-07-15T15:10:50.005408+00:00", "symbol": "BTC-USD"}, {"trade_id": 849675359, "side": "sell", "size": "0.00008314", "price": "116100.00000000", "time": "2025-07-15T15:10:32.489979Z", "fetched_at": "2025-07-15T15:10:50.005408+00:00", "symbol": "BTC-USD"}, {"trade_id": 849675358, "side": "sell", "size": "0.00029298", "price": "116100.00000000", "time": "2025-07-15T15:10:32.472822Z", "fetched_at": "2025-07-15T15:10:50.005408+00:00", "symbol": "BTC-USD"}, {"trade_id": 849675357, "side": "sell", "size": "0.01207297", "price": "116100.00000000", "time": "2025-07-15T15:10:32.465721Z", "fetched_at": "2025-07-15T15:10:50.005408+00:00", "symbol": "BTC-USD"}, {"trade_id": 849675356, "side": "sell", "size": "0.02511061", "price": "116100.00000000", "time": "2025-07-15T15:10:32.376118Z", "fetched_at": "2025-07-15T15:10:50.005408+00:00", "symbol": "BTC-USD"}, {"trade_id": 849675355, "side": "sell", "size": "0.00668193", "price": "116100.00000000", "time": "2025-07-15T15:10:32.285826Z", "fetched_at": "2025-07-15T15:10:50.005408+00:00", "symbol": "BTC-USD"}, {"trade_id": 849675354, "side": "sell", "size": "0.00008314", "price": "116100.00000000", "time": "2025-07-15T15:10:32.121363Z", "fetched_at": "2025-07-15T15:10:50.005408+00:00", "symbol": "BTC-USD"}, {"trade_id": 849675353, "side": "sell", "size": "0.00009580", "price": "116100.00000000", "time": "2025-07-15T15:10:31.985344Z", "fetched_at": "2025-07-15T15:10:50.005408+00:00", "symbol": "BTC-USD"}, {"trade_id": 849675352, "side": "sell", "size": "0.00122543", "price": "116100.00000000", "time": "2025-07-15T15:10:31.904763Z", "fetched_at": "2025-07-15T15:10:50.005408+00:00", "symbol": "BTC-USD"}, {"trade_id": 849675351, "side": "sell", "size": "0.00004050", "price": "116100.00000000", "time": "2025-07-15T15:10:31.890529Z", "fetched_at": "2025-07-15T15:10:50.005408+00:00", "symbol": "BTC-USD"}, {"trade_id": 849675350, "side": "sell", "size": "0.00047844", "price": "116100.00000000", "time": "2025-07-15T15:10:31.786725Z", "fetched_at": "2025-07-15T15:10:50.005408+00:00", "symbol": "BTC-USD"}, {"trade_id": 849675349, "side": "sell", "size": "0.00042739", "price": "116100.00000000", "time": "2025-07-15T15:10:31.682815Z", "fetched_at": "2025-07-15T15:10:50.005408+00:00", "symbol": "BTC-USD"}, {"trade_id": 849675348, "side": "sell", "size": "0.00703964", "price": "116100.00000000", "time": "2025-07-15T15:10:31.595706Z", "fetched_at": "2025-07-15T15:10:50.005408+00:00", "symbol": "BTC-USD"}, {"trade_id": 849675347, "side": "sell", "size": "0.00075592", "price": "116100.00000000", "time": "2025-07-15T15:10:31.451567Z", "fetched_at": "2025-07-15T15:10:50.005408+00:00", "symbol": "BTC-USD"}, {"trade_id": 849675346, "side": "sell", "size": "0.00020422", "price": "116100.00000000", "time": "2025-07-15T15:10:31.351878Z", "fetched_at": "2025-07-15T15:10:50.005408+00:00", "symbol": "BTC-USD"}, {"trade_id": 849675345, "side": "sell", "size": "0.00041851", "price": "116100.00000000", "time": "2025-07-15T15:10:31.333796Z", "fetched_at": "2025-07-15T15:10:50.005408+00:00", "symbol": "BTC-USD"}, {"trade_id": 849675344, "side": "sell", "size": "0.00016739", "price": "116100.00000000", "time": "2025-07-15T15:10:31.301445Z", "fetched_at": "2025-07-15T15:10:50.005408+00:00", "symbol": "BTC-USD"}, {"trade_id": 849675343, "side": "sell", "size": "0.01950947", "price": "116100.00000000", "time": "2025-07-15T15:10:31.187480Z", "fetched_at": "2025-07-15T15:10:50.005408+00:00", "symbol": "BTC-USD"}, {"trade_id": 849675342, "side": "sell", "size": "0.00094892", "price": "116100.00000000", "time": "2025-07-15T15:10:31.004252Z", "fetched_at": "2025-07-15T15:10:50.005408+00:00", "symbol": "BTC-USD"}, {"trade_id": 849675341, "side": "sell", "size": "0.00041849", "price": "116100.00000000", "time": "2025-07-15T15:10:31.001019Z", "fetched_at": "2025-07-15T15:10:50.005408+00:00", "symbol": "BTC-USD"}, {"trade_id": 849675340, "side": "sell", "size": "0.13753269", "price": "116100.00000000", "time": "2025-07-15T15:10:30.904929Z", "fetched_at": "2025-07-15T15:10:50.005408+00:00", "symbol": "BTC-USD"}, {"trade_id": 849675339, "side": "sell", "size": "0.00020925", "price": "116100.00000000", "time": "2025-07-15T15:10:30.872770Z", "fetched_at": "2025-07-15T15:10:50.005408+00:00", "symbol": "BTC-USD"}, {"trade_id": 849675338, "side": "sell", "size": "0.00008527", "price": "116100.00000000", "time": "2025-07-15T15:10:30.830675Z", "fetched_at": "2025-07-15T15:10:50.005408+00:00", "symbol": "BTC-USD"}, {"trade_id": 849675337, "side": "sell", "size": "0.00341070", "price": "116100.00000000", "time": "2025-07-15T15:10:30.790360Z", "fetched_at": "2025-07-15T15:10:50.005408+00:00", "symbol": "BTC-USD"}, {"trade_id": 849675336, "side": "sell", "size": "0.00085271", "price": "116100.00000000", "time": "2025-07-15T15:10:30.698918Z", "fetched_at": "2025-07-15T15:10:50.005408+00:00", "symbol": "BTC-USD"}, {"trade_id": 849675335, "side": "sell", "size": "0.00033476", "price": "116100.00000000", "time": "2025-07-15T15:10:30.680184Z", "fetched_at": "2025-07-15T15:10:50.005408+00:00", "symbol": "BTC-USD"}, {"trade_id": 849675334, "side": "sell", "size": "0.00125553", "price": "116100.00000000", "time": "2025-07-15T15:10:30.628384Z", "fetched_at": "2025-07-15T15:10:50.005408+00:00", "symbol": "BTC-USD"}, {"trade_id": 849675333, "side": "sell", "size": "0.00198933", "price": "116100.00000000", "time": "2025-07-15T15:10:30.585593Z", "fetched_at": "2025-07-15T15:10:50.005408+00:00", "symbol": "BTC-USD"}, {"trade_id": 849675332, "side": "sell", "size": "0.00016738", "price": "116100.00000000", "time": "2025-07-15T15:10:30.448752Z", "fetched_at": "2025-07-15T15:10:50.005408+00:00", "symbol": "BTC-USD"}, {"trade_id": 849675331, "side": "sell", "size": "0.00471956", "price": "116100.00000000", "time": "2025-07-15T15:10:30.381089Z", "fetched_at": "2025-07-15T15:10:50.005408+00:00", "symbol": "BTC-USD"}, {"trade_id": 849675330, "side": "sell", "size": "0.02541580", "price": "116100.00000000", "time": "2025-07-15T15:10:30.371956Z", "fetched_at": "2025-07-15T15:10:50.005408+00:00", "symbol": "BTC-USD"}, {"trade_id": 849675329, "side": "sell", "size": "0.00041849", "price": "116100.00000000", "time": "2025-07-15T15:10:30.332500Z", "fetched_at": "2025-07-15T15:10:50.005408+00:00", "symbol": "BTC-USD"}, {"trade_id": 849675328, "side": "sell", "size": "0.00066029", "price": "116100.00000000", "time": "2025-07-15T15:10:30.013179Z", "fetched_at": "2025-07-15T15:10:50.005408+00:00", "symbol": "BTC-USD"}, {"trade_id": 849675327, "side": "sell", "size": "0.00012552", "price": "116100.00000000", "time": "2025-07-15T15:10:30.008361Z", "fetched_at": "2025-07-15T15:10:50.005408+00:00", "symbol": "BTC-USD"}, {"trade_id": 849675326, "side": "sell", "size": "0.00008314", "price": "116100.00000000", "time": "2025-07-15T15:10:29.934224Z", "fetched_at": "2025-07-15T15:10:50.005408+00:00", "symbol": "BTC-USD"}, {"trade_id": 849675325, "side": "sell", "size": "0.00214000", "price": "116100.00000000", "time": "2025-07-15T15:10:29.911871Z", "fetched_at": "2025-07-15T15:10:50.005408+00:00", "symbol": "BTC-USD"}, {"trade_id": 849675324, "side": "sell", "size": "0.00057489", "price": "116100.00000000", "time": "2025-07-15T15:10:29.870380Z", "fetched_at": "2025-07-15T15:10:50.005408+00:00", "symbol": "BTC-USD"}, {"trade_id": 849675323, "side": "sell", "size": "0.00005756", "price": "116100.00000000", "time": "2025-07-15T15:10:29.689491Z", "fetched_at": "2025-07-15T15:10:50.005408+00:00", "symbol": "BTC-USD"}, {"trade_id": 849675322, "side": "sell", "size": "0.00016338", "price": "116100.00000000", "time": "2025-07-15T15:10:29.643639Z", "fetched_at": "2025-07-15T15:10:50.005408+00:00", "symbol": "BTC-USD"}, {"trade_id": 849675321, "side": "sell", "size": "0.00042635", "price": "116100.00000000", "time": "2025-07-15T15:10:29.615911Z", "fetched_at": "2025-07-15T15:10:50.005408+00:00", "symbol": "BTC-USD"}, {"trade_id": 849675320, "side": "sell", "size": "0.00736259", "price": "116100.00000000", "time": "2025-07-15T15:10:29.361041Z", "fetched_at": "2025-07-15T15:10:50.005408+00:00", "symbol": "BTC-USD"}, {"trade_id": 849675319, "side": "sell", "size": "0.00006356", "price": "116100.00000000", "time": "2025-07-15T15:10:29.354699Z", "fetched_at": "2025-07-15T15:10:50.005408+00:00", "symbol": "BTC-USD"}, {"trade_id": 849675318, "side": "sell", "size": "0.00237063", "price": "116100.00000000", "time": "2025-07-15T15:10:29.213090Z", "fetched_at": "2025-07-15T15:10:50.005408+00:00", "symbol": "BTC-USD"}, {"trade_id": 849675317, "side": "sell", "size": "0.00204252", "price": "116100.00000000", "time": "2025-07-15T15:10:29.129690Z", "fetched_at": "2025-07-15T15:10:50.005408+00:00", "symbol": "BTC-USD"}, {"trade_id": 849675316, "side": "sell", "size": "0.08587308", "price": "116100.00000000", "time": "2025-07-15T15:10:29.001380Z", "fetched_at": "2025-07-15T15:10:50.005408+00:00", "symbol": "BTC-USD"}, {"trade_id": 849675315, "side": "sell", "size": "0.00007461", "price": "116100.00000000", "time": "2025-07-15T15:10:28.765835Z", "fetched_at": "2025-07-15T15:10:50.005408+00:00", "symbol": "BTC-USD"}, {"trade_id": 849675314, "side": "sell", "size": "0.09911546", "price": "116100.00000000", "time": "2025-07-15T15:10:28.691336Z", "fetched_at": "2025-07-15T15:10:50.005408+00:00", "symbol": "BTC-USD"}, {"trade_id": 849675313, "side": "sell", "size": "0.01673974", "price": "116100.00000000", "time": "2025-07-15T15:10:28.511180Z", "fetched_at": "2025-07-15T15:10:50.005408+00:00", "symbol": "BTC-USD"}, {"trade_id": 849675312, "side": "sell", "size": "0.01332365", "price": "116100.00000000", "time": "2025-07-15T15:10:28.506065Z", "fetched_at": "2025-07-15T15:10:50.005408+00:00", "symbol": "BTC-USD"}, {"trade_id": 849675311, "side": "sell", "size": "2.00000000", "price": "116100.00000000", "time": "2025-07-15T15:10:28.264140Z", "fetched_at": "2025-07-15T15:10:50.005408+00:00", "symbol": "BTC-USD"}, {"trade_id": 849675310, "side": "sell", "size": "1.00000000", "price": "116100.00000000", "time": "2025-07-15T15:10:28.264124Z", "fetched_at": "2025-07-15T15:10:50.005408+00:00", "symbol": "BTC-USD"}, {"trade_id": 849675309, "side": "sell", "size": "0.01027730", "price": "116100.00000000", "time": "2025-07-15T15:10:28.122222Z", "fetched_at": "2025-07-15T15:10:50.005408+00:00", "symbol": "BTC-USD"}, {"trade_id": 849675308, "side": "sell", "size": "0.00012776", "price": "116100.00000000", "time": "2025-07-15T15:10:28.113861Z", "fetched_at": "2025-07-15T15:10:50.005408+00:00", "symbol": "BTC-USD"}, {"trade_id": 849675307, "side": "sell", "size": "0.04199635", "price": "116100.00000000", "time": "2025-07-15T15:10:28.068834Z", "fetched_at": "2025-07-15T15:10:50.005408+00:00", "symbol": "BTC-USD"}, {"trade_id": 849675306, "side": "sell", "size": "0.00292403", "price": "116100.00000000", "time": "2025-07-15T15:10:28.068535Z", "fetched_at": "2025-07-15T15:10:50.005408+00:00", "symbol": "BTC-USD"}, {"trade_id": 849675305, "side": "sell", "size": "0.00214000", "price": "116100.00000000", "time": "2025-07-15T15:10:28.027395Z", "fetched_at": "2025-07-15T15:10:50.005408+00:00", "symbol": "BTC-USD"}, {"trade_id": 849675304, "side": "sell", "size": "0.00418511", "price": "116100.00000000", "time": "2025-07-15T15:10:28.026377Z", "fetched_at": "2025-07-15T15:10:50.005408+00:00", "symbol": "BTC-USD"}, {"trade_id": 849675303, "side": "sell", "size": "0.00060142", "price": "116100.00000000", "time": "2025-07-15T15:10:28.025690Z", "fetched_at": "2025-07-15T15:10:50.005408+00:00", "symbol": "BTC-USD"}, {"trade_id": 849675302, "side": "sell", "size": "0.00170535", "price": "116100.00000000", "time": "2025-07-15T15:10:28.022144Z", "fetched_at": "2025-07-15T15:10:50.005408+00:00", "symbol": "BTC-USD"}, {"trade_id": 849675301, "side": "sell", "size": "0.08405000", "price": "116100.00000000", "time": "2025-07-15T15:10:28.021263Z", "fetched_at": "2025-07-15T15:10:50.005408+00:00", "symbol": "BTC-USD"}, {"trade_id": 849675300, "side": "sell", "size": "0.00041000", "price": "116100.00000000", "time": "2025-07-15T15:10:28.020945Z", "fetched_at": "2025-07-15T15:10:50.005408+00:00", "symbol": "BTC-USD"}, {"trade_id": 849675299, "side": "sell", "size": "0.00337000", "price": "116100.00000000", "time": "2025-07-15T15:10:28.020225Z", "fetched_at": "2025-07-15T15:10:50.005408+00:00", "symbol": "BTC-USD"}, {"trade_id": 849675298, "side": "sell", "size": "0.58000000", "price": "116100.00000000", "time": "2025-07-15T15:10:28.014864Z", "fetched_at": "2025-07-15T15:10:50.005408+00:00", "symbol": "BTC-USD"}, {"trade_id": 849675297, "side": "sell", "size": "0.19000000", "price": "116100.00000000", "time": "2025-07-15T15:10:28.014383Z", "fetched_at": "2025-07-15T15:10:50.005408+00:00", "symbol": "BTC-USD"}, {"trade_id": 849675296, "side": "sell", "size": "0.17000000", "price": "116100.00000000", "time": "2025-07-15T15:10:28.013716Z", "fetched_at": "2025-07-15T15:10:50.005408+00:00", "symbol": "BTC-USD"}, {"trade_id": 849675295, "side": "sell", "size": "0.01379667", "price": "116100.00000000", "time": "2025-07-15T15:10:28.013625Z", "fetched_at": "2025-07-15T15:10:50.005408+00:00", "symbol": "BTC-USD"}, {"trade_id": 849675294, "side": "sell", "size": "0.22000000", "price": "116100.00000000", "time": "2025-07-15T15:10:28.013616Z", "fetched_at": "2025-07-15T15:10:50.005408+00:00", "symbol": "BTC-USD"}, {"trade_id": 849675293, "side": "sell", "size": "0.08000000", "price": "116100.00000000", "time": "2025-07-15T15:10:28.013495Z", "fetched_at": "2025-07-15T15:10:50.005408+00:00", "symbol": "BTC-USD"}, {"trade_id": 849675292, "side": "sell", "size": "0.33000000", "price": "116100.00000000", "time": "2025-07-15T15:10:28.013375Z", "fetched_at": "2025-07-15T15:10:50.005408+00:00", "symbol": "BTC-USD"}, {"trade_id": 849675291, "side": "sell", "size": "0.04057000", "price": "116100.00000000", "time": "2025-07-15T15:10:28.013277Z", "fetched_at": "2025-07-15T15:10:50.005408+00:00", "symbol": "BTC-USD"}, {"trade_id": 849675290, "side": "sell", "size": "0.02000000", "price": "116100.00000000", "time": "2025-07-15T15:10:28.013225Z", "fetched_at": "2025-07-15T15:10:50.005408+00:00", "symbol": "BTC-USD"}, {"trade_id": 849675289, "side": "sell", "size": "0.00236752", "price": "116100.00000000", "time": "2025-07-15T15:10:28.013145Z", "fetched_at": "2025-07-15T15:10:50.005408+00:00", "symbol": "BTC-USD"}, {"trade_id": 849675288, "side": "sell", "size": "0.33000000", "price": "116100.00000000", "time": "2025-07-15T15:10:28.012926Z", "fetched_at": "2025-07-15T15:10:50.005408+00:00", "symbol": "BTC-USD"}, {"trade_id": 849675287, "side": "sell", "size": "0.01360000", "price": "116100.00000000", "time": "2025-07-15T15:10:28.012788Z", "fetched_at": "2025-07-15T15:10:50.005408+00:00", "symbol": "BTC-USD"}, {"trade_id": 849675286, "side": "sell", "size": "0.11926000", "price": "116100.00000000", "time": "2025-07-15T15:10:28.012741Z", "fetched_at": "2025-07-15T15:10:50.005408+00:00", "symbol": "BTC-USD"}, {"trade_id": 849675285, "side": "sell", "size": "0.11000000", "price": "116100.00000000", "time": "2025-07-15T15:10:28.012731Z", "fetched_at": "2025-07-15T15:10:50.005408+00:00", "symbol": "BTC-USD"}, {"trade_id": 849675284, "side": "sell", "size": "0.00989318", "price": "116100.00000000", "time": "2025-07-15T15:10:28.012713Z", "fetched_at": "2025-07-15T15:10:50.005408+00:00", "symbol": "BTC-USD"}, {"trade_id": 849675283, "side": "sell", "size": "0.12000000", "price": "116100.00000000", "time": "2025-07-15T15:10:28.012686Z", "fetched_at": "2025-07-15T15:10:50.005408+00:00", "symbol": "BTC-USD"}, {"trade_id": 849675282, "side": "sell", "size": "0.01000000", "price": "116100.00000000", "time": "2025-07-15T15:10:28.012504Z", "fetched_at": "2025-07-15T15:10:50.005408+00:00", "symbol": "BTC-USD"}, {"trade_id": 849675281, "side": "sell", "size": "0.12000000", "price": "116100.00000000", "time": "2025-07-15T15:10:28.012385Z", "fetched_at": "2025-07-15T15:10:50.005408+00:00", "symbol": "BTC-USD"}, {"trade_id": 849675280, "side": "sell", "size": "0.01299115", "price": "116100.00000000", "time": "2025-07-15T15:10:28.012342Z", "fetched_at": "2025-07-15T15:10:50.005408+00:00", "symbol": "BTC-USD"}, {"trade_id": 849675279, "side": "sell", "size": "0.01818200", "price": "116100.00000000", "time": "2025-07-15T15:10:28.012323Z", "fetched_at": "2025-07-15T15:10:50.005408+00:00", "symbol": "BTC-USD"}, {"trade_id": 849675278, "side": "sell", "size": "0.18000000", "price": "116100.00000000", "time": "2025-07-15T15:10:28.012303Z", "fetched_at": "2025-07-15T15:10:50.005408+00:00", "symbol": "BTC-USD"}, {"trade_id": 849675277, "side": "sell", "size": "0.09000000", "price": "116100.00000000", "time": "2025-07-15T15:10:28.012227Z", "fetched_at": "2025-07-15T15:10:50.005408+00:00", "symbol": "BTC-USD"}, {"trade_id": 849675276, "side": "sell", "size": "0.00337000", "price": "116100.00000000", "time": "2025-07-15T15:10:28.012195Z", "fetched_at": "2025-07-15T15:10:50.005408+00:00", "symbol": "BTC-USD"}, {"trade_id": 849675275, "side": "sell", "size": "0.22000000", "price": "116100.00000000", "time": "2025-07-15T15:10:28.012135Z", "fetched_at": "2025-07-15T15:10:50.005408+00:00", "symbol": "BTC-USD"}, {"trade_id": 849675274, "side": "sell", "size": "0.00675893", "price": "116100.00000000", "time": "2025-07-15T15:10:28.012076Z", "fetched_at": "2025-07-15T15:10:50.005408+00:00", "symbol": "BTC-USD"}, {"trade_id": 849675273, "side": "sell", "size": "0.01123338", "price": "116100.00000000", "time": "2025-07-15T15:10:28.011900Z", "fetched_at": "2025-07-15T15:10:50.005408+00:00", "symbol": "BTC-USD"}, {"trade_id": 849675272, "side": "sell", "size": "0.01000000", "price": "116100.00000000", "time": "2025-07-15T15:10:28.011495Z", "fetched_at": "2025-07-15T15:10:50.005408+00:00", "symbol": "BTC-USD"}, {"trade_id": 849675271, "side": "sell", "size": "0.08420000", "price": "116100.00000000", "time": "2025-07-15T15:10:28.011396Z", "fetched_at": "2025-07-15T15:10:50.005408+00:00", "symbol": "BTC-USD"}, {"trade_id": 849675270, "side": "sell", "size": "0.02301455", "price": "116100.00000000", "time": "2025-07-15T15:10:28.011351Z", "fetched_at": "2025-07-15T15:10:50.005408+00:00", "symbol": "BTC-USD"}, {"trade_id": 849675269, "side": "sell", "size": "1.72000000", "price": "116100.00000000", "time": "2025-07-15T15:10:28.011340Z", "fetched_at": "2025-07-15T15:10:50.005408+00:00", "symbol": "BTC-USD"}, {"trade_id": 849675268, "side": "sell", "size": "0.04639747", "price": "116100.00000000", "time": "2025-07-15T15:10:28.011311Z", "fetched_at": "2025-07-15T15:10:50.005408+00:00", "symbol": "BTC-USD"}, {"trade_id": 849675267, "side": "sell", "size": "0.71000000", "price": "116100.00000000", "time": "2025-07-15T15:10:28.011170Z", "fetched_at": "2025-07-15T15:10:50.005408+00:00", "symbol": "BTC-USD"}, {"trade_id": 849675266, "side": "sell", "size": "0.60000000", "price": "116100.00000000", "time": "2025-07-15T15:10:28.011116Z", "fetched_at": "2025-07-15T15:10:50.005408+00:00", "symbol": "BTC-USD"}, {"trade_id": 849675265, "side": "sell", "size": "0.07000000", "price": "116100.00000000", "time": "2025-07-15T15:10:28.011032Z", "fetched_at": "2025-07-15T15:10:50.005408+00:00", "symbol": "BTC-USD"}, {"trade_id": 849675264, "side": "sell", "size": "0.09752000", "price": "116100.00000000", "time": "2025-07-15T15:10:28.010890Z", "fetched_at": "2025-07-15T15:10:50.005408+00:00", "symbol": "BTC-USD"}, {"trade_id": 849675263, "side": "sell", "size": "0.02034225", "price": "116100.00000000", "time": "2025-07-15T15:10:28.010795Z", "fetched_at": "2025-07-15T15:10:50.005408+00:00", "symbol": "BTC-USD"}, {"trade_id": 849675262, "side": "sell", "size": "0.01884956", "price": "116100.00000000", "time": "2025-07-15T15:10:28.010640Z", "fetched_at": "2025-07-15T15:10:50.005408+00:00", "symbol": "BTC-USD"}, {"trade_id": 849675261, "side": "sell", "size": "0.01137233", "price": "116100.00000000", "time": "2025-07-15T15:10:28.010628Z", "fetched_at": "2025-07-15T15:10:50.005408+00:00", "symbol": "BTC-USD"}, {"trade_id": 849675260, "side": "sell", "size": "0.03135285", "price": "116100.00000000", "time": "2025-07-15T15:10:28.010413Z", "fetched_at": "2025-07-15T15:10:50.005408+00:00", "symbol": "BTC-USD"}, {"trade_id": 849675259, "side": "sell", "size": "0.03000000", "price": "116100.00000000", "time": "2025-07-15T15:10:28.010360Z", "fetched_at": "2025-07-15T15:10:50.005408+00:00", "symbol": "BTC-USD"}, {"trade_id": 849675258, "side": "sell", "size": "0.02465956", "price": "116100.00000000", "time": "2025-07-15T15:10:28.009970Z", "fetched_at": "2025-07-15T15:10:50.005408+00:00", "symbol": "BTC-USD"}, {"trade_id": 849675257, "side": "sell", "size": "0.02432990", "price": "116100.00000000", "time": "2025-07-15T15:10:28.009622Z", "fetched_at": "2025-07-15T15:10:50.005408+00:00", "symbol": "BTC-USD"}, {"trade_id": 849675256, "side": "sell", "size": "0.00874011", "price": "116100.00000000", "time": "2025-07-15T15:10:28.009555Z", "fetched_at": "2025-07-15T15:10:50.005408+00:00", "symbol": "BTC-USD"}, {"trade_id": 849675255, "side": "sell", "size": "0.01032620", "price": "116100.00000000", "time": "2025-07-15T15:10:28.009545Z", "fetched_at": "2025-07-15T15:10:50.005408+00:00", "symbol": "BTC-USD"}, {"trade_id": 849675254, "side": "sell", "size": "0.02577000", "price": "116100.00000000", "time": "2025-07-15T15:10:28.009210Z", "fetched_at": "2025-07-15T15:10:50.005408+00:00", "symbol": "BTC-USD"}, {"trade_id": 849675253, "side": "sell", "size": "0.06207000", "price": "116100.00000000", "time": "2025-07-15T15:10:28.008896Z", "fetched_at": "2025-07-15T15:10:50.005408+00:00", "symbol": "BTC-USD"}, {"trade_id": 849675252, "side": "sell", "size": "0.04746158", "price": "116100.00000000", "time": "2025-07-15T15:10:28.008838Z", "fetched_at": "2025-07-15T15:10:50.005408+00:00", "symbol": "BTC-USD"}, {"trade_id": 849675251, "side": "sell", "size": "0.01391220", "price": "116100.00000000", "time": "2025-07-15T15:10:28.008416Z", "fetched_at": "2025-07-15T15:10:50.005408+00:00", "symbol": "BTC-USD"}, {"trade_id": 849675250, "side": "sell", "size": "0.01487237", "price": "116100.00000000", "time": "2025-07-15T15:10:28.008323Z", "fetched_at": "2025-07-15T15:10:50.005408+00:00", "symbol": "BTC-USD"}, {"trade_id": 849675249, "side": "sell", "size": "0.00041000", "price": "116100.00000000", "time": "2025-07-15T15:10:28.007973Z", "fetched_at": "2025-07-15T15:10:50.005408+00:00", "symbol": "BTC-USD"}, {"trade_id": 849675248, "side": "sell", "size": "0.00476904", "price": "116100.00000000", "time": "2025-07-15T15:10:28.007783Z", "fetched_at": "2025-07-15T15:10:50.005408+00:00", "symbol": "BTC-USD"}, {"trade_id": 849675247, "side": "sell", "size": "0.00606032", "price": "116100.00000000", "time": "2025-07-15T15:10:28.004341Z", "fetched_at": "2025-07-15T15:10:50.005408+00:00", "symbol": "BTC-USD"}, {"trade_id": 849675246, "side": "sell", "size": "0.00373720", "price": "116100.00000000", "time": "2025-07-15T15:10:28.004301Z", "fetched_at": "2025-07-15T15:10:50.005408+00:00", "symbol": "BTC-USD"}, {"trade_id": 849675245, "side": "sell", "size": "0.06043085", "price": "116100.00000000", "time": "2025-07-15T15:10:28.003052Z", "fetched_at": "2025-07-15T15:10:50.005408+00:00", "symbol": "BTC-USD"}, {"trade_id": 849675244, "side": "sell", "size": "0.01635004", "price": "116100.00000000", "time": "2025-07-15T15:10:28.002948Z", "fetched_at": "2025-07-15T15:10:50.005408+00:00", "symbol": "BTC-USD"}, {"trade_id": 849675243, "side": "sell", "size": "0.05931896", "price": "116100.00000000", "time": "2025-07-15T15:10:27.937499Z", "fetched_at": "2025-07-15T15:10:50.005408+00:00", "symbol": "BTC-USD"}, {"trade_id": 849675242, "side": "sell", "size": "0.00251107", "price": "116100.00000000", "time": "2025-07-15T15:10:27.738179Z", "fetched_at": "2025-07-15T15:10:50.005408+00:00", "symbol": "BTC-USD"}, {"trade_id": 849675241, "side": "sell", "size": "0.00730529", "price": "116100.00000000", "time": "2025-07-15T15:10:27.661718Z", "fetched_at": "2025-07-15T15:10:50.005408+00:00", "symbol": "BTC-USD"}, {"trade_id": 849675240, "side": "sell", "size": "0.00083699", "price": "116100.00000000", "time": "2025-07-15T15:10:27.322003Z", "fetched_at": "2025-07-15T15:10:50.005408+00:00", "symbol": "BTC-USD"}, {"trade_id": 849675239, "side": "sell", "size": "0.00041849", "price": "116100.00000000", "time": "2025-07-15T15:10:26.849867Z", "fetched_at": "2025-07-15T15:10:50.005408+00:00", "symbol": "BTC-USD"}, {"trade_id": 849675238, "side": "sell", "size": "0.00041849", "price": "116100.00000000", "time": "2025-07-15T15:10:26.630064Z", "fetched_at": "2025-07-15T15:10:50.005408+00:00", "symbol": "BTC-USD"}, {"trade_id": 849675237, "side": "sell", "size": "0.00008374", "price": "116100.00000000", "time": "2025-07-15T15:10:26.458626Z", "fetched_at": "2025-07-15T15:10:50.005408+00:00", "symbol": "BTC-USD"}, {"trade_id": 849675236, "side": "sell", "size": "0.00062135", "price": "116100.00000000", "time": "2025-07-15T15:10:26.447479Z", "fetched_at": "2025-07-15T15:10:50.005408+00:00", "symbol": "BTC-USD"}, {"trade_id": 849675235, "side": "sell", "size": "0.00000375", "price": "116100.00000000", "time": "2025-07-15T15:10:26.324090Z", "fetched_at": "2025-07-15T15:10:50.005408+00:00", "symbol": "BTC-USD"}, {"trade_id": 849675234, "side": "sell", "size": "0.00073500", "price": "116100.00000000", "time": "2025-07-15T15:10:26.314973Z", "fetched_at": "2025-07-15T15:10:50.005408+00:00", "symbol": "BTC-USD"}, {"trade_id": 849675233, "side": "sell", "size": "0.00083702", "price": "116100.00000000", "time": "2025-07-15T15:10:26.214060Z", "fetched_at": "2025-07-15T15:10:50.005408+00:00", "symbol": "BTC-USD"}, {"trade_id": 849675232, "side": "sell", "size": "0.00012791", "price": "116100.00000000", "time": "2025-07-15T15:10:26.061071Z", "fetched_at": "2025-07-15T15:10:50.005408+00:00", "symbol": "BTC-USD"}, {"trade_id": 849675231, "side": "sell", "size": "0.00209179", "price": "116100.00000000", "time": "2025-07-15T15:10:25.734269Z", "fetched_at": "2025-07-15T15:10:50.005408+00:00", "symbol": "BTC-USD"}, {"trade_id": 849675230, "side": "sell", "size": "0.00041851", "price": "116100.00000000", "time": "2025-07-15T15:10:25.689952Z", "fetched_at": "2025-07-15T15:10:50.005408+00:00", "symbol": "BTC-USD"}, {"trade_id": 849675229, "side": "sell", "size": "0.05960284", "price": "116100.00000000", "time": "2025-07-15T15:10:25.673065Z", "fetched_at": "2025-07-15T15:10:50.005408+00:00", "symbol": "BTC-USD"}, {"trade_id": 849675228, "side": "sell", "size": "0.00682171", "price": "116100.00000000", "time": "2025-07-15T15:10:25.422708Z", "fetched_at": "2025-07-15T15:10:50.005408+00:00", "symbol": "BTC-USD"}, {"trade_id": 849675227, "side": "sell", "size": "0.00085271", "price": "116100.00000000", "time": "2025-07-15T15:10:25.163981Z", "fetched_at": "2025-07-15T15:10:50.005408+00:00", "symbol": "BTC-USD"}, {"trade_id": 849675226, "side": "buy", "size": "0.00584442", "price": "116099.99000000", "time": "2025-07-15T15:10:25.033106Z", "fetched_at": "2025-07-15T15:10:50.005408+00:00", "symbol": "BTC-USD"}, {"trade_id": 849675225, "side": "buy", "size": "0.02287891", "price": "116099.99000000", "time": "2025-07-15T15:10:25.033106Z", "fetched_at": "2025-07-15T15:10:50.005408+00:00", "symbol": "BTC-USD"}, {"trade_id": 849675224, "side": "buy", "size": "0.03462790", "price": "116099.99000000", "time": "2025-07-15T15:10:25.033106Z", "fetched_at": "2025-07-15T15:10:50.005408+00:00", "symbol": "BTC-USD"}, {"trade_id": 849675223, "side": "buy", "size": "0.01258251", "price": "116099.99000000", "time": "2025-07-15T15:10:25.033106Z", "fetched_at": "2025-07-15T15:10:50.005408+00:00", "symbol": "BTC-USD"}, {"trade_id": 849675222, "side": "buy", "size": "0.00044259", "price": "116099.99000000", "time": "2025-07-15T15:10:25.033106Z", "fetched_at": "2025-07-15T15:10:50.005408+00:00", "symbol": "BTC-USD"}, {"trade_id": 849675221, "side": "sell", "size": "0.00081698", "price": "116100.00000000", "time": "2025-07-15T15:10:24.777210Z", "fetched_at": "2025-07-15T15:10:50.005408+00:00", "symbol": "BTC-USD"}, {"trade_id": 849675220, "side": "sell", "size": "0.00913627", "price": "116100.00000000", "time": "2025-07-15T15:10:24.720746Z", "fetched_at": "2025-07-15T15:10:50.005408+00:00", "symbol": "BTC-USD"}, {"trade_id": 849675219, "side": "buy", "size": "0.01739880", "price": "116099.99000000", "time": "2025-07-15T15:10:24.390088Z", "fetched_at": "2025-07-15T15:10:50.005408+00:00", "symbol": "BTC-USD"}, {"trade_id": 849675218, "side": "sell", "size": "0.03187491", "price": "116100.00000000", "time": "2025-07-15T15:10:23.956019Z", "fetched_at": "2025-07-15T15:10:50.005408+00:00", "symbol": "BTC-USD"}, {"trade_id": 849675217, "side": "sell", "size": "0.00085486", "price": "116100.00000000", "time": "2025-07-15T15:10:23.647357Z", "fetched_at": "2025-07-15T15:10:50.005408+00:00", "symbol": "BTC-USD"}, {"trade_id": 849675216, "side": "sell", "size": "0.00024507", "price": "116100.00000000", "time": "2025-07-15T15:10:23.418023Z", "fetched_at": "2025-07-15T15:10:50.005408+00:00", "symbol": "BTC-USD"}, {"trade_id": 849675215, "side": "sell", "size": "0.00212799", "price": "116100.00000000", "time": "2025-07-15T15:10:23.077880Z", "fetched_at": "2025-07-15T15:10:50.005408+00:00", "symbol": "BTC-USD"}, {"trade_id": 849675214, "side": "sell", "size": "0.00167405", "price": "116100.00000000", "time": "2025-07-15T15:10:23.058626Z", "fetched_at": "2025-07-15T15:10:50.005408+00:00", "symbol": "BTC-USD"}, {"trade_id": 849675213, "side": "sell", "size": "0.00012255", "price": "116100.00000000", "time": "2025-07-15T15:10:23.046093Z", "fetched_at": "2025-07-15T15:10:50.005408+00:00", "symbol": "BTC-USD"}, {"trade_id": 849675212, "side": "sell", "size": "0.03384687", "price": "116100.00000000", "time": "2025-07-15T15:10:22.986793Z", "fetched_at": "2025-07-15T15:10:50.005408+00:00", "symbol": "BTC-USD"}, {"trade_id": 849675211, "side": "sell", "size": "0.00080963", "price": "116100.00000000", "time": "2025-07-15T15:10:22.986793Z", "fetched_at": "2025-07-15T15:10:50.005408+00:00", "symbol": "BTC-USD"}, {"trade_id": 849675210, "side": "sell", "size": "0.00003103", "price": "116100.00000000", "time": "2025-07-15T15:10:22.897671Z", "fetched_at": "2025-07-15T15:10:50.005408+00:00", "symbol": "BTC-USD"}, {"trade_id": 849675209, "side": "sell", "size": "0.01422931", "price": "116100.00000000", "time": "2025-07-15T15:10:22.667336Z", "fetched_at": "2025-07-15T15:10:50.005408+00:00", "symbol": "BTC-USD"}, {"trade_id": 849675208, "side": "sell", "size": "0.00040845", "price": "116100.00000000", "time": "2025-07-15T15:10:22.537050Z", "fetched_at": "2025-07-15T15:10:50.005408+00:00", "symbol": "BTC-USD"}, {"trade_id": 849675207, "side": "sell", "size": "0.00861326", "price": "116100.00000000", "time": "2025-07-15T15:10:22.000525Z", "fetched_at": "2025-07-15T15:10:50.005408+00:00", "symbol": "BTC-USD"}, {"trade_id": 849675206, "side": "sell", "size": "0.00044941", "price": "116100.00000000", "time": "2025-07-15T15:10:21.905399Z", "fetched_at": "2025-07-15T15:10:50.005408+00:00", "symbol": "BTC-USD"}, {"trade_id": 849675205, "side": "sell", "size": "0.00837023", "price": "116100.00000000", "time": "2025-07-15T15:10:21.669624Z", "fetched_at": "2025-07-15T15:10:50.005408+00:00", "symbol": "BTC-USD"}, {"trade_id": 849675204, "side": "sell", "size": "0.00299163", "price": "116100.00000000", "time": "2025-07-15T15:10:21.667152Z", "fetched_at": "2025-07-15T15:10:50.005408+00:00", "symbol": "BTC-USD"}, {"trade_id": 849675203, "side": "sell", "size": "0.00241710", "price": "116100.00000000", "time": "2025-07-15T15:10:21.663789Z", "fetched_at": "2025-07-15T15:10:50.005408+00:00", "symbol": "BTC-USD"}, {"trade_id": 849675202, "side": "sell", "size": "0.03500000", "price": "116100.00000000", "time": "2025-07-15T15:10:21.663789Z", "fetched_at": "2025-07-15T15:10:50.005408+00:00", "symbol": "BTC-USD"}, {"trade_id": 849675201, "side": "sell", "size": "0.00337000", "price": "116100.00000000", "time": "2025-07-15T15:10:21.663789Z", "fetched_at": "2025-07-15T15:10:50.005408+00:00", "symbol": "BTC-USD"}, {"trade_id": 849675200, "side": "buy", "size": "0.08379912", "price": "116100.00000000", "time": "2025-07-15T15:10:21.558504Z", "fetched_at": "2025-07-15T15:10:50.005408+00:00", "symbol": "BTC-USD"}, {"trade_id": 849675199, "side": "buy", "size": "0.38986600", "price": "116100.01000000", "time": "2025-07-15T15:10:21.558504Z", "fetched_at": "2025-07-15T15:10:50.005408+00:00", "symbol": "BTC-USD"}, {"trade_id": 849675198, "side": "sell", "size": "0.00949417", "price": "116100.17000000", "time": "2025-07-15T15:10:21.467540Z", "fetched_at": "2025-07-15T15:10:50.005408+00:00", "symbol": "BTC-USD"}, {"trade_id": 849675197, "side": "buy", "size": "0.08620088", "price": "116100.00000000", "time": "2025-07-15T15:10:21.440002Z", "fetched_at": "2025-07-15T15:10:50.005408+00:00", "symbol": "BTC-USD"}, {"trade_id": 849675196, "side": "sell", "size": "0.00165875", "price": "116100.18000000", "time": "2025-07-15T15:10:21.400041Z", "fetched_at": "2025-07-15T15:10:50.005408+00:00", "symbol": "BTC-USD"}, {"trade_id": 849675195, "side": "buy", "size": "0.04482827", "price": "116100.00000000", "time": "2025-07-15T15:10:21.373676Z", "fetched_at": "2025-07-15T15:10:50.005408+00:00", "symbol": "BTC-USD"}, {"trade_id": 849675194, "side": "sell", "size": "0.00880913", "price": "116100.37000000", "time": "2025-07-15T15:10:21.300991Z", "fetched_at": "2025-07-15T15:10:50.005408+00:00", "symbol": "BTC-USD"}, {"trade_id": 849675193, "side": "buy", "size": "0.34492094", "price": "116100.00000000", "time": "2025-07-15T15:10:21.300651Z", "fetched_at": "2025-07-15T15:10:50.005408+00:00", "symbol": "BTC-USD"}, {"trade_id": 849675192, "side": "buy", "size": "0.04495306", "price": "116100.01000000", "time": "2025-07-15T15:10:21.300651Z", "fetched_at": "2025-07-15T15:10:50.005408+00:00", "symbol": "BTC-USD"}, {"trade_id": 849675191, "side": "buy", "size": "0.00012479", "price": "116100.00000000", "time": "2025-07-15T15:10:21.279114Z", "fetched_at": "2025-07-15T15:10:50.005408+00:00", "symbol": "BTC-USD"}, {"trade_id": 849675190, "side": "sell", "size": "0.02329490", "price": "116100.72000000", "time": "2025-07-15T15:10:21.248103Z", "fetched_at": "2025-07-15T15:10:50.005408+00:00", "symbol": "BTC-USD"}, {"trade_id": 849675189, "side": "sell", "size": "0.01756881", "price": "116100.00000000", "time": "2025-07-15T15:10:21.127492Z", "fetched_at": "2025-07-15T15:10:50.005408+00:00", "symbol": "BTC-USD"}, {"trade_id": 849675188, "side": "sell", "size": "0.00337000", "price": "116100.00000000", "time": "2025-07-15T15:10:21.127492Z", "fetched_at": "2025-07-15T15:10:50.005408+00:00", "symbol": "BTC-USD"}, {"trade_id": 849675187, "side": "buy", "size": "0.36000000", "price": "116100.70000000", "time": "2025-07-15T15:10:21.112827Z", "fetched_at": "2025-07-15T15:10:50.005408+00:00", "symbol": "BTC-USD"}, {"trade_id": 849675186, "side": "buy", "size": "0.02980786", "price": "116100.72000000", "time": "2025-07-15T15:10:21.112827Z", "fetched_at": "2025-07-15T15:10:50.005408+00:00", "symbol": "BTC-USD"}, {"trade_id": 849675185, "side": "buy", "size": "0.36008614", "price": "116100.72000000", "time": "2025-07-15T15:10:21.019426Z", "fetched_at": "2025-07-15T15:10:50.005408+00:00", "symbol": "BTC-USD"}, {"trade_id": 849675184, "side": "sell", "size": "0.00266979", "price": "116101.09000000", "time": "2025-07-15T15:10:20.973415Z", "fetched_at": "2025-07-15T15:10:50.005408+00:00", "symbol": "BTC-USD"}, {"trade_id": 849675183, "side": "sell", "size": "0.01529146", "price": "116100.70000000", "time": "2025-07-15T15:10:20.901081Z", "fetched_at": "2025-07-15T15:10:50.005408+00:00", "symbol": "BTC-USD"}, {"trade_id": 849675182, "side": "buy", "size": "0.06406192", "price": "116100.71000000", "time": "2025-07-15T15:10:20.887862Z", "fetched_at": "2025-07-15T15:10:50.005408+00:00", "symbol": "BTC-USD"}, {"trade_id": 849675181, "side": "sell", "size": "0.00942300", "price": "116101.45000000", "time": "2025-07-15T15:10:20.847415Z", "fetched_at": "2025-07-15T15:10:50.005408+00:00", "symbol": "BTC-USD"}, {"trade_id": 849675180, "side": "buy", "size": "0.32584308", "price": "116100.71000000", "time": "2025-07-15T15:10:20.840293Z", "fetched_at": "2025-07-15T15:10:50.005408+00:00", "symbol": "BTC-USD"}, {"trade_id": 849675179, "side": "buy", "size": "0.00593185", "price": "116100.72000000", "time": "2025-07-15T15:10:20.840293Z", "fetched_at": "2025-07-15T15:10:50.005408+00:00", "symbol": "BTC-USD"}, {"trade_id": 849675178, "side": "buy", "size": "0.05813007", "price": "116100.72000000", "time": "2025-07-15T15:10:20.840293Z", "fetched_at": "2025-07-15T15:10:50.005408+00:00", "symbol": "BTC-USD"}, {"trade_id": 849675177, "side": "sell", "size": "0.00328398", "price": "116104.43000000", "time": "2025-07-15T15:10:20.717450Z", "fetched_at": "2025-07-15T15:10:50.005408+00:00", "symbol": "BTC-USD"}, {"trade_id": 849675176, "side": "sell", "size": "0.00366473", "price": "116104.43000000", "time": "2025-07-15T15:10:20.711501Z", "fetched_at": "2025-07-15T15:10:50.005408+00:00", "symbol": "BTC-USD"}, {"trade_id": 849675175, "side": "sell", "size": "0.01527697", "price": "116104.43000000", "time": "2025-07-15T15:10:20.707681Z", "fetched_at": "2025-07-15T15:10:50.005408+00:00", "symbol": "BTC-USD"}, {"trade_id": 849675174, "side": "buy", "size": "0.00430480", "price": "116100.00000000", "time": "2025-07-15T15:10:20.663555Z", "fetched_at": "2025-07-15T15:10:50.005408+00:00", "symbol": "BTC-USD"}, {"trade_id": 849675173, "side": "buy", "size": "0.03558583", "price": "116100.00000000", "time": "2025-07-15T15:10:20.663555Z", "fetched_at": "2025-07-15T15:10:50.005408+00:00", "symbol": "BTC-USD"}, {"trade_id": 849675172, "side": "buy", "size": "0.00008614", "price": "116100.01000000", "time": "2025-07-15T15:10:20.663555Z", "fetched_at": "2025-07-15T15:10:50.005408+00:00", "symbol": "BTC-USD"}, {"trade_id": 849675171, "side": "buy", "size": "0.02560000", "price": "116103.76000000", "time": "2025-07-15T15:10:20.663555Z", "fetched_at": "2025-07-15T15:10:50.005408+00:00", "symbol": "BTC-USD"}, {"trade_id": 849675170, "side": "sell", "size": "0.00726635", "price": "116104.44000000", "time": "2025-07-15T15:10:20.580953Z", "fetched_at": "2025-07-15T15:10:50.005408+00:00", "symbol": "BTC-USD"}, {"trade_id": 849675169, "side": "sell", "size": "0.03136865", "price": "116104.44000000", "time": "2025-07-15T15:10:20.577947Z", "fetched_at": "2025-07-15T15:10:50.005408+00:00", "symbol": "BTC-USD"}, {"trade_id": 849675168, "side": "sell", "size": "0.00134641", "price": "116106.82000000", "time": "2025-07-15T15:10:20.574376Z", "fetched_at": "2025-07-15T15:10:50.005408+00:00", "symbol": "BTC-USD"}, {"trade_id": 849675167, "side": "sell", "size": "0.00000215", "price": "116105.13000000", "time": "2025-07-15T15:10:20.574376Z", "fetched_at": "2025-07-15T15:10:50.005408+00:00", "symbol": "BTC-USD"}, {"trade_id": 849675166, "side": "sell", "size": "0.00000664", "price": "116105.13000000", "time": "2025-07-15T15:10:20.574376Z", "fetched_at": "2025-07-15T15:10:50.005408+00:00", "symbol": "BTC-USD"}, {"trade_id": 849675165, "side": "sell", "size": "0.00017626", "price": "116105.13000000", "time": "2025-07-15T15:10:20.574376Z", "fetched_at": "2025-07-15T15:10:50.005408+00:00", "symbol": "BTC-USD"}, {"trade_id": 849675164, "side": "sell", "size": "0.00003101", "price": "116105.13000000", "time": "2025-07-15T15:10:20.574376Z", "fetched_at": "2025-07-15T15:10:50.005408+00:00", "symbol": "BTC-USD"}, {"trade_id": 849675163, "side": "sell", "size": "0.02253983", "price": "116105.12000000", "time": "2025-07-15T15:10:20.574376Z", "fetched_at": "2025-07-15T15:10:50.005408+00:00", "symbol": "BTC-USD"}, {"trade_id": 849675162, "side": "sell", "size": "0.03559554", "price": "116105.13000000", "time": "2025-07-15T15:10:19.724072Z", "fetched_at": "2025-07-15T15:10:50.005408+00:00", "symbol": "BTC-USD"}, {"trade_id": 849675161, "side": "sell", "size": "0.00531000", "price": "116105.13000000", "time": "2025-07-15T15:10:19.518705Z", "fetched_at": "2025-07-15T15:10:50.005408+00:00", "symbol": "BTC-USD"}, {"trade_id": 849675160, "side": "sell", "size": "0.00042636", "price": "116105.13000000", "time": "2025-07-15T15:10:19.372563Z", "fetched_at": "2025-07-15T15:10:50.005408+00:00", "symbol": "BTC-USD"}, {"trade_id": 849675159, "side": "sell", "size": "0.00020421", "price": "116105.13000000", "time": "2025-07-15T15:10:19.346759Z", "fetched_at": "2025-07-15T15:10:50.005408+00:00", "symbol": "BTC-USD"}, {"trade_id": 849675158, "side": "sell", "size": "0.00238000", "price": "116105.13000000", "time": "2025-07-15T15:10:19.273838Z", "fetched_at": "2025-07-15T15:10:50.005408+00:00", "symbol": "BTC-USD"}, {"trade_id": 849675157, "side": "sell", "size": "0.00008556", "price": "116105.13000000", "time": "2025-07-15T15:10:19.193341Z", "fetched_at": "2025-07-15T15:10:50.005408+00:00", "symbol": "BTC-USD"}, {"trade_id": 849675156, "side": "sell", "size": "0.00490000", "price": "116105.13000000", "time": "2025-07-15T15:10:19.147277Z", "fetched_at": "2025-07-15T15:10:50.005408+00:00", "symbol": "BTC-USD"}, {"trade_id": 849675155, "side": "sell", "size": "0.00001000", "price": "116104.30000000", "time": "2025-07-15T15:10:19.147277Z", "fetched_at": "2025-07-15T15:10:50.005408+00:00", "symbol": "BTC-USD"}, {"trade_id": 849675154, "side": "sell", "size": "0.00507544", "price": "116100.63000000", "time": "2025-07-15T15:10:19.100564Z", "fetched_at": "2025-07-15T15:10:50.005408+00:00", "symbol": "BTC-USD"}, {"trade_id": 849675153, "side": "sell", "size": "0.00345322", "price": "116100.63000000", "time": "2025-07-15T15:10:19.095468Z", "fetched_at": "2025-07-15T15:10:50.005408+00:00", "symbol": "BTC-USD"}, {"trade_id": 849675152, "side": "sell", "size": "0.00390537", "price": "116100.63000000", "time": "2025-07-15T15:10:19.089653Z", "fetched_at": "2025-07-15T15:10:50.005408+00:00", "symbol": "BTC-USD"}, {"trade_id": 849675151, "side": "sell", "size": "0.00732510", "price": "116100.63000000", "time": "2025-07-15T15:10:19.074630Z", "fetched_at": "2025-07-15T15:10:50.005408+00:00", "symbol": "BTC-USD"}, {"trade_id": 849675150, "side": "buy", "size": "0.00001000", "price": "116100.62000000", "time": "2025-07-15T15:10:19.058245Z", "fetched_at": "2025-07-15T15:10:50.005408+00:00", "symbol": "BTC-USD"}, {"trade_id": 849675149, "side": "sell", "size": "0.00000900", "price": "116100.00000000", "time": "2025-07-15T15:10:18.995570Z", "fetched_at": "2025-07-15T15:10:50.005408+00:00", "symbol": "BTC-USD"}, {"trade_id": 849675148, "side": "sell", "size": "0.00001500", "price": "116100.00000000", "time": "2025-07-15T15:10:18.995570Z", "fetched_at": "2025-07-15T15:10:50.005408+00:00", "symbol": "BTC-USD"}, {"trade_id": 849675147, "side": "sell", "size": "0.00000292", "price": "116100.00000000", "time": "2025-07-15T15:10:18.995570Z", "fetched_at": "2025-07-15T15:10:50.005408+00:00", "symbol": "BTC-USD"}, {"trade_id": 849675146, "side": "sell", "size": "0.00000828", "price": "116100.00000000", "time": "2025-07-15T15:10:18.995570Z", "fetched_at": "2025-07-15T15:10:50.005408+00:00", "symbol": "BTC-USD"}, {"trade_id": 849675145, "side": "sell", "size": "0.00058235", "price": "116100.00000000", "time": "2025-07-15T15:10:18.995570Z", "fetched_at": "2025-07-15T15:10:50.005408+00:00", "symbol": "BTC-USD"}, {"trade_id": 849675144, "side": "sell", "size": "0.00002145", "price": "116100.00000000", "time": "2025-07-15T15:10:18.995570Z", "fetched_at": "2025-07-15T15:10:50.005408+00:00", "symbol": "BTC-USD"}, {"trade_id": 849675143, "side": "sell", "size": "0.05050000", "price": "116100.00000000", "time": "2025-07-15T15:10:18.825881Z", "fetched_at": "2025-07-15T15:10:50.005408+00:00", "symbol": "BTC-USD"}, {"trade_id": 849675142, "side": "sell", "size": "0.00292403", "price": "116100.00000000", "time": "2025-07-15T15:10:18.823518Z", "fetched_at": "2025-07-15T15:10:50.005408+00:00", "symbol": "BTC-USD"}, {"trade_id": 849675141, "side": "sell", "size": "0.00554012", "price": "116100.00000000", "time": "2025-07-15T15:10:18.822153Z", "fetched_at": "2025-07-15T15:10:50.005408+00:00", "symbol": "BTC-USD"}, {"trade_id": 849675140, "side": "sell", "size": "0.00275239", "price": "116100.00000000", "time": "2025-07-15T15:10:18.813874Z", "fetched_at": "2025-07-15T15:10:50.005408+00:00", "symbol": "BTC-USD"}, {"trade_id": 849675139, "side": "sell", "size": "0.00602326", "price": "116100.00000000", "time": "2025-07-15T15:10:18.806376Z", "fetched_at": "2025-07-15T15:10:50.005408+00:00", "symbol": "BTC-USD"}, {"trade_id": 849675138, "side": "sell", "size": "0.00214000", "price": "116100.00000000", "time": "2025-07-15T15:10:18.775517Z", "fetched_at": "2025-07-15T15:10:50.005408+00:00", "symbol": "BTC-USD"}, {"trade_id": 849675137, "side": "sell", "size": "0.00337000", "price": "116100.00000000", "time": "2025-07-15T15:10:18.771364Z", "fetched_at": "2025-07-15T15:10:50.005408+00:00", "symbol": "BTC-USD"}, {"trade_id": 849675136, "side": "sell", "size": "0.01699000", "price": "116100.00000000", "time": "2025-07-15T15:10:18.771098Z", "fetched_at": "2025-07-15T15:10:50.005408+00:00", "symbol": "BTC-USD"}, {"trade_id": 849675135, "side": "sell", "size": "0.04310653", "price": "116100.00000000", "time": "2025-07-15T15:10:18.766439Z", "fetched_at": "2025-07-15T15:10:50.005408+00:00", "symbol": "BTC-USD"}, {"trade_id": 849675134, "side": "sell", "size": "0.31876807", "price": "116100.00000000", "time": "2025-07-15T15:10:18.766380Z", "fetched_at": "2025-07-15T15:10:50.005408+00:00", "symbol": "BTC-USD"}, {"trade_id": 849675133, "side": "sell", "size": "0.01271999", "price": "116100.00000000", "time": "2025-07-15T15:10:18.765927Z", "fetched_at": "2025-07-15T15:10:50.005408+00:00", "symbol": "BTC-USD"}, {"trade_id": 849675132, "side": "sell", "size": "2.15590000", "price": "116100.00000000", "time": "2025-07-15T15:10:18.765884Z", "fetched_at": "2025-07-15T15:10:50.005408+00:00", "symbol": "BTC-USD"}, {"trade_id": 849675131, "side": "sell", "size": "0.04190000", "price": "116100.00000000", "time": "2025-07-15T15:10:18.765869Z", "fetched_at": "2025-07-15T15:10:50.005408+00:00", "symbol": "BTC-USD"}, {"trade_id": 849675130, "side": "sell", "size": "0.07000000", "price": "116100.00000000", "time": "2025-07-15T15:10:18.762432Z", "fetched_at": "2025-07-15T15:10:50.005408+00:00", "symbol": "BTC-USD"}, {"trade_id": 849675129, "side": "sell", "size": "0.00437481", "price": "116100.00000000", "time": "2025-07-15T15:10:18.761720Z", "fetched_at": "2025-07-15T15:10:50.005408+00:00", "symbol": "BTC-USD"}, {"trade_id": 849675128, "side": "sell", "size": "0.07267242", "price": "116100.00000000", "time": "2025-07-15T15:10:18.756467Z", "fetched_at": "2025-07-15T15:10:50.005408+00:00", "symbol": "BTC-USD"}, {"trade_id": 849675127, "side": "sell", "size": "0.00313117", "price": "116100.00000000", "time": "2025-07-15T15:10:18.751649Z", "fetched_at": "2025-07-15T15:10:50.005408+00:00", "symbol": "BTC-USD"}, {"trade_id": 849675126, "side": "sell", "size": "0.00565630", "price": "116100.00000000", "time": "2025-07-15T15:10:18.751579Z", "fetched_at": "2025-07-15T15:10:50.005408+00:00", "symbol": "BTC-USD"}, {"trade_id": 849675125, "side": "sell", "size": "0.04032155", "price": "116100.00000000", "time": "2025-07-15T15:10:18.750763Z", "fetched_at": "2025-07-15T15:10:50.005408+00:00", "symbol": "BTC-USD"}, {"trade_id": 849675124, "side": "sell", "size": "0.00560580", "price": "116100.00000000", "time": "2025-07-15T15:10:18.750382Z", "fetched_at": "2025-07-15T15:10:50.005408+00:00", "symbol": "BTC-USD"}, {"trade_id": 849675123, "side": "sell", "size": "0.00951975", "price": "116100.00000000", "time": "2025-07-15T15:10:18.750105Z", "fetched_at": "2025-07-15T15:10:50.005408+00:00", "symbol": "BTC-USD"}, {"trade_id": 849675122, "side": "sell", "size": "0.11426330", "price": "116100.00000000", "time": "2025-07-15T15:10:18.510084Z", "fetched_at": "2025-07-15T15:10:50.005408+00:00", "symbol": "BTC-USD"}, {"trade_id": 849675121, "side": "sell", "size": "0.00387768", "price": "116100.00000000", "time": "2025-07-15T15:10:18.319968Z", "fetched_at": "2025-07-15T15:10:50.005408+00:00", "symbol": "BTC-USD"}, {"trade_id": 849675120, "side": "sell", "size": "0.00034109", "price": "116100.00000000", "time": "2025-07-15T15:10:18.250314Z", "fetched_at": "2025-07-15T15:10:50.005408+00:00", "symbol": "BTC-USD"}, {"trade_id": 849675119, "side": "sell", "size": "0.04441128", "price": "116100.00000000", "time": "2025-07-15T15:10:18.191788Z", "fetched_at": "2025-07-15T15:10:50.005408+00:00", "symbol": "BTC-USD"}, {"trade_id": 849675118, "side": "sell", "size": "0.05619072", "price": "116100.00000000", "time": "2025-07-15T15:10:17.864477Z", "fetched_at": "2025-07-15T15:10:50.005408+00:00", "symbol": "BTC-USD"}, {"trade_id": 849675117, "side": "sell", "size": "0.02410571", "price": "116100.00000000", "time": "2025-07-15T15:10:17.607712Z", "fetched_at": "2025-07-15T15:10:50.005408+00:00", "symbol": "BTC-USD"}, {"trade_id": 849675116, "side": "sell", "size": "0.11815423", "price": "116100.00000000", "time": "2025-07-15T15:10:17.027718Z", "fetched_at": "2025-07-15T15:10:50.005408+00:00", "symbol": "BTC-USD"}, {"trade_id": 849675115, "side": "sell", "size": "0.17701218", "price": "116100.00000000", "time": "2025-07-15T15:10:16.814420Z", "fetched_at": "2025-07-15T15:10:50.005408+00:00", "symbol": "BTC-USD"}, {"trade_id": 849675114, "side": "sell", "size": "0.00279753", "price": "116100.00000000", "time": "2025-07-15T15:10:16.781410Z", "fetched_at": "2025-07-15T15:10:50.005408+00:00", "symbol": "BTC-USD"}, {"trade_id": 849675113, "side": "sell", "size": "0.00041861", "price": "116100.00000000", "time": "2025-07-15T15:10:16.779181Z", "fetched_at": "2025-07-15T15:10:50.005408+00:00", "symbol": "BTC-USD"}, {"trade_id": 849675112, "side": "sell", "size": "0.00585916", "price": "116100.00000000", "time": "2025-07-15T15:10:16.755786Z", "fetched_at": "2025-07-15T15:10:50.005408+00:00", "symbol": "BTC-USD"}, {"trade_id": 849675111, "side": "sell", "size": "0.26106390", "price": "116100.00000000", "time": "2025-07-15T15:10:16.571346Z", "fetched_at": "2025-07-15T15:10:50.005408+00:00", "symbol": "BTC-USD"}, {"trade_id": 849675110, "side": "buy", "size": "0.03115387", "price": "116099.99000000", "time": "2025-07-15T15:10:16.465383Z", "fetched_at": "2025-07-15T15:10:50.005408+00:00", "symbol": "BTC-USD"}, {"trade_id": 849675109, "side": "sell", "size": "0.00143500", "price": "116100.00000000", "time": "2025-07-15T15:10:16.456148Z", "fetched_at": "2025-07-15T15:10:50.005408+00:00", "symbol": "BTC-USD"}, {"trade_id": 849675108, "side": "sell", "size": "0.00028599", "price": "116100.00000000", "time": "2025-07-15T15:10:16.381182Z", "fetched_at": "2025-07-15T15:10:50.005408+00:00", "symbol": "BTC-USD"}, {"trade_id": 849675107, "side": "sell", "size": "0.00127497", "price": "116100.00000000", "time": "2025-07-15T15:10:16.320058Z", "fetched_at": "2025-07-15T15:10:50.005408+00:00", "symbol": "BTC-USD"}, {"trade_id": 849675106, "side": "sell", "size": "0.17989517", "price": "116100.00000000", "time": "2025-07-15T15:10:16.135901Z", "fetched_at": "2025-07-15T15:10:50.005408+00:00", "symbol": "BTC-USD"}, {"trade_id": 849675105, "side": "sell", "size": "0.04435046", "price": "116100.00000000", "time": "2025-07-15T15:10:15.776095Z", "fetched_at": "2025-07-15T15:10:50.005408+00:00", "symbol": "BTC-USD"}, {"trade_id": 849675104, "side": "sell", "size": "0.06859979", "price": "116100.00000000", "time": "2025-07-15T15:10:15.671492Z", "fetched_at": "2025-07-15T15:10:50.005408+00:00", "symbol": "BTC-USD"}, {"trade_id": 849675103, "side": "sell", "size": "0.07709701", "price": "116100.00000000", "time": "2025-07-15T15:10:15.507878Z", "fetched_at": "2025-07-15T15:10:50.005408+00:00", "symbol": "BTC-USD"}, {"trade_id": 849675102, "side": "sell", "size": "0.14250115", "price": "116100.00000000", "time": "2025-07-15T15:10:15.307255Z", "fetched_at": "2025-07-15T15:10:50.005408+00:00", "symbol": "BTC-USD"}, {"trade_id": 849675101, "side": "sell", "size": "0.00861124", "price": "116100.00000000", "time": "2025-07-15T15:10:15.164903Z", "fetched_at": "2025-07-15T15:10:50.005408+00:00", "symbol": "BTC-USD"}, {"trade_id": 849675100, "side": "sell", "size": "0.00016739", "price": "116100.00000000", "time": "2025-07-15T15:10:15.054580Z", "fetched_at": "2025-07-15T15:10:50.005408+00:00", "symbol": "BTC-USD"}, {"trade_id": 849675099, "side": "sell", "size": "0.02587268", "price": "116100.00000000", "time": "2025-07-15T15:10:15.009779Z", "fetched_at": "2025-07-15T15:10:50.005408+00:00", "symbol": "BTC-USD"}, {"trade_id": 849675098, "side": "sell", "size": "0.00145481", "price": "116100.00000000", "time": "2025-07-15T15:10:15.005458Z", "fetched_at": "2025-07-15T15:10:50.005408+00:00", "symbol": "BTC-USD"}, {"trade_id": 849675097, "side": "sell", "size": "0.00430663", "price": "116100.00000000", "time": "2025-07-15T15:10:14.854996Z", "fetched_at": "2025-07-15T15:10:50.005408+00:00", "symbol": "BTC-USD"}, {"trade_id": 849675096, "side": "sell", "size": "0.00136075", "price": "116100.00000000", "time": "2025-07-15T15:10:14.547152Z", "fetched_at": "2025-07-15T15:10:50.005408+00:00", "symbol": "BTC-USD"}, {"trade_id": 849675095, "side": "sell", "size": "0.00080864", "price": "116100.00000000", "time": "2025-07-15T15:10:14.509395Z", "fetched_at": "2025-07-15T15:10:50.005408+00:00", "symbol": "BTC-USD"}, {"trade_id": 849675094, "side": "sell", "size": "0.00679673", "price": "116100.00000000", "time": "2025-07-15T15:10:14.483057Z", "fetched_at": "2025-07-15T15:10:50.005408+00:00", "symbol": "BTC-USD"}, {"trade_id": 849675093, "side": "sell", "size": "0.00042636", "price": "116100.00000000", "time": "2025-07-15T15:10:14.119971Z", "fetched_at": "2025-07-15T15:10:50.005408+00:00", "symbol": "BTC-USD"}, {"trade_id": 849675092, "side": "sell", "size": "0.21413452", "price": "116100.00000000", "time": "2025-07-15T15:10:14.072938Z", "fetched_at": "2025-07-15T15:10:50.005408+00:00", "symbol": "BTC-USD"}, {"trade_id": 849675091, "side": "sell", "size": "0.00764467", "price": "116100.00000000", "time": "2025-07-15T15:10:13.841013Z", "fetched_at": "2025-07-15T15:10:50.005408+00:00", "symbol": "BTC-USD"}, {"trade_id": 849675090, "side": "sell", "size": "0.00377825", "price": "116100.00000000", "time": "2025-07-15T15:10:13.594685Z", "fetched_at": "2025-07-15T15:10:50.005408+00:00", "symbol": "BTC-USD"}, {"trade_id": 849675089, "side": "sell", "size": "0.00645621", "price": "116100.00000000", "time": "2025-07-15T15:10:13.569715Z", "fetched_at": "2025-07-15T15:10:50.005408+00:00", "symbol": "BTC-USD"}, {"trade_id": 849675088, "side": "sell", "size": "0.00166751", "price": "116100.00000000", "time": "2025-07-15T15:10:13.390089Z", "fetched_at": "2025-07-15T15:10:50.005408+00:00", "symbol": "BTC-USD"}, {"trade_id": 849675087, "side": "buy", "size": "0.00158860", "price": "116099.99000000", "time": "2025-07-15T15:10:13.238562Z", "fetched_at": "2025-07-15T15:10:50.005408+00:00", "symbol": "BTC-USD"}, {"trade_id": 849675086, "side": "buy", "size": "0.00002229", "price": "116099.99000000", "time": "2025-07-15T15:10:13.238562Z", "fetched_at": "2025-07-15T15:10:50.005408+00:00", "symbol": "BTC-USD"}, {"trade_id": 849675085, "side": "sell", "size": "0.01189456", "price": "116100.00000000", "time": "2025-07-15T15:10:13.065606Z", "fetched_at": "2025-07-15T15:10:50.005408+00:00", "symbol": "BTC-USD"}, {"trade_id": 849675084, "side": "sell", "size": "0.00028591", "price": "116100.00000000", "time": "2025-07-15T15:10:13.020375Z", "fetched_at": "2025-07-15T15:10:50.005408+00:00", "symbol": "BTC-USD"}, {"trade_id": 849675083, "side": "sell", "size": "0.00000008", "price": "116100.00000000", "time": "2025-07-15T15:10:12.973633Z", "fetched_at": "2025-07-15T15:10:50.005408+00:00", "symbol": "BTC-USD"}, {"trade_id": 849675082, "side": "sell", "size": "0.00163397", "price": "116100.00000000", "time": "2025-07-15T15:10:12.955636Z", "fetched_at": "2025-07-15T15:10:50.005408+00:00", "symbol": "BTC-USD"}, {"trade_id": 849675081, "side": "sell", "size": "0.00021320", "price": "116100.00000000", "time": "2025-07-15T15:10:12.903381Z", "fetched_at": "2025-07-15T15:10:50.005408+00:00", "symbol": "BTC-USD"}, {"trade_id": 849675080, "side": "sell", "size": "0.00942596", "price": "116100.00000000", "time": "2025-07-15T15:10:12.817677Z", "fetched_at": "2025-07-15T15:10:50.005408+00:00", "symbol": "BTC-USD"}, {"trade_id": 849675079, "side": "sell", "size": "0.08578940", "price": "116100.00000000", "time": "2025-07-15T15:10:12.813355Z", "fetched_at": "2025-07-15T15:10:50.005408+00:00", "symbol": "BTC-USD"}, {"trade_id": 849675078, "side": "sell", "size": "0.02124349", "price": "116100.00000000", "time": "2025-07-15T15:10:12.579663Z", "fetched_at": "2025-07-15T15:10:50.005408+00:00", "symbol": "BTC-USD"}, {"trade_id": 849675077, "side": "sell", "size": "0.00000227", "price": "116100.00000000", "time": "2025-07-15T15:10:12.577589Z", "fetched_at": "2025-07-15T15:10:50.005408+00:00", "symbol": "BTC-USD"}, {"trade_id": 849675076, "side": "sell", "size": "0.00037500", "price": "116100.00000000", "time": "2025-07-15T15:10:12.564411Z", "fetched_at": "2025-07-15T15:10:50.005408+00:00", "symbol": "BTC-USD"}, {"trade_id": 849675075, "side": "sell", "size": "0.00500000", "price": "116100.00000000", "time": "2025-07-15T15:10:12.252464Z", "fetched_at": "2025-07-15T15:10:50.005408+00:00", "symbol": "BTC-USD"}, {"trade_id": 849675074, "side": "sell", "size": "0.00418623", "price": "116100.00000000", "time": "2025-07-15T15:10:12.222489Z", "fetched_at": "2025-07-15T15:10:50.005408+00:00", "symbol": "BTC-USD"}, {"trade_id": 849675073, "side": "sell", "size": "0.00640280", "price": "116100.00000000", "time": "2025-07-15T15:10:12.221113Z", "fetched_at": "2025-07-15T15:10:50.005408+00:00", "symbol": "BTC-USD"}, {"trade_id": 849675072, "side": "sell", "size": "0.00041862", "price": "116100.00000000", "time": "2025-07-15T15:10:12.186676Z", "fetched_at": "2025-07-15T15:10:50.005408+00:00", "symbol": "BTC-USD"}, {"trade_id": 849675071, "side": "sell", "size": "0.19190278", "price": "116100.00000000", "time": "2025-07-15T15:10:11.667439Z", "fetched_at": "2025-07-15T15:10:50.005408+00:00", "symbol": "BTC-USD"}, {"trade_id": 849675070, "side": "sell", "size": "0.00125553", "price": "116100.00000000", "time": "2025-07-15T15:10:11.536331Z", "fetched_at": "2025-07-15T15:10:50.005408+00:00", "symbol": "BTC-USD"}, {"trade_id": 849675069, "side": "sell", "size": "0.08716696", "price": "116100.00000000", "time": "2025-07-15T15:10:11.437427Z", "fetched_at": "2025-07-15T15:10:50.005408+00:00", "symbol": "BTC-USD"}, {"trade_id": 849675068, "side": "sell", "size": "0.01668457", "price": "116100.00000000", "time": "2025-07-15T15:10:10.928653Z", "fetched_at": "2025-07-15T15:10:50.005408+00:00", "symbol": "BTC-USD"}, {"trade_id": 849675067, "side": "sell", "size": "0.20995000", "price": "116100.00000000", "time": "2025-07-15T15:10:10.470515Z", "fetched_at": "2025-07-15T15:10:50.005408+00:00", "symbol": "BTC-USD"}, {"trade_id": 849675066, "side": "sell", "size": "0.07763635", "price": "116100.00000000", "time": "2025-07-15T15:10:10.375030Z", "fetched_at": "2025-07-15T15:10:50.005408+00:00", "symbol": "BTC-USD"}, {"trade_id": 849675065, "side": "sell", "size": "0.20995000", "price": "116100.00000000", "time": "2025-07-15T15:10:10.336607Z", "fetched_at": "2025-07-15T15:10:50.005408+00:00", "symbol": "BTC-USD"}, {"trade_id": 849675064, "side": "buy", "size": "0.00000861", "price": "116099.99000000", "time": "2025-07-15T15:10:10.330568Z", "fetched_at": "2025-07-15T15:10:50.005408+00:00", "symbol": "BTC-USD"}, {"trade_id": 849675063, "side": "sell", "size": "0.00337000", "price": "116100.00000000", "time": "2025-07-15T15:10:10.235048Z", "fetched_at": "2025-07-15T15:10:50.005408+00:00", "symbol": "BTC-USD"}, {"trade_id": 849675062, "side": "sell", "size": "0.00560580", "price": "116100.00000000", "time": "2025-07-15T15:10:10.210257Z", "fetched_at": "2025-07-15T15:10:50.005408+00:00", "symbol": "BTC-USD"}, {"trade_id": 849675061, "side": "sell", "size": "0.00214000", "price": "116100.00000000", "time": "2025-07-15T15:10:10.200885Z", "fetched_at": "2025-07-15T15:10:50.005408+00:00", "symbol": "BTC-USD"}, {"trade_id": 849675060, "side": "sell", "size": "0.07086000", "price": "116100.00000000", "time": "2025-07-15T15:10:10.195651Z", "fetched_at": "2025-07-15T15:10:50.005408+00:00", "symbol": "BTC-USD"}, {"trade_id": 849675059, "side": "sell", "size": "0.00398971", "price": "116100.00000000", "time": "2025-07-15T15:10:10.194845Z", "fetched_at": "2025-07-15T15:10:50.005408+00:00", "symbol": "BTC-USD"}, {"trade_id": 849675058, "side": "sell", "size": "0.00795417", "price": "116100.00000000", "time": "2025-07-15T15:10:10.189696Z", "fetched_at": "2025-07-15T15:10:50.005408+00:00", "symbol": "BTC-USD"}, {"trade_id": 849675057, "side": "sell", "size": "0.03000000", "price": "116100.00000000", "time": "2025-07-15T15:10:10.188143Z", "fetched_at": "2025-07-15T15:10:50.005408+00:00", "symbol": "BTC-USD"}, {"trade_id": 849675056, "side": "sell", "size": "0.10115000", "price": "116100.00000000", "time": "2025-07-15T15:10:10.183063Z", "fetched_at": "2025-07-15T15:10:50.005408+00:00", "symbol": "BTC-USD"}, {"trade_id": 849675055, "side": "sell", "size": "0.00898413", "price": "116100.00000000", "time": "2025-07-15T15:10:10.179383Z", "fetched_at": "2025-07-15T15:10:50.005408+00:00", "symbol": "BTC-USD"}, {"trade_id": 849675054, "side": "sell", "size": "0.00801000", "price": "116100.00000000", "time": "2025-07-15T15:10:10.178754Z", "fetched_at": "2025-07-15T15:10:50.005408+00:00", "symbol": "BTC-USD"}, {"trade_id": 849675053, "side": "sell", "size": "0.00690000", "price": "116100.00000000", "time": "2025-07-15T15:10:10.178516Z", "fetched_at": "2025-07-15T15:10:50.005408+00:00", "symbol": "BTC-USD"}, {"trade_id": 849675052, "side": "sell", "size": "0.00337000", "price": "116100.00000000", "time": "2025-07-15T15:10:10.172781Z", "fetched_at": "2025-07-15T15:10:50.005408+00:00", "symbol": "BTC-USD"}, {"trade_id": 849675051, "side": "sell", "size": "0.07958000", "price": "116100.00000000", "time": "2025-07-15T15:10:10.172518Z", "fetched_at": "2025-07-15T15:10:50.005408+00:00", "symbol": "BTC-USD"}, {"trade_id": 849675050, "side": "sell", "size": "0.35600986", "price": "116100.00000000", "time": "2025-07-15T15:10:10.171066Z", "fetched_at": "2025-07-15T15:10:50.005408+00:00", "symbol": "BTC-USD"}, {"trade_id": 849675049, "side": "sell", "size": "0.03706000", "price": "116100.00000000", "time": "2025-07-15T15:10:10.169336Z", "fetched_at": "2025-07-15T15:10:50.005408+00:00", "symbol": "BTC-USD"}, {"trade_id": 849675048, "side": "sell", "size": "0.07702000", "price": "116100.00000000", "time": "2025-07-15T15:10:10.166269Z", "fetched_at": "2025-07-15T15:10:50.005408+00:00", "symbol": "BTC-USD"}, {"trade_id": 849675047, "side": "sell", "size": "0.00337000", "price": "116100.00000000", "time": "2025-07-15T15:10:10.165474Z", "fetched_at": "2025-07-15T15:10:50.005408+00:00", "symbol": "BTC-USD"}, {"trade_id": 849675046, "side": "sell", "size": "0.00898413", "price": "116100.00000000", "time": "2025-07-15T15:10:10.164034Z", "fetched_at": "2025-07-15T15:10:50.005408+00:00", "symbol": "BTC-USD"}, {"trade_id": 849675045, "side": "sell", "size": "0.07000000", "price": "116100.00000000", "time": "2025-07-15T15:10:10.159068Z", "fetched_at": "2025-07-15T15:10:50.005408+00:00", "symbol": "BTC-USD"}, {"trade_id": 849675044, "side": "sell", "size": "0.07591843", "price": "116100.00000000", "time": "2025-07-15T15:10:10.158308Z", "fetched_at": "2025-07-15T15:10:50.005408+00:00", "symbol": "BTC-USD"}, {"trade_id": 849675043, "side": "sell", "size": "0.02738156", "price": "116100.00000000", "time": "2025-07-15T15:10:10.157819Z", "fetched_at": "2025-07-15T15:10:50.005408+00:00", "symbol": "BTC-USD"}, {"trade_id": 849675042, "side": "sell", "size": "0.32183632", "price": "116100.00000000", "time": "2025-07-15T15:10:10.157081Z", "fetched_at": "2025-07-15T15:10:50.005408+00:00", "symbol": "BTC-USD"}, {"trade_id": 849675041, "side": "sell", "size": "0.02309323", "price": "116100.00000000", "time": "2025-07-15T15:10:10.156206Z", "fetched_at": "2025-07-15T15:10:50.005408+00:00", "symbol": "BTC-USD"}, {"trade_id": 849675040, "side": "sell", "size": "0.09957000", "price": "116100.00000000", "time": "2025-07-15T15:10:10.156195Z", "fetched_at": "2025-07-15T15:10:50.005408+00:00", "symbol": "BTC-USD"}, {"trade_id": 849675039, "side": "sell", "size": "0.03553628", "price": "116100.00000000", "time": "2025-07-15T15:10:10.155899Z", "fetched_at": "2025-07-15T15:10:50.005408+00:00", "symbol": "BTC-USD"}, {"trade_id": 849675038, "side": "sell", "size": "0.46558443", "price": "116100.00000000", "time": "2025-07-15T15:10:10.155582Z", "fetched_at": "2025-07-15T15:10:50.005408+00:00", "symbol": "BTC-USD"}, {"trade_id": 849675037, "side": "sell", "size": "0.00753800", "price": "116100.00000000", "time": "2025-07-15T15:10:10.154301Z", "fetched_at": "2025-07-15T15:10:50.005408+00:00", "symbol": "BTC-USD"}, {"trade_id": 849675036, "side": "sell", "size": "0.41784175", "price": "116100.00000000", "time": "2025-07-15T15:10:10.153218Z", "fetched_at": "2025-07-15T15:10:50.005408+00:00", "symbol": "BTC-USD"}, {"trade_id": 849675035, "side": "sell", "size": "0.00186488", "price": "116100.00000000", "time": "2025-07-15T15:10:10.112459Z", "fetched_at": "2025-07-15T15:10:50.005408+00:00", "symbol": "BTC-USD"}, {"trade_id": 849675034, "side": "sell", "size": "0.02178471", "price": "116100.00000000", "time": "2025-07-15T15:10:10.036840Z", "fetched_at": "2025-07-15T15:10:50.005408+00:00", "symbol": "BTC-USD"}, {"trade_id": 849675033, "side": "sell", "size": "0.00837146", "price": "116100.00000000", "time": "2025-07-15T15:10:09.812986Z", "fetched_at": "2025-07-15T15:10:50.005408+00:00", "symbol": "BTC-USD"}, {"trade_id": 849675032, "side": "sell", "size": "0.00068248", "price": "116100.00000000", "time": "2025-07-15T15:10:09.696532Z", "fetched_at": "2025-07-15T15:10:50.005408+00:00", "symbol": "BTC-USD"}, {"trade_id": 849675031, "side": "sell", "size": "0.00752653", "price": "116100.00000000", "time": "2025-07-15T15:10:09.294072Z", "fetched_at": "2025-07-15T15:10:50.005408+00:00", "symbol": "BTC-USD"}, {"trade_id": 849675030, "side": "sell", "size": "0.00752653", "price": "116100.00000000", "time": "2025-07-15T15:10:09.289550Z", "fetched_at": "2025-07-15T15:10:50.005408+00:00", "symbol": "BTC-USD"}, {"trade_id": 849675029, "side": "sell", "size": "0.00272033", "price": "116100.00000000", "time": "2025-07-15T15:10:09.259718Z", "fetched_at": "2025-07-15T15:10:50.005408+00:00", "symbol": "BTC-USD"}, {"trade_id": 849675028, "side": "sell", "size": "0.00274783", "price": "116100.00000000", "time": "2025-07-15T15:10:09.094221Z", "fetched_at": "2025-07-15T15:10:50.005408+00:00", "symbol": "BTC-USD"}, {"trade_id": 849675027, "side": "buy", "size": "0.03000000", "price": "116099.99000000", "time": "2025-07-15T15:10:08.908989Z", "fetched_at": "2025-07-15T15:10:50.005408+00:00", "symbol": "BTC-USD"}, {"trade_id": 849675026, "side": "sell", "size": "0.12491261", "price": "116100.00000000", "time": "2025-07-15T15:10:08.642803Z", "fetched_at": "2025-07-15T15:10:50.005408+00:00", "symbol": "BTC-USD"}, {"trade_id": 849675025, "side": "buy", "size": "0.02446501", "price": "116098.24000000", "time": "2025-07-15T15:10:08.080237Z", "fetched_at": "2025-07-15T15:10:50.005408+00:00", "symbol": "BTC-USD"}, {"trade_id": 849675024, "side": "buy", "size": "0.00861339", "price": "116098.25000000", "time": "2025-07-15T15:10:08.080237Z", "fetched_at": "2025-07-15T15:10:50.005408+00:00", "symbol": "BTC-USD"}, {"trade_id": 849675023, "side": "buy", "size": "0.00298389", "price": "116099.99000000", "time": "2025-07-15T15:10:08.080237Z", "fetched_at": "2025-07-15T15:10:50.005408+00:00", "symbol": "BTC-USD"}, {"trade_id": 849675022, "side": "buy", "size": "0.03393868", "price": "116099.99000000", "time": "2025-07-15T15:10:08.080237Z", "fetched_at": "2025-07-15T15:10:50.005408+00:00", "symbol": "BTC-USD"}, {"trade_id": 849675021, "side": "buy", "size": "0.02899570", "price": "116099.99000000", "time": "2025-07-15T15:10:08.080237Z", "fetched_at": "2025-07-15T15:10:50.005408+00:00", "symbol": "BTC-USD"}, {"trade_id": 849675020, "side": "sell", "size": "0.00430663", "price": "116100.00000000", "time": "2025-07-15T15:10:07.989343Z", "fetched_at": "2025-07-15T15:10:50.005408+00:00", "symbol": "BTC-USD"}, {"trade_id": 849675019, "side": "sell", "size": "0.00017971", "price": "116100.00000000", "time": "2025-07-15T15:10:07.584612Z", "fetched_at": "2025-07-15T15:10:50.005408+00:00", "symbol": "BTC-USD"}, {"trade_id": 849675018, "side": "sell", "size": "0.11439855", "price": "116100.00000000", "time": "2025-07-15T15:10:07.470356Z", "fetched_at": "2025-07-15T15:10:50.005408+00:00", "symbol": "BTC-USD"}