[{"trade_id": 849707272, "side": "sell", "size": "1.00000000", "price": "116308.09000000", "time": "2025-07-15T15:39:30.295261Z", "fetched_at": "2025-07-15T15:39:32.482486+00:00", "symbol": "BTC-USD"}, {"trade_id": 849707271, "side": "sell", "size": "2.00000000", "price": "116308.09000000", "time": "2025-07-15T15:39:30.290389Z", "fetched_at": "2025-07-15T15:39:32.482486+00:00", "symbol": "BTC-USD"}, {"trade_id": 849707270, "side": "sell", "size": "0.01307297", "price": "116308.09000000", "time": "2025-07-15T15:39:30.241036Z", "fetched_at": "2025-07-15T15:39:32.482486+00:00", "symbol": "BTC-USD"}, {"trade_id": 849707269, "side": "sell", "size": "0.00144126", "price": "116308.09000000", "time": "2025-07-15T15:39:29.952155Z", "fetched_at": "2025-07-15T15:39:32.482486+00:00", "symbol": "BTC-USD"}, {"trade_id": 849707268, "side": "sell", "size": "0.02715585", "price": "116308.09000000", "time": "2025-07-15T15:39:29.495251Z", "fetched_at": "2025-07-15T15:39:32.482486+00:00", "symbol": "BTC-USD"}, {"trade_id": 849707267, "side": "buy", "size": "0.05613221", "price": "116308.09000000", "time": "2025-07-15T15:39:29.096292Z", "fetched_at": "2025-07-15T15:39:32.482486+00:00", "symbol": "BTC-USD"}, {"trade_id": 849707266, "side": "buy", "size": "0.02585549", "price": "116308.09000000", "time": "2025-07-15T15:39:29.096292Z", "fetched_at": "2025-07-15T15:39:32.482486+00:00", "symbol": "BTC-USD"}, {"trade_id": 849707265, "side": "buy", "size": "0.02560000", "price": "116308.09000000", "time": "2025-07-15T15:39:29.096292Z", "fetched_at": "2025-07-15T15:39:32.482486+00:00", "symbol": "BTC-USD"}, {"trade_id": 849707264, "side": "buy", "size": "0.11679932", "price": "116308.09000000", "time": "2025-07-15T15:39:29.096292Z", "fetched_at": "2025-07-15T15:39:32.482486+00:00", "symbol": "BTC-USD"}, {"trade_id": 849707263, "side": "buy", "size": "0.50443546", "price": "116308.09000000", "time": "2025-07-15T15:39:29.096292Z", "fetched_at": "2025-07-15T15:39:32.482486+00:00", "symbol": "BTC-USD"}, {"trade_id": 849707262, "side": "buy", "size": "0.00008598", "price": "116309.79000000", "time": "2025-07-15T15:39:29.096292Z", "fetched_at": "2025-07-15T15:39:32.482486+00:00", "symbol": "BTC-USD"}, {"trade_id": 849707261, "side": "buy", "size": "0.42969250", "price": "116309.82000000", "time": "2025-07-15T15:39:29.096292Z", "fetched_at": "2025-07-15T15:39:32.482486+00:00", "symbol": "BTC-USD"}, {"trade_id": 849707260, "side": "buy", "size": "0.00051600", "price": "116309.82000000", "time": "2025-07-15T15:39:29.096292Z", "fetched_at": "2025-07-15T15:39:32.482486+00:00", "symbol": "BTC-USD"}, {"trade_id": 849707259, "side": "buy", "size": "0.05038413", "price": "116309.82000000", "time": "2025-07-15T15:39:29.096292Z", "fetched_at": "2025-07-15T15:39:32.482486+00:00", "symbol": "BTC-USD"}, {"trade_id": 849707258, "side": "buy", "size": "0.00859700", "price": "116309.82000000", "time": "2025-07-15T15:39:29.096292Z", "fetched_at": "2025-07-15T15:39:32.482486+00:00", "symbol": "BTC-USD"}, {"trade_id": 849707257, "side": "buy", "size": "0.00143000", "price": "116309.82000000", "time": "2025-07-15T15:39:29.096292Z", "fetched_at": "2025-07-15T15:39:32.482486+00:00", "symbol": "BTC-USD"}, {"trade_id": 849707256, "side": "buy", "size": "0.13230000", "price": "116309.82000000", "time": "2025-07-15T15:39:29.096292Z", "fetched_at": "2025-07-15T15:39:32.482486+00:00", "symbol": "BTC-USD"}, {"trade_id": 849707255, "side": "buy", "size": "0.03500000", "price": "116309.83000000", "time": "2025-07-15T15:39:29.096292Z", "fetched_at": "2025-07-15T15:39:32.482486+00:00", "symbol": "BTC-USD"}, {"trade_id": 849707254, "side": "buy", "size": "0.05383319", "price": "116309.85000000", "time": "2025-07-15T15:39:29.096292Z", "fetched_at": "2025-07-15T15:39:32.482486+00:00", "symbol": "BTC-USD"}, {"trade_id": 849707253, "side": "buy", "size": "0.13230000", "price": "116321.44000000", "time": "2025-07-15T15:39:29.096292Z", "fetched_at": "2025-07-15T15:39:32.482486+00:00", "symbol": "BTC-USD"}, {"trade_id": 849707252, "side": "sell", "size": "0.00100209", "price": "116309.83000000", "time": "2025-07-15T15:39:29.091569Z", "fetched_at": "2025-07-15T15:39:32.482486+00:00", "symbol": "BTC-USD"}, {"trade_id": 849707251, "side": "sell", "size": "0.00265893", "price": "116309.83000000", "time": "2025-07-15T15:39:29.087803Z", "fetched_at": "2025-07-15T15:39:32.482486+00:00", "symbol": "BTC-USD"}, {"trade_id": 849707250, "side": "sell", "size": "0.00265893", "price": "116309.83000000", "time": "2025-07-15T15:39:29.084396Z", "fetched_at": "2025-07-15T15:39:32.482486+00:00", "symbol": "BTC-USD"}, {"trade_id": 849707249, "side": "sell", "size": "0.00227778", "price": "116309.83000000", "time": "2025-07-15T15:39:29.081029Z", "fetched_at": "2025-07-15T15:39:32.482486+00:00", "symbol": "BTC-USD"}, {"trade_id": 849707248, "side": "sell", "size": "0.00034840", "price": "116309.80000000", "time": "2025-07-15T15:39:29.081029Z", "fetched_at": "2025-07-15T15:39:32.482486+00:00", "symbol": "BTC-USD"}, {"trade_id": 849707247, "side": "sell", "size": "0.00000662", "price": "116309.80000000", "time": "2025-07-15T15:39:29.081029Z", "fetched_at": "2025-07-15T15:39:32.482486+00:00", "symbol": "BTC-USD"}, {"trade_id": 849707246, "side": "sell", "size": "0.00002613", "price": "116309.80000000", "time": "2025-07-15T15:39:29.081029Z", "fetched_at": "2025-07-15T15:39:32.482486+00:00", "symbol": "BTC-USD"}, {"trade_id": 849707245, "side": "sell", "size": "0.00211497", "price": "116308.09000000", "time": "2025-07-15T15:39:28.932540Z", "fetched_at": "2025-07-15T15:39:32.482486+00:00", "symbol": "BTC-USD"}, {"trade_id": 849707244, "side": "sell", "size": "0.00008512", "price": "116308.09000000", "time": "2025-07-15T15:39:28.765981Z", "fetched_at": "2025-07-15T15:39:32.482486+00:00", "symbol": "BTC-USD"}, {"trade_id": 849707243, "side": "sell", "size": "0.01914507", "price": "116308.09000000", "time": "2025-07-15T15:39:28.637351Z", "fetched_at": "2025-07-15T15:39:32.482486+00:00", "symbol": "BTC-USD"}, {"trade_id": 849707242, "side": "sell", "size": "0.01407228", "price": "116308.09000000", "time": "2025-07-15T15:39:28.324054Z", "fetched_at": "2025-07-15T15:39:32.482486+00:00", "symbol": "BTC-USD"}, {"trade_id": 849707241, "side": "sell", "size": "0.04177613", "price": "116308.09000000", "time": "2025-07-15T15:39:28.007407Z", "fetched_at": "2025-07-15T15:39:32.482486+00:00", "symbol": "BTC-USD"}, {"trade_id": 849707240, "side": "sell", "size": "0.18241137", "price": "116308.09000000", "time": "2025-07-15T15:39:27.863812Z", "fetched_at": "2025-07-15T15:39:32.482486+00:00", "symbol": "BTC-USD"}, {"trade_id": 849707239, "side": "sell", "size": "0.00308359", "price": "116308.09000000", "time": "2025-07-15T15:39:27.424222Z", "fetched_at": "2025-07-15T15:39:32.482486+00:00", "symbol": "BTC-USD"}, {"trade_id": 849707238, "side": "sell", "size": "0.00019880", "price": "116308.09000000", "time": "2025-07-15T15:39:27.255220Z", "fetched_at": "2025-07-15T15:39:32.482486+00:00", "symbol": "BTC-USD"}, {"trade_id": 849707237, "side": "sell", "size": "0.27326208", "price": "116308.09000000", "time": "2025-07-15T15:39:27.171467Z", "fetched_at": "2025-07-15T15:39:32.482486+00:00", "symbol": "BTC-USD"}, {"trade_id": 849707236, "side": "sell", "size": "0.00030483", "price": "116308.09000000", "time": "2025-07-15T15:39:26.926864Z", "fetched_at": "2025-07-15T15:39:32.482486+00:00", "symbol": "BTC-USD"}, {"trade_id": 849707235, "side": "sell", "size": "0.03785488", "price": "116308.09000000", "time": "2025-07-15T15:39:26.862469Z", "fetched_at": "2025-07-15T15:39:32.482486+00:00", "symbol": "BTC-USD"}, {"trade_id": 849707234, "side": "sell", "size": "0.00214000", "price": "116308.09000000", "time": "2025-07-15T15:39:26.792231Z", "fetched_at": "2025-07-15T15:39:32.482486+00:00", "symbol": "BTC-USD"}, {"trade_id": 849707233, "side": "sell", "size": "0.01374601", "price": "116308.09000000", "time": "2025-07-15T15:39:26.732021Z", "fetched_at": "2025-07-15T15:39:32.482486+00:00", "symbol": "BTC-USD"}, {"trade_id": 849707232, "side": "sell", "size": "0.01652356", "price": "116308.09000000", "time": "2025-07-15T15:39:26.717296Z", "fetched_at": "2025-07-15T15:39:32.482486+00:00", "symbol": "BTC-USD"}, {"trade_id": 849707231, "side": "sell", "size": "0.00671714", "price": "116308.09000000", "time": "2025-07-15T15:39:26.716551Z", "fetched_at": "2025-07-15T15:39:32.482486+00:00", "symbol": "BTC-USD"}, {"trade_id": 849707230, "side": "sell", "size": "0.01708277", "price": "116308.09000000", "time": "2025-07-15T15:39:26.713250Z", "fetched_at": "2025-07-15T15:39:32.482486+00:00", "symbol": "BTC-USD"}, {"trade_id": 849707229, "side": "sell", "size": "0.00252061", "price": "116308.09000000", "time": "2025-07-15T15:39:26.703577Z", "fetched_at": "2025-07-15T15:39:32.482486+00:00", "symbol": "BTC-USD"}, {"trade_id": 849707228, "side": "sell", "size": "0.04225000", "price": "116308.09000000", "time": "2025-07-15T15:39:26.693823Z", "fetched_at": "2025-07-15T15:39:32.482486+00:00", "symbol": "BTC-USD"}, {"trade_id": 849707227, "side": "sell", "size": "0.01170781", "price": "116308.09000000", "time": "2025-07-15T15:39:26.688418Z", "fetched_at": "2025-07-15T15:39:32.482486+00:00", "symbol": "BTC-USD"}, {"trade_id": 849707226, "side": "sell", "size": "0.01492771", "price": "116308.09000000", "time": "2025-07-15T15:39:26.688244Z", "fetched_at": "2025-07-15T15:39:32.482486+00:00", "symbol": "BTC-USD"}, {"trade_id": 849707225, "side": "sell", "size": "0.02691523", "price": "116308.09000000", "time": "2025-07-15T15:39:26.686305Z", "fetched_at": "2025-07-15T15:39:32.482486+00:00", "symbol": "BTC-USD"}, {"trade_id": 849707224, "side": "sell", "size": "0.00282309", "price": "116308.09000000", "time": "2025-07-15T15:39:26.685189Z", "fetched_at": "2025-07-15T15:39:32.482486+00:00", "symbol": "BTC-USD"}, {"trade_id": 849707223, "side": "sell", "size": "0.01212401", "price": "116308.09000000", "time": "2025-07-15T15:39:26.683925Z", "fetched_at": "2025-07-15T15:39:32.482486+00:00", "symbol": "BTC-USD"}, {"trade_id": 849707222, "side": "sell", "size": "0.00270800", "price": "116308.09000000", "time": "2025-07-15T15:39:26.680535Z", "fetched_at": "2025-07-15T15:39:32.482486+00:00", "symbol": "BTC-USD"}, {"trade_id": 849707221, "side": "sell", "size": "0.08533898", "price": "116308.09000000", "time": "2025-07-15T15:39:26.608480Z", "fetched_at": "2025-07-15T15:39:32.482486+00:00", "symbol": "BTC-USD"}, {"trade_id": 849707220, "side": "sell", "size": "0.01200000", "price": "116308.09000000", "time": "2025-07-15T15:39:26.366693Z", "fetched_at": "2025-07-15T15:39:32.482486+00:00", "symbol": "BTC-USD"}, {"trade_id": 849707219, "side": "sell", "size": "0.01300000", "price": "116308.09000000", "time": "2025-07-15T15:39:26.364665Z", "fetched_at": "2025-07-15T15:39:32.482486+00:00", "symbol": "BTC-USD"}, {"trade_id": 849707218, "side": "sell", "size": "0.00335037", "price": "116308.09000000", "time": "2025-07-15T15:39:26.352832Z", "fetched_at": "2025-07-15T15:39:32.482486+00:00", "symbol": "BTC-USD"}, {"trade_id": 849707217, "side": "sell", "size": "0.00632235", "price": "116308.09000000", "time": "2025-07-15T15:39:26.256285Z", "fetched_at": "2025-07-15T15:39:32.482486+00:00", "symbol": "BTC-USD"}, {"trade_id": 849707216, "side": "sell", "size": "0.00018380", "price": "116308.09000000", "time": "2025-07-15T15:39:26.232215Z", "fetched_at": "2025-07-15T15:39:32.482486+00:00", "symbol": "BTC-USD"}, {"trade_id": 849707215, "side": "sell", "size": "0.00714271", "price": "116308.09000000", "time": "2025-07-15T15:39:26.142143Z", "fetched_at": "2025-07-15T15:39:32.482486+00:00", "symbol": "BTC-USD"}, {"trade_id": 849707214, "side": "sell", "size": "0.00109752", "price": "116308.09000000", "time": "2025-07-15T15:39:26.118889Z", "fetched_at": "2025-07-15T15:39:32.482486+00:00", "symbol": "BTC-USD"}, {"trade_id": 849707213, "side": "sell", "size": "0.03568844", "price": "116308.09000000", "time": "2025-07-15T15:39:26.110643Z", "fetched_at": "2025-07-15T15:39:32.482486+00:00", "symbol": "BTC-USD"}, {"trade_id": 849707212, "side": "buy", "size": "0.00000493", "price": "116308.08000000", "time": "2025-07-15T15:39:26.045290Z", "fetched_at": "2025-07-15T15:39:32.482486+00:00", "symbol": "BTC-USD"}, {"trade_id": 849707211, "side": "sell", "size": "0.00041766", "price": "116308.09000000", "time": "2025-07-15T15:39:24.153485Z", "fetched_at": "2025-07-15T15:39:32.482486+00:00", "symbol": "BTC-USD"}, {"trade_id": 849707210, "side": "sell", "size": "0.00582902", "price": "116308.09000000", "time": "2025-07-15T15:39:23.998079Z", "fetched_at": "2025-07-15T15:39:32.482486+00:00", "symbol": "BTC-USD"}, {"trade_id": 849707209, "side": "buy", "size": "1.00000000", "price": "116308.22000000", "time": "2025-07-15T15:39:23.951889Z", "fetched_at": "2025-07-15T15:39:32.482486+00:00", "symbol": "BTC-USD"}, {"trade_id": 849707208, "side": "buy", "size": "0.03500000", "price": "116308.22000000", "time": "2025-07-15T15:39:23.951889Z", "fetched_at": "2025-07-15T15:39:32.482486+00:00", "symbol": "BTC-USD"}, {"trade_id": 849707207, "side": "buy", "size": "0.00143000", "price": "116308.22000000", "time": "2025-07-15T15:39:23.951889Z", "fetched_at": "2025-07-15T15:39:32.482486+00:00", "symbol": "BTC-USD"}, {"trade_id": 849707206, "side": "sell", "size": "0.00427850", "price": "116308.23000000", "time": "2025-07-15T15:39:23.909658Z", "fetched_at": "2025-07-15T15:39:32.482486+00:00", "symbol": "BTC-USD"}, {"trade_id": 849707205, "side": "sell", "size": "0.02284292", "price": "116308.23000000", "time": "2025-07-15T15:39:23.895439Z", "fetched_at": "2025-07-15T15:39:32.482486+00:00", "symbol": "BTC-USD"}, {"trade_id": 849707204, "side": "sell", "size": "0.03010169", "price": "116308.13000000", "time": "2025-07-15T15:39:23.895439Z", "fetched_at": "2025-07-15T15:39:32.482486+00:00", "symbol": "BTC-USD"}, {"trade_id": 849707203, "side": "sell", "size": "0.03650244", "price": "116308.13000000", "time": "2025-07-15T15:39:23.888445Z", "fetched_at": "2025-07-15T15:39:32.482486+00:00", "symbol": "BTC-USD"}, {"trade_id": 849707202, "side": "sell", "size": "0.08882919", "price": "116308.12000000", "time": "2025-07-15T15:39:23.888445Z", "fetched_at": "2025-07-15T15:39:32.482486+00:00", "symbol": "BTC-USD"}, {"trade_id": 849707201, "side": "sell", "size": "0.00827220", "price": "116308.09000000", "time": "2025-07-15T15:39:23.888445Z", "fetched_at": "2025-07-15T15:39:32.482486+00:00", "symbol": "BTC-USD"}, {"trade_id": 849707200, "side": "sell", "size": "0.01252622", "price": "116308.09000000", "time": "2025-07-15T15:39:23.883678Z", "fetched_at": "2025-07-15T15:39:32.482486+00:00", "symbol": "BTC-USD"}, {"trade_id": 849707199, "side": "sell", "size": "0.01929752", "price": "116308.09000000", "time": "2025-07-15T15:39:23.842375Z", "fetched_at": "2025-07-15T15:39:32.482486+00:00", "symbol": "BTC-USD"}, {"trade_id": 849707198, "side": "sell", "size": "0.00273829", "price": "116308.09000000", "time": "2025-07-15T15:39:23.837113Z", "fetched_at": "2025-07-15T15:39:32.482486+00:00", "symbol": "BTC-USD"}, {"trade_id": 849707197, "side": "sell", "size": "0.00372203", "price": "116308.09000000", "time": "2025-07-15T15:39:23.833629Z", "fetched_at": "2025-07-15T15:39:32.482486+00:00", "symbol": "BTC-USD"}, {"trade_id": 849707196, "side": "sell", "size": "0.00527674", "price": "116308.09000000", "time": "2025-07-15T15:39:23.829232Z", "fetched_at": "2025-07-15T15:39:32.482486+00:00", "symbol": "BTC-USD"}, {"trade_id": 849707195, "side": "sell", "size": "0.00527674", "price": "116308.09000000", "time": "2025-07-15T15:39:23.824932Z", "fetched_at": "2025-07-15T15:39:32.482486+00:00", "symbol": "BTC-USD"}, {"trade_id": 849707194, "side": "sell", "size": "0.00527674", "price": "116308.09000000", "time": "2025-07-15T15:39:23.818924Z", "fetched_at": "2025-07-15T15:39:32.482486+00:00", "symbol": "BTC-USD"}, {"trade_id": 849707193, "side": "sell", "size": "0.01511794", "price": "116308.09000000", "time": "2025-07-15T15:39:23.808794Z", "fetched_at": "2025-07-15T15:39:32.482486+00:00", "symbol": "BTC-USD"}, {"trade_id": 849707192, "side": "sell", "size": "0.01230397", "price": "116308.09000000", "time": "2025-07-15T15:39:23.797867Z", "fetched_at": "2025-07-15T15:39:32.482486+00:00", "symbol": "BTC-USD"}, {"trade_id": 849707191, "side": "buy", "size": "0.02751018", "price": "116308.86000000", "time": "2025-07-15T15:39:23.345718Z", "fetched_at": "2025-07-15T15:39:32.482486+00:00", "symbol": "BTC-USD"}, {"trade_id": 849707190, "side": "buy", "size": "0.03500000", "price": "116308.86000000", "time": "2025-07-15T15:39:23.345718Z", "fetched_at": "2025-07-15T15:39:32.482486+00:00", "symbol": "BTC-USD"}, {"trade_id": 849707189, "side": "buy", "size": "0.00130000", "price": "116309.79000000", "time": "2025-07-15T15:39:23.345718Z", "fetched_at": "2025-07-15T15:39:32.482486+00:00", "symbol": "BTC-USD"}, {"trade_id": 849707188, "side": "buy", "size": "0.00001493", "price": "116310.03000000", "time": "2025-07-15T15:39:23.345718Z", "fetched_at": "2025-07-15T15:39:32.482486+00:00", "symbol": "BTC-USD"}, {"trade_id": 849707187, "side": "buy", "size": "0.00001119", "price": "116310.08000000", "time": "2025-07-15T15:39:23.345718Z", "fetched_at": "2025-07-15T15:39:32.482486+00:00", "symbol": "BTC-USD"}, {"trade_id": 849707186, "side": "buy", "size": "0.00130000", "price": "116310.54000000", "time": "2025-07-15T15:39:23.345718Z", "fetched_at": "2025-07-15T15:39:32.482486+00:00", "symbol": "BTC-USD"}, {"trade_id": 849707185, "side": "buy", "size": "0.00130000", "price": "116311.77000000", "time": "2025-07-15T15:39:23.345718Z", "fetched_at": "2025-07-15T15:39:32.482486+00:00", "symbol": "BTC-USD"}, {"trade_id": 849707184, "side": "buy", "size": "0.00130000", "price": "116312.94000000", "time": "2025-07-15T15:39:23.345718Z", "fetched_at": "2025-07-15T15:39:32.482486+00:00", "symbol": "BTC-USD"}, {"trade_id": 849707183, "side": "sell", "size": "0.03348961", "price": "116315.52000000", "time": "2025-07-15T15:39:23.345089Z", "fetched_at": "2025-07-15T15:39:32.482486+00:00", "symbol": "BTC-USD"}, {"trade_id": 849707182, "side": "sell", "size": "0.00859767", "price": "116310.55000000", "time": "2025-07-15T15:39:23.341883Z", "fetched_at": "2025-07-15T15:39:32.482486+00:00", "symbol": "BTC-USD"}, {"trade_id": 849707181, "side": "sell", "size": "0.00020256", "price": "116309.80000000", "time": "2025-07-15T15:39:23.341883Z", "fetched_at": "2025-07-15T15:39:32.482486+00:00", "symbol": "BTC-USD"}, {"trade_id": 849707180, "side": "sell", "size": "0.00000214", "price": "116309.80000000", "time": "2025-07-15T15:39:23.341883Z", "fetched_at": "2025-07-15T15:39:32.482486+00:00", "symbol": "BTC-USD"}, {"trade_id": 849707179, "side": "sell", "size": "0.00000664", "price": "116309.80000000", "time": "2025-07-15T15:39:23.341883Z", "fetched_at": "2025-07-15T15:39:32.482486+00:00", "symbol": "BTC-USD"}, {"trade_id": 849707178, "side": "sell", "size": "0.00048901", "price": "116308.82000000", "time": "2025-07-15T15:39:23.212851Z", "fetched_at": "2025-07-15T15:39:32.482486+00:00", "symbol": "BTC-USD"}, {"trade_id": 849707177, "side": "sell", "size": "0.02331854", "price": "116308.82000000", "time": "2025-07-15T15:39:23.171554Z", "fetched_at": "2025-07-15T15:39:32.482486+00:00", "symbol": "BTC-USD"}, {"trade_id": 849707176, "side": "sell", "size": "0.00416258", "price": "116308.82000000", "time": "2025-07-15T15:39:23.142290Z", "fetched_at": "2025-07-15T15:39:32.482486+00:00", "symbol": "BTC-USD"}, {"trade_id": 849707175, "side": "sell", "size": "0.01232260", "price": "116308.81000000", "time": "2025-07-15T15:39:23.142290Z", "fetched_at": "2025-07-15T15:39:32.482486+00:00", "symbol": "BTC-USD"}, {"trade_id": 849707174, "side": "sell", "size": "0.00000112", "price": "116308.80000000", "time": "2025-07-15T15:39:23.095775Z", "fetched_at": "2025-07-15T15:39:32.482486+00:00", "symbol": "BTC-USD"}, {"trade_id": 849707173, "side": "sell", "size": "0.00157477", "price": "116308.80000000", "time": "2025-07-15T15:39:22.977595Z", "fetched_at": "2025-07-15T15:39:32.482486+00:00", "symbol": "BTC-USD"}, {"trade_id": 849707172, "side": "sell", "size": "0.00157477", "price": "116308.80000000", "time": "2025-07-15T15:39:22.973851Z", "fetched_at": "2025-07-15T15:39:32.482486+00:00", "symbol": "BTC-USD"}, {"trade_id": 849707171, "side": "sell", "size": "0.00157477", "price": "116308.80000000", "time": "2025-07-15T15:39:22.970252Z", "fetched_at": "2025-07-15T15:39:32.482486+00:00", "symbol": "BTC-USD"}, {"trade_id": 849707170, "side": "sell", "size": "0.02963049", "price": "116309.66000000", "time": "2025-07-15T15:39:22.764172Z", "fetched_at": "2025-07-15T15:39:32.482486+00:00", "symbol": "BTC-USD"}, {"trade_id": 849707169, "side": "buy", "size": "0.00930796", "price": "116308.06000000", "time": "2025-07-15T15:39:22.716925Z", "fetched_at": "2025-07-15T15:39:32.482486+00:00", "symbol": "BTC-USD"}, {"trade_id": 849707168, "side": "buy", "size": "0.00030500", "price": "116309.65000000", "time": "2025-07-15T15:39:22.716925Z", "fetched_at": "2025-07-15T15:39:32.482486+00:00", "symbol": "BTC-USD"}, {"trade_id": 849707167, "side": "buy", "size": "0.00130000", "price": "116309.65000000", "time": "2025-07-15T15:39:22.716925Z", "fetched_at": "2025-07-15T15:39:32.482486+00:00", "symbol": "BTC-USD"}, {"trade_id": 849707166, "side": "sell", "size": "0.00083555", "price": "116309.66000000", "time": "2025-07-15T15:39:22.562695Z", "fetched_at": "2025-07-15T15:39:32.482486+00:00", "symbol": "BTC-USD"}, {"trade_id": 849707165, "side": "sell", "size": "0.01027747", "price": "116309.66000000", "time": "2025-07-15T15:39:22.548485Z", "fetched_at": "2025-07-15T15:39:32.482486+00:00", "symbol": "BTC-USD"}, {"trade_id": 849707164, "side": "sell", "size": "0.26851720", "price": "116301.54000000", "time": "2025-07-15T15:39:21.867008Z", "fetched_at": "2025-07-15T15:39:32.482486+00:00", "symbol": "BTC-USD"}, {"trade_id": 849707163, "side": "sell", "size": "0.02080162", "price": "116301.53000000", "time": "2025-07-15T15:39:21.867008Z", "fetched_at": "2025-07-15T15:39:32.482486+00:00", "symbol": "BTC-USD"}, {"trade_id": 849707162, "side": "sell", "size": "0.00021134", "price": "116301.54000000", "time": "2025-07-15T15:39:21.861559Z", "fetched_at": "2025-07-15T15:39:32.482486+00:00", "symbol": "BTC-USD"}, {"trade_id": 849707161, "side": "buy", "size": "0.11029156", "price": "116301.54000000", "time": "2025-07-15T15:39:21.859394Z", "fetched_at": "2025-07-15T15:39:32.482486+00:00", "symbol": "BTC-USD"}, {"trade_id": 849707160, "side": "buy", "size": "0.00001152", "price": "116302.79000000", "time": "2025-07-15T15:39:21.859394Z", "fetched_at": "2025-07-15T15:39:32.482486+00:00", "symbol": "BTC-USD"}, {"trade_id": 849707159, "side": "buy", "size": "0.35737474", "price": "116303.28000000", "time": "2025-07-15T15:39:21.859394Z", "fetched_at": "2025-07-15T15:39:32.482486+00:00", "symbol": "BTC-USD"}, {"trade_id": 849707158, "side": "buy", "size": "0.21318541", "price": "116303.28000000", "time": "2025-07-15T15:39:21.859394Z", "fetched_at": "2025-07-15T15:39:32.482486+00:00", "symbol": "BTC-USD"}, {"trade_id": 849707157, "side": "buy", "size": "0.04678188", "price": "116303.30000000", "time": "2025-07-15T15:39:21.859394Z", "fetched_at": "2025-07-15T15:39:32.482486+00:00", "symbol": "BTC-USD"}, {"trade_id": 849707156, "side": "buy", "size": "0.00008599", "price": "116303.31000000", "time": "2025-07-15T15:39:21.859394Z", "fetched_at": "2025-07-15T15:39:32.482486+00:00", "symbol": "BTC-USD"}, {"trade_id": 849707155, "side": "buy", "size": "0.00001066", "price": "116305.13000000", "time": "2025-07-15T15:39:21.859394Z", "fetched_at": "2025-07-15T15:39:32.482486+00:00", "symbol": "BTC-USD"}, {"trade_id": 849707154, "side": "buy", "size": "0.00859700", "price": "116306.18000000", "time": "2025-07-15T15:39:21.859394Z", "fetched_at": "2025-07-15T15:39:32.482486+00:00", "symbol": "BTC-USD"}, {"trade_id": 849707153, "side": "buy", "size": "0.00130000", "price": "116308.04000000", "time": "2025-07-15T15:39:21.859394Z", "fetched_at": "2025-07-15T15:39:32.482486+00:00", "symbol": "BTC-USD"}, {"trade_id": 849707152, "side": "sell", "size": "0.00880955", "price": "116308.05000000", "time": "2025-07-15T15:39:21.822319Z", "fetched_at": "2025-07-15T15:39:32.482486+00:00", "symbol": "BTC-USD"}, {"trade_id": 849707151, "side": "sell", "size": "0.00859821", "price": "116303.28000000", "time": "2025-07-15T15:39:21.819192Z", "fetched_at": "2025-07-15T15:39:32.482486+00:00", "symbol": "BTC-USD"}, {"trade_id": 849707150, "side": "sell", "size": "0.10914994", "price": "116301.54000000", "time": "2025-07-15T15:39:21.761400Z", "fetched_at": "2025-07-15T15:39:32.482486+00:00", "symbol": "BTC-USD"}, {"trade_id": 849707149, "side": "sell", "size": "0.01629247", "price": "116301.54000000", "time": "2025-07-15T15:39:21.761014Z", "fetched_at": "2025-07-15T15:39:32.482486+00:00", "symbol": "BTC-USD"}, {"trade_id": 849707148, "side": "sell", "size": "0.00598666", "price": "116301.54000000", "time": "2025-07-15T15:39:21.753318Z", "fetched_at": "2025-07-15T15:39:32.482486+00:00", "symbol": "BTC-USD"}, {"trade_id": 849707147, "side": "sell", "size": "0.00420966", "price": "116301.54000000", "time": "2025-07-15T15:39:21.752593Z", "fetched_at": "2025-07-15T15:39:32.482486+00:00", "symbol": "BTC-USD"}, {"trade_id": 849707146, "side": "sell", "size": "0.02149982", "price": "116301.54000000", "time": "2025-07-15T15:39:21.748094Z", "fetched_at": "2025-07-15T15:39:32.482486+00:00", "symbol": "BTC-USD"}, {"trade_id": 849707145, "side": "sell", "size": "0.00524318", "price": "116301.54000000", "time": "2025-07-15T15:39:21.746602Z", "fetched_at": "2025-07-15T15:39:32.482486+00:00", "symbol": "BTC-USD"}, {"trade_id": 849707144, "side": "sell", "size": "0.52570663", "price": "116301.54000000", "time": "2025-07-15T15:39:21.742169Z", "fetched_at": "2025-07-15T15:39:32.482486+00:00", "symbol": "BTC-USD"}, {"trade_id": 849707143, "side": "sell", "size": "0.00655956", "price": "116301.54000000", "time": "2025-07-15T15:39:21.741961Z", "fetched_at": "2025-07-15T15:39:32.482486+00:00", "symbol": "BTC-USD"}, {"trade_id": 849707142, "side": "buy", "size": "0.41648343", "price": "116301.53000000", "time": "2025-07-15T15:39:21.701906Z", "fetched_at": "2025-07-15T15:39:32.482486+00:00", "symbol": "BTC-USD"}, {"trade_id": 849707141, "side": "buy", "size": "0.00130000", "price": "116301.53000000", "time": "2025-07-15T15:39:21.701906Z", "fetched_at": "2025-07-15T15:39:32.482486+00:00", "symbol": "BTC-USD"}, {"trade_id": 849707140, "side": "sell", "size": "0.00021134", "price": "116301.54000000", "time": "2025-07-15T15:39:21.624606Z", "fetched_at": "2025-07-15T15:39:32.482486+00:00", "symbol": "BTC-USD"}, {"trade_id": 849707139, "side": "buy", "size": "0.00130000", "price": "116302.51000000", "time": "2025-07-15T15:39:21.621827Z", "fetched_at": "2025-07-15T15:39:32.482486+00:00", "symbol": "BTC-USD"}, {"trade_id": 849707138, "side": "buy", "size": "0.00001922", "price": "116306.91000000", "time": "2025-07-15T15:39:21.621827Z", "fetched_at": "2025-07-15T15:39:32.482486+00:00", "symbol": "BTC-USD"}, {"trade_id": 849707137, "side": "buy", "size": "0.00001485", "price": "116307.05000000", "time": "2025-07-15T15:39:21.621827Z", "fetched_at": "2025-07-15T15:39:32.482486+00:00", "symbol": "BTC-USD"}, {"trade_id": 849707136, "side": "buy", "size": "0.00001981", "price": "116307.17000000", "time": "2025-07-15T15:39:21.621827Z", "fetched_at": "2025-07-15T15:39:32.482486+00:00", "symbol": "BTC-USD"}, {"trade_id": 849707135, "side": "buy", "size": "0.00002641", "price": "116308.17000000", "time": "2025-07-15T15:39:21.621827Z", "fetched_at": "2025-07-15T15:39:32.482486+00:00", "symbol": "BTC-USD"}, {"trade_id": 849707134, "side": "sell", "size": "0.00859827", "price": "116302.52000000", "time": "2025-07-15T15:39:21.618662Z", "fetched_at": "2025-07-15T15:39:32.482486+00:00", "symbol": "BTC-USD"}, {"trade_id": 849707133, "side": "sell", "size": "0.04138692", "price": "116300.78000000", "time": "2025-07-15T15:39:21.611150Z", "fetched_at": "2025-07-15T15:39:32.482486+00:00", "symbol": "BTC-USD"}, {"trade_id": 849707132, "side": "sell", "size": "0.00083511", "price": "116300.78000000", "time": "2025-07-15T15:39:21.534826Z", "fetched_at": "2025-07-15T15:39:32.482486+00:00", "symbol": "BTC-USD"}, {"trade_id": 849707131, "side": "sell", "size": "0.00123956", "price": "116300.78000000", "time": "2025-07-15T15:39:21.068326Z", "fetched_at": "2025-07-15T15:39:32.482486+00:00", "symbol": "BTC-USD"}, {"trade_id": 849707130, "side": "sell", "size": "0.06634004", "price": "116300.62000000", "time": "2025-07-15T15:39:20.994284Z", "fetched_at": "2025-07-15T15:39:32.482486+00:00", "symbol": "BTC-USD"}, {"trade_id": 849707129, "side": "sell", "size": "0.03924324", "price": "116300.62000000", "time": "2025-07-15T15:39:20.753410Z", "fetched_at": "2025-07-15T15:39:32.482486+00:00", "symbol": "BTC-USD"}, {"trade_id": 849707128, "side": "sell", "size": "0.14247345", "price": "116300.62000000", "time": "2025-07-15T15:39:20.738925Z", "fetched_at": "2025-07-15T15:39:32.482486+00:00", "symbol": "BTC-USD"}, {"trade_id": 849707127, "side": "sell", "size": "0.00009102", "price": "116300.62000000", "time": "2025-07-15T15:39:20.635801Z", "fetched_at": "2025-07-15T15:39:32.482486+00:00", "symbol": "BTC-USD"}, {"trade_id": 849707126, "side": "sell", "size": "0.00045482", "price": "116300.62000000", "time": "2025-07-15T15:39:20.579765Z", "fetched_at": "2025-07-15T15:39:32.482486+00:00", "symbol": "BTC-USD"}, {"trade_id": 849707125, "side": "sell", "size": "0.00012761", "price": "116300.62000000", "time": "2025-07-15T15:39:20.511265Z", "fetched_at": "2025-07-15T15:39:32.482486+00:00", "symbol": "BTC-USD"}, {"trade_id": 849707124, "side": "buy", "size": "0.02720748", "price": "116300.00000000", "time": "2025-07-15T15:39:20.429472Z", "fetched_at": "2025-07-15T15:39:32.482486+00:00", "symbol": "BTC-USD"}, {"trade_id": 849707123, "side": "buy", "size": "0.00000137", "price": "116300.01000000", "time": "2025-07-15T15:39:20.429472Z", "fetched_at": "2025-07-15T15:39:32.482486+00:00", "symbol": "BTC-USD"}, {"trade_id": 849707122, "side": "buy", "size": "0.00317995", "price": "116300.01000000", "time": "2025-07-15T15:39:20.429472Z", "fetched_at": "2025-07-15T15:39:32.482486+00:00", "symbol": "BTC-USD"}, {"trade_id": 849707121, "side": "sell", "size": "0.00040753", "price": "116301.22000000", "time": "2025-07-15T15:39:20.365283Z", "fetched_at": "2025-07-15T15:39:32.482486+00:00", "symbol": "BTC-USD"}, {"trade_id": 849707120, "side": "sell", "size": "0.00104388", "price": "116302.45000000", "time": "2025-07-15T15:39:20.266676Z", "fetched_at": "2025-07-15T15:39:32.482486+00:00", "symbol": "BTC-USD"}, {"trade_id": 849707119, "side": "sell", "size": "0.00013164", "price": "116302.45000000", "time": "2025-07-15T15:39:20.264386Z", "fetched_at": "2025-07-15T15:39:32.482486+00:00", "symbol": "BTC-USD"}, {"trade_id": 849707118, "side": "sell", "size": "0.00091224", "price": "116302.44000000", "time": "2025-07-15T15:39:20.264386Z", "fetched_at": "2025-07-15T15:39:32.482486+00:00", "symbol": "BTC-USD"}, {"trade_id": 849707117, "side": "sell", "size": "0.00104388", "price": "116302.44000000", "time": "2025-07-15T15:39:20.259928Z", "fetched_at": "2025-07-15T15:39:32.482486+00:00", "symbol": "BTC-USD"}, {"trade_id": 849707116, "side": "sell", "size": "0.00104388", "price": "116302.44000000", "time": "2025-07-15T15:39:20.256035Z", "fetched_at": "2025-07-15T15:39:32.482486+00:00", "symbol": "BTC-USD"}, {"trade_id": 849707115, "side": "sell", "size": "0.00097000", "price": "116302.44000000", "time": "2025-07-15T15:39:20.055371Z", "fetched_at": "2025-07-15T15:39:32.482486+00:00", "symbol": "BTC-USD"}, {"trade_id": 849707114, "side": "sell", "size": "0.00154468", "price": "116306.62000000", "time": "2025-07-15T15:39:19.935819Z", "fetched_at": "2025-07-15T15:39:32.482486+00:00", "symbol": "BTC-USD"}, {"trade_id": 849707113, "side": "sell", "size": "0.00072766", "price": "116304.88000000", "time": "2025-07-15T15:39:19.935819Z", "fetched_at": "2025-07-15T15:39:32.482486+00:00", "symbol": "BTC-USD"}, {"trade_id": 849707112, "side": "sell", "size": "0.00227234", "price": "116304.88000000", "time": "2025-07-15T15:39:19.930439Z", "fetched_at": "2025-07-15T15:39:32.482486+00:00", "symbol": "BTC-USD"}, {"trade_id": 849707111, "side": "sell", "size": "0.00300000", "price": "116304.88000000", "time": "2025-07-15T15:39:19.657766Z", "fetched_at": "2025-07-15T15:39:32.482486+00:00", "symbol": "BTC-USD"}, {"trade_id": 849707110, "side": "sell", "size": "0.03500000", "price": "116304.89000000", "time": "2025-07-15T15:39:19.624785Z", "fetched_at": "2025-07-15T15:39:32.482486+00:00", "symbol": "BTC-USD"}, {"trade_id": 849707109, "side": "buy", "size": "0.00049181", "price": "116300.00000000", "time": "2025-07-15T15:39:19.539228Z", "fetched_at": "2025-07-15T15:39:32.482486+00:00", "symbol": "BTC-USD"}, {"trade_id": 849707108, "side": "buy", "size": "0.00021334", "price": "116300.00000000", "time": "2025-07-15T15:39:19.539228Z", "fetched_at": "2025-07-15T15:39:32.482486+00:00", "symbol": "BTC-USD"}, {"trade_id": 849707107, "side": "buy", "size": "0.00002586", "price": "116303.13000000", "time": "2025-07-15T15:39:19.539228Z", "fetched_at": "2025-07-15T15:39:32.482486+00:00", "symbol": "BTC-USD"}, {"trade_id": 849707106, "side": "buy", "size": "0.00000481", "price": "116304.87000000", "time": "2025-07-15T15:39:19.214845Z", "fetched_at": "2025-07-15T15:39:32.482486+00:00", "symbol": "BTC-USD"}, {"trade_id": 849707105, "side": "buy", "size": "0.00009900", "price": "116304.87000000", "time": "2025-07-15T15:39:19.214845Z", "fetched_at": "2025-07-15T15:39:32.482486+00:00", "symbol": "BTC-USD"}, {"trade_id": 849707104, "side": "buy", "size": "0.00145302", "price": "116304.84000000", "time": "2025-07-15T15:39:18.918637Z", "fetched_at": "2025-07-15T15:39:32.482486+00:00", "symbol": "BTC-USD"}, {"trade_id": 849707103, "side": "buy", "size": "0.00004969", "price": "116304.87000000", "time": "2025-07-15T15:39:18.918637Z", "fetched_at": "2025-07-15T15:39:32.482486+00:00", "symbol": "BTC-USD"}, {"trade_id": 849707102, "side": "sell", "size": "0.00115462", "price": "116304.89000000", "time": "2025-07-15T15:39:18.895290Z", "fetched_at": "2025-07-15T15:39:32.482486+00:00", "symbol": "BTC-USD"}, {"trade_id": 849707101, "side": "sell", "size": "0.00115462", "price": "116304.88000000", "time": "2025-07-15T15:39:18.892002Z", "fetched_at": "2025-07-15T15:39:32.482486+00:00", "symbol": "BTC-USD"}, {"trade_id": 849707100, "side": "sell", "size": "0.00184538", "price": "116304.88000000", "time": "2025-07-15T15:39:18.887812Z", "fetched_at": "2025-07-15T15:39:32.482486+00:00", "symbol": "BTC-USD"}, {"trade_id": 849707099, "side": "sell", "size": "0.00106624", "price": "116304.89000000", "time": "2025-07-15T15:39:18.651129Z", "fetched_at": "2025-07-15T15:39:32.482486+00:00", "symbol": "BTC-USD"}, {"trade_id": 849707098, "side": "sell", "size": "0.00300000", "price": "116304.88000000", "time": "2025-07-15T15:39:18.651129Z", "fetched_at": "2025-07-15T15:39:32.482486+00:00", "symbol": "BTC-USD"}, {"trade_id": 849707097, "side": "sell", "size": "0.00042523", "price": "116304.88000000", "time": "2025-07-15T15:39:18.472305Z", "fetched_at": "2025-07-15T15:39:32.482486+00:00", "symbol": "BTC-USD"}, {"trade_id": 849707096, "side": "sell", "size": "0.00344062", "price": "116304.88000000", "time": "2025-07-15T15:39:18.374325Z", "fetched_at": "2025-07-15T15:39:32.482486+00:00", "symbol": "BTC-USD"}, {"trade_id": 849707095, "side": "sell", "size": "0.00829708", "price": "116304.88000000", "time": "2025-07-15T15:39:18.370498Z", "fetched_at": "2025-07-15T15:39:32.482486+00:00", "symbol": "BTC-USD"}, {"trade_id": 849707094, "side": "sell", "size": "0.00722067", "price": "116304.88000000", "time": "2025-07-15T15:39:18.296967Z", "fetched_at": "2025-07-15T15:39:32.482486+00:00", "symbol": "BTC-USD"}, {"trade_id": 849707093, "side": "sell", "size": "0.00401383", "price": "116304.88000000", "time": "2025-07-15T15:39:18.288706Z", "fetched_at": "2025-07-15T15:39:32.482486+00:00", "symbol": "BTC-USD"}, {"trade_id": 849707092, "side": "sell", "size": "0.00613389", "price": "116304.88000000", "time": "2025-07-15T15:39:18.283802Z", "fetched_at": "2025-07-15T15:39:32.482486+00:00", "symbol": "BTC-USD"}, {"trade_id": 849707091, "side": "sell", "size": "0.00282628", "price": "116304.88000000", "time": "2025-07-15T15:39:18.270532Z", "fetched_at": "2025-07-15T15:39:32.482486+00:00", "symbol": "BTC-USD"}, {"trade_id": 849707090, "side": "sell", "size": "0.00300000", "price": "116304.85000000", "time": "2025-07-15T15:39:18.270532Z", "fetched_at": "2025-07-15T15:39:32.482486+00:00", "symbol": "BTC-USD"}, {"trade_id": 849707089, "side": "sell", "size": "0.10504458", "price": "116304.85000000", "time": "2025-07-15T15:39:18.270532Z", "fetched_at": "2025-07-15T15:39:32.482486+00:00", "symbol": "BTC-USD"}, {"trade_id": 849707088, "side": "sell", "size": "0.02725542", "price": "116304.85000000", "time": "2025-07-15T15:39:18.207932Z", "fetched_at": "2025-07-15T15:39:32.482486+00:00", "symbol": "BTC-USD"}, {"trade_id": 849707087, "side": "sell", "size": "0.00408891", "price": "116304.88000000", "time": "2025-07-15T15:39:17.414442Z", "fetched_at": "2025-07-15T15:39:32.482486+00:00", "symbol": "BTC-USD"}, {"trade_id": 849707086, "side": "sell", "size": "0.00602441", "price": "116304.88000000", "time": "2025-07-15T15:39:17.395556Z", "fetched_at": "2025-07-15T15:39:32.482486+00:00", "symbol": "BTC-USD"}, {"trade_id": 849707085, "side": "sell", "size": "0.00300000", "price": "116304.88000000", "time": "2025-07-15T15:39:17.324639Z", "fetched_at": "2025-07-15T15:39:32.482486+00:00", "symbol": "BTC-USD"}, {"trade_id": 849707084, "side": "sell", "size": "0.08352472", "price": "116304.89000000", "time": "2025-07-15T15:39:17.292374Z", "fetched_at": "2025-07-15T15:39:32.482486+00:00", "symbol": "BTC-USD"}, {"trade_id": 849707083, "side": "sell", "size": "0.01308081", "price": "116304.88000000", "time": "2025-07-15T15:39:17.252413Z", "fetched_at": "2025-07-15T15:39:32.482486+00:00", "symbol": "BTC-USD"}, {"trade_id": 849707082, "side": "sell", "size": "0.00062940", "price": "116304.88000000", "time": "2025-07-15T15:39:17.150751Z", "fetched_at": "2025-07-15T15:39:32.482486+00:00", "symbol": "BTC-USD"}, {"trade_id": 849707081, "side": "sell", "size": "0.00314514", "price": "116304.88000000", "time": "2025-07-15T15:39:17.142651Z", "fetched_at": "2025-07-15T15:39:32.482486+00:00", "symbol": "BTC-USD"}, {"trade_id": 849707080, "side": "sell", "size": "0.00314514", "price": "116304.88000000", "time": "2025-07-15T15:39:17.132886Z", "fetched_at": "2025-07-15T15:39:32.482486+00:00", "symbol": "BTC-USD"}, {"trade_id": 849707079, "side": "sell", "size": "0.00293236", "price": "116304.87000000", "time": "2025-07-15T15:39:17.090698Z", "fetched_at": "2025-07-15T15:39:32.482486+00:00", "symbol": "BTC-USD"}, {"trade_id": 849707078, "side": "sell", "size": "0.00402877", "price": "116304.87000000", "time": "2025-07-15T15:39:17.087190Z", "fetched_at": "2025-07-15T15:39:32.482486+00:00", "symbol": "BTC-USD"}, {"trade_id": 849707077, "side": "sell", "size": "0.02395438", "price": "116304.87000000", "time": "2025-07-15T15:39:17.082784Z", "fetched_at": "2025-07-15T15:39:32.482486+00:00", "symbol": "BTC-USD"}, {"trade_id": 849707076, "side": "sell", "size": "0.00240449", "price": "116304.87000000", "time": "2025-07-15T15:39:17.082784Z", "fetched_at": "2025-07-15T15:39:32.482486+00:00", "symbol": "BTC-USD"}, {"trade_id": 849707075, "side": "sell", "size": "0.00059551", "price": "116304.87000000", "time": "2025-07-15T15:39:17.078204Z", "fetched_at": "2025-07-15T15:39:32.482486+00:00", "symbol": "BTC-USD"}, {"trade_id": 849707074, "side": "sell", "size": "0.00200000", "price": "116309.79000000", "time": "2025-07-15T15:39:15.957421Z", "fetched_at": "2025-07-15T15:39:32.482486+00:00", "symbol": "BTC-USD"}, {"trade_id": 849707073, "side": "sell", "size": "0.00300000", "price": "116309.79000000", "time": "2025-07-15T15:39:15.957421Z", "fetched_at": "2025-07-15T15:39:32.482486+00:00", "symbol": "BTC-USD"}, {"trade_id": 849707072, "side": "sell", "size": "0.00810717", "price": "116309.78000000", "time": "2025-07-15T15:39:15.856748Z", "fetched_at": "2025-07-15T15:39:32.482486+00:00", "symbol": "BTC-USD"}, {"trade_id": 849707071, "side": "sell", "size": "0.00859800", "price": "116309.78000000", "time": "2025-07-15T15:39:15.856748Z", "fetched_at": "2025-07-15T15:39:32.482486+00:00", "symbol": "BTC-USD"}, {"trade_id": 849707070, "side": "sell", "size": "0.00004177", "price": "116309.78000000", "time": "2025-07-15T15:39:15.836953Z", "fetched_at": "2025-07-15T15:39:32.482486+00:00", "symbol": "BTC-USD"}, {"trade_id": 849707069, "side": "sell", "size": "0.00255220", "price": "116309.78000000", "time": "2025-07-15T15:39:15.826782Z", "fetched_at": "2025-07-15T15:39:32.482486+00:00", "symbol": "BTC-USD"}, {"trade_id": 849707068, "side": "sell", "size": "0.00001100", "price": "116309.79000000", "time": "2025-07-15T15:39:15.765030Z", "fetched_at": "2025-07-15T15:39:32.482486+00:00", "symbol": "BTC-USD"}, {"trade_id": 849707067, "side": "buy", "size": "0.00002224", "price": "116300.08000000", "time": "2025-07-15T15:39:15.737716Z", "fetched_at": "2025-07-15T15:39:32.482486+00:00", "symbol": "BTC-USD"}, {"trade_id": 849707066, "side": "buy", "size": "0.00001000", "price": "116301.06000000", "time": "2025-07-15T15:39:15.737716Z", "fetched_at": "2025-07-15T15:39:32.482486+00:00", "symbol": "BTC-USD"}, {"trade_id": 849707065, "side": "buy", "size": "0.00002100", "price": "116309.79000000", "time": "2025-07-15T15:39:15.737716Z", "fetched_at": "2025-07-15T15:39:32.482486+00:00", "symbol": "BTC-USD"}, {"trade_id": 849707064, "side": "buy", "size": "0.00001000", "price": "116309.79000000", "time": "2025-07-15T15:39:15.737716Z", "fetched_at": "2025-07-15T15:39:32.482486+00:00", "symbol": "BTC-USD"}, {"trade_id": 849707063, "side": "sell", "size": "0.00040742", "price": "116309.80000000", "time": "2025-07-15T15:39:15.252409Z", "fetched_at": "2025-07-15T15:39:32.482486+00:00", "symbol": "BTC-USD"}, {"trade_id": 849707062, "side": "buy", "size": "0.00000567", "price": "116325.50000000", "time": "2025-07-15T15:39:14.823636Z", "fetched_at": "2025-07-15T15:39:32.482486+00:00", "symbol": "BTC-USD"}, {"trade_id": 849707061, "side": "buy", "size": "0.00000189", "price": "116325.50000000", "time": "2025-07-15T15:39:14.823636Z", "fetched_at": "2025-07-15T15:39:32.482486+00:00", "symbol": "BTC-USD"}, {"trade_id": 849707060, "side": "buy", "size": "0.00001200", "price": "116325.50000000", "time": "2025-07-15T15:39:14.823636Z", "fetched_at": "2025-07-15T15:39:32.482486+00:00", "symbol": "BTC-USD"}, {"trade_id": 849707059, "side": "buy", "size": "0.00006034", "price": "116325.50000000", "time": "2025-07-15T15:39:14.823636Z", "fetched_at": "2025-07-15T15:39:32.482486+00:00", "symbol": "BTC-USD"}, {"trade_id": 849707058, "side": "buy", "size": "0.06918046", "price": "116325.50000000", "time": "2025-07-15T15:39:14.823636Z", "fetched_at": "2025-07-15T15:39:32.482486+00:00", "symbol": "BTC-USD"}, {"trade_id": 849707057, "side": "buy", "size": "0.20617429", "price": "116325.50000000", "time": "2025-07-15T15:39:14.822596Z", "fetched_at": "2025-07-15T15:39:32.482486+00:00", "symbol": "BTC-USD"}, {"trade_id": 849707056, "side": "buy", "size": "0.00377571", "price": "116325.50000000", "time": "2025-07-15T15:39:14.822596Z", "fetched_at": "2025-07-15T15:39:32.482486+00:00", "symbol": "BTC-USD"}, {"trade_id": 849707055, "side": "sell", "size": "0.04159751", "price": "116325.51000000", "time": "2025-07-15T15:39:14.746620Z", "fetched_at": "2025-07-15T15:39:32.482486+00:00", "symbol": "BTC-USD"}, {"trade_id": 849707054, "side": "sell", "size": "0.02560000", "price": "116325.51000000", "time": "2025-07-15T15:39:14.746620Z", "fetched_at": "2025-07-15T15:39:32.482486+00:00", "symbol": "BTC-USD"}, {"trade_id": 849707053, "side": "sell", "size": "0.02531793", "price": "116325.51000000", "time": "2025-07-15T15:39:14.746620Z", "fetched_at": "2025-07-15T15:39:32.482486+00:00", "symbol": "BTC-USD"}, {"trade_id": 849707052, "side": "sell", "size": "0.02551302", "price": "116325.51000000", "time": "2025-07-15T15:39:14.746620Z", "fetched_at": "2025-07-15T15:39:32.482486+00:00", "symbol": "BTC-USD"}, {"trade_id": 849707051, "side": "sell", "size": "0.13226805", "price": "116325.51000000", "time": "2025-07-15T15:39:14.746620Z", "fetched_at": "2025-07-15T15:39:32.482486+00:00", "symbol": "BTC-USD"}, {"trade_id": 849707050, "side": "buy", "size": "0.00015759", "price": "116325.50000000", "time": "2025-07-15T15:39:14.425049Z", "fetched_at": "2025-07-15T15:39:32.482486+00:00", "symbol": "BTC-USD"}, {"trade_id": 849707049, "side": "sell", "size": "0.00003195", "price": "116325.51000000", "time": "2025-07-15T15:39:14.271680Z", "fetched_at": "2025-07-15T15:39:32.482486+00:00", "symbol": "BTC-USD"}, {"trade_id": 849707048, "side": "buy", "size": "0.00214000", "price": "116325.50000000", "time": "2025-07-15T15:39:13.993654Z", "fetched_at": "2025-07-15T15:39:32.482486+00:00", "symbol": "BTC-USD"}, {"trade_id": 849707047, "side": "buy", "size": "0.00041000", "price": "116325.50000000", "time": "2025-07-15T15:39:13.978835Z", "fetched_at": "2025-07-15T15:39:32.482486+00:00", "symbol": "BTC-USD"}, {"trade_id": 849707046, "side": "sell", "size": "0.00016701", "price": "116325.51000000", "time": "2025-07-15T15:39:13.947162Z", "fetched_at": "2025-07-15T15:39:32.482486+00:00", "symbol": "BTC-USD"}, {"trade_id": 849707045, "side": "sell", "size": "0.01021588", "price": "116325.74000000", "time": "2025-07-15T15:39:13.440090Z", "fetched_at": "2025-07-15T15:39:32.482486+00:00", "symbol": "BTC-USD"}, {"trade_id": 849707044, "side": "buy", "size": "0.00000617", "price": "116325.50000000", "time": "2025-07-15T15:39:13.275460Z", "fetched_at": "2025-07-15T15:39:32.482486+00:00", "symbol": "BTC-USD"}, {"trade_id": 849707043, "side": "buy", "size": "0.00041000", "price": "116325.50000000", "time": "2025-07-15T15:39:12.815787Z", "fetched_at": "2025-07-15T15:39:32.482486+00:00", "symbol": "BTC-USD"}, {"trade_id": 849707042, "side": "buy", "size": "0.00041000", "price": "116325.50000000", "time": "2025-07-15T15:39:12.815543Z", "fetched_at": "2025-07-15T15:39:32.482486+00:00", "symbol": "BTC-USD"}, {"trade_id": 849707041, "side": "buy", "size": "0.00041000", "price": "116325.50000000", "time": "2025-07-15T15:39:12.815379Z", "fetched_at": "2025-07-15T15:39:32.482486+00:00", "symbol": "BTC-USD"}, {"trade_id": 849707040, "side": "buy", "size": "0.00087451", "price": "116325.50000000", "time": "2025-07-15T15:39:12.773918Z", "fetched_at": "2025-07-15T15:39:32.482486+00:00", "symbol": "BTC-USD"}, {"trade_id": 849707039, "side": "buy", "size": "0.00020549", "price": "116326.00000000", "time": "2025-07-15T15:39:12.773918Z", "fetched_at": "2025-07-15T15:39:32.482486+00:00", "symbol": "BTC-USD"}, {"trade_id": 849707038, "side": "buy", "size": "0.00001000", "price": "116327.25000000", "time": "2025-07-15T15:39:12.773918Z", "fetched_at": "2025-07-15T15:39:32.482486+00:00", "symbol": "BTC-USD"}, {"trade_id": 849707037, "side": "buy", "size": "0.00001000", "price": "116335.98000000", "time": "2025-07-15T15:39:12.773918Z", "fetched_at": "2025-07-15T15:39:32.482486+00:00", "symbol": "BTC-USD"}, {"trade_id": 849707036, "side": "sell", "size": "0.00010304", "price": "116335.99000000", "time": "2025-07-15T15:39:12.765261Z", "fetched_at": "2025-07-15T15:39:32.482486+00:00", "symbol": "BTC-USD"}, {"trade_id": 849707035, "side": "sell", "size": "0.00046492", "price": "116335.99000000", "time": "2025-07-15T15:39:12.765261Z", "fetched_at": "2025-07-15T15:39:32.482486+00:00", "symbol": "BTC-USD"}, {"trade_id": 849707034, "side": "sell", "size": "0.00083508", "price": "116335.99000000", "time": "2025-07-15T15:39:12.724977Z", "fetched_at": "2025-07-15T15:39:32.482486+00:00", "symbol": "BTC-USD"}, {"trade_id": 849707033, "side": "buy", "size": "0.27532044", "price": "116340.00000000", "time": "2025-07-15T15:39:12.523781Z", "fetched_at": "2025-07-15T15:39:32.482486+00:00", "symbol": "BTC-USD"}, {"trade_id": 849707032, "side": "buy", "size": "0.00028006", "price": "116340.00000000", "time": "2025-07-15T15:39:12.523781Z", "fetched_at": "2025-07-15T15:39:32.482486+00:00", "symbol": "BTC-USD"}, {"trade_id": 849707031, "side": "buy", "size": "0.00041000", "price": "116340.00000000", "time": "2025-07-15T15:39:12.479324Z", "fetched_at": "2025-07-15T15:39:32.482486+00:00", "symbol": "BTC-USD"}, {"trade_id": 849707030, "side": "buy", "size": "0.00456693", "price": "116340.00000000", "time": "2025-07-15T15:39:12.462460Z", "fetched_at": "2025-07-15T15:39:32.482486+00:00", "symbol": "BTC-USD"}, {"trade_id": 849707029, "side": "sell", "size": "0.00705081", "price": "116340.01000000", "time": "2025-07-15T15:39:11.920169Z", "fetched_at": "2025-07-15T15:39:32.482486+00:00", "symbol": "BTC-USD"}, {"trade_id": 849707028, "side": "sell", "size": "0.00130000", "price": "116340.01000000", "time": "2025-07-15T15:39:11.920169Z", "fetched_at": "2025-07-15T15:39:32.482486+00:00", "symbol": "BTC-USD"}, {"trade_id": 849707027, "side": "buy", "size": "0.00331701", "price": "116340.00000000", "time": "2025-07-15T15:39:11.667773Z", "fetched_at": "2025-07-15T15:39:32.482486+00:00", "symbol": "BTC-USD"}, {"trade_id": 849707026, "side": "buy", "size": "0.27531332", "price": "116342.97000000", "time": "2025-07-15T15:39:11.524093Z", "fetched_at": "2025-07-15T15:39:32.482486+00:00", "symbol": "BTC-USD"}, {"trade_id": 849707025, "side": "buy", "size": "0.00850000", "price": "116342.97000000", "time": "2025-07-15T15:39:11.497952Z", "fetched_at": "2025-07-15T15:39:32.482486+00:00", "symbol": "BTC-USD"}, {"trade_id": 849707024, "side": "buy", "size": "0.02243596", "price": "116344.71000000", "time": "2025-07-15T15:39:11.491099Z", "fetched_at": "2025-07-15T15:39:32.482486+00:00", "symbol": "BTC-USD"}, {"trade_id": 849707023, "side": "buy", "size": "0.01675474", "price": "116344.71000000", "time": "2025-07-15T15:39:11.487708Z", "fetched_at": "2025-07-15T15:39:32.482486+00:00", "symbol": "BTC-USD"}, {"trade_id": 849707022, "side": "buy", "size": "0.01070925", "price": "116344.71000000", "time": "2025-07-15T15:39:11.486959Z", "fetched_at": "2025-07-15T15:39:32.482486+00:00", "symbol": "BTC-USD"}, {"trade_id": 849707021, "side": "buy", "size": "0.22168718", "price": "116344.71000000", "time": "2025-07-15T15:39:11.486748Z", "fetched_at": "2025-07-15T15:39:32.482486+00:00", "symbol": "BTC-USD"}, {"trade_id": 849707020, "side": "buy", "size": "0.00372216", "price": "116344.71000000", "time": "2025-07-15T15:39:11.486393Z", "fetched_at": "2025-07-15T15:39:32.482486+00:00", "symbol": "BTC-USD"}, {"trade_id": 849707019, "side": "buy", "size": "0.00000900", "price": "116344.71000000", "time": "2025-07-15T15:39:11.486393Z", "fetched_at": "2025-07-15T15:39:32.482486+00:00", "symbol": "BTC-USD"}, {"trade_id": 849707018, "side": "buy", "size": "0.00001000", "price": "116344.71000000", "time": "2025-07-15T15:39:11.486393Z", "fetched_at": "2025-07-15T15:39:32.482486+00:00", "symbol": "BTC-USD"}, {"trade_id": 849707017, "side": "buy", "size": "0.00000900", "price": "116344.72000000", "time": "2025-07-15T15:39:11.486393Z", "fetched_at": "2025-07-15T15:39:32.482486+00:00", "symbol": "BTC-USD"}, {"trade_id": 849707016, "side": "buy", "size": "0.00003100", "price": "116344.72000000", "time": "2025-07-15T15:39:11.486393Z", "fetched_at": "2025-07-15T15:39:32.482486+00:00", "symbol": "BTC-USD"}, {"trade_id": 849707015, "side": "sell", "size": "0.00900000", "price": "116344.73000000", "time": "2025-07-15T15:39:10.492872Z", "fetched_at": "2025-07-15T15:39:32.482486+00:00", "symbol": "BTC-USD"}, {"trade_id": 849707014, "side": "sell", "size": "0.00610629", "price": "116344.73000000", "time": "2025-07-15T15:39:09.991426Z", "fetched_at": "2025-07-15T15:39:32.482486+00:00", "symbol": "BTC-USD"}, {"trade_id": 849707013, "side": "sell", "size": "0.00001667", "price": "116344.73000000", "time": "2025-07-15T15:39:09.819943Z", "fetched_at": "2025-07-15T15:39:32.482486+00:00", "symbol": "BTC-USD"}, {"trade_id": 849707012, "side": "sell", "size": "0.00122243", "price": "116344.73000000", "time": "2025-07-15T15:39:09.591886Z", "fetched_at": "2025-07-15T15:39:32.482486+00:00", "symbol": "BTC-USD"}, {"trade_id": 849707011, "side": "sell", "size": "0.00848904", "price": "116344.73000000", "time": "2025-07-15T15:39:09.227947Z", "fetched_at": "2025-07-15T15:39:32.482486+00:00", "symbol": "BTC-USD"}, {"trade_id": 849707010, "side": "sell", "size": "0.00889757", "price": "116344.90000000", "time": "2025-07-15T15:39:08.955630Z", "fetched_at": "2025-07-15T15:39:32.482486+00:00", "symbol": "BTC-USD"}, {"trade_id": 849707009, "side": "buy", "size": "0.07000000", "price": "116345.06000000", "time": "2025-07-15T15:39:08.952103Z", "fetched_at": "2025-07-15T15:39:32.482486+00:00", "symbol": "BTC-USD"}, {"trade_id": 849707008, "side": "buy", "size": "0.00978435", "price": "116345.06000000", "time": "2025-07-15T15:39:08.952103Z", "fetched_at": "2025-07-15T15:39:32.482486+00:00", "symbol": "BTC-USD"}, {"trade_id": 849707007, "side": "buy", "size": "0.00008387", "price": "116346.09000000", "time": "2025-07-15T15:39:08.952103Z", "fetched_at": "2025-07-15T15:39:32.482486+00:00", "symbol": "BTC-USD"}, {"trade_id": 849707006, "side": "buy", "size": "0.00006291", "price": "116347.06000000", "time": "2025-07-15T15:39:08.952103Z", "fetched_at": "2025-07-15T15:39:32.482486+00:00", "symbol": "BTC-USD"}, {"trade_id": 849707005, "side": "buy", "size": "0.00002654", "price": "116347.17000000", "time": "2025-07-15T15:39:08.952103Z", "fetched_at": "2025-07-15T15:39:32.482486+00:00", "symbol": "BTC-USD"}, {"trade_id": 849707004, "side": "sell", "size": "0.00859496", "price": "116347.19000000", "time": "2025-07-15T15:39:08.950335Z", "fetched_at": "2025-07-15T15:39:32.482486+00:00", "symbol": "BTC-USD"}, {"trade_id": 849707003, "side": "sell", "size": "0.00000429", "price": "116346.33000000", "time": "2025-07-15T15:39:08.950335Z", "fetched_at": "2025-07-15T15:39:32.482486+00:00", "symbol": "BTC-USD"}, {"trade_id": 849707002, "side": "sell", "size": "0.00000664", "price": "116346.33000000", "time": "2025-07-15T15:39:08.950335Z", "fetched_at": "2025-07-15T15:39:32.482486+00:00", "symbol": "BTC-USD"}, {"trade_id": 849707001, "side": "sell", "size": "0.00010127", "price": "116346.33000000", "time": "2025-07-15T15:39:08.950335Z", "fetched_at": "2025-07-15T15:39:32.482486+00:00", "symbol": "BTC-USD"}, {"trade_id": 849707000, "side": "sell", "size": "0.00019041", "price": "116345.47000000", "time": "2025-07-15T15:39:08.950335Z", "fetched_at": "2025-07-15T15:39:32.482486+00:00", "symbol": "BTC-USD"}, {"trade_id": 849706999, "side": "sell", "size": "0.02003194", "price": "116345.07000000", "time": "2025-07-15T15:39:08.946407Z", "fetched_at": "2025-07-15T15:39:32.482486+00:00", "symbol": "BTC-USD"}, {"trade_id": 849706998, "side": "sell", "size": "0.07478133", "price": "116345.07000000", "time": "2025-07-15T15:39:08.931058Z", "fetched_at": "2025-07-15T15:39:32.482486+00:00", "symbol": "BTC-USD"}, {"trade_id": 849706997, "side": "sell", "size": "0.01936325", "price": "116345.07000000", "time": "2025-07-15T15:39:08.931058Z", "fetched_at": "2025-07-15T15:39:32.482486+00:00", "symbol": "BTC-USD"}, {"trade_id": 849706996, "side": "sell", "size": "0.00095693", "price": "116345.45000000", "time": "2025-07-15T15:39:08.825685Z", "fetched_at": "2025-07-15T15:39:32.482486+00:00", "symbol": "BTC-USD"}, {"trade_id": 849706995, "side": "sell", "size": "0.00081491", "price": "116345.44000000", "time": "2025-07-15T15:39:08.496784Z", "fetched_at": "2025-07-15T15:39:32.482486+00:00", "symbol": "BTC-USD"}, {"trade_id": 849706994, "side": "buy", "size": "0.13954000", "price": "116346.32000000", "time": "2025-07-15T15:39:07.740176Z", "fetched_at": "2025-07-15T15:39:32.482486+00:00", "symbol": "BTC-USD"}, {"trade_id": 849706993, "side": "buy", "size": "0.09975018", "price": "116346.32000000", "time": "2025-07-15T15:39:07.739331Z", "fetched_at": "2025-07-15T15:39:32.482486+00:00", "symbol": "BTC-USD"}, {"trade_id": 849706992, "side": "buy", "size": "0.00008596", "price": "116346.33000000", "time": "2025-07-15T15:39:07.739331Z", "fetched_at": "2025-07-15T15:39:32.482486+00:00", "symbol": "BTC-USD"}, {"trade_id": 849706991, "side": "buy", "size": "0.00016386", "price": "116352.09000000", "time": "2025-07-15T15:39:07.739331Z", "fetched_at": "2025-07-15T15:39:32.482486+00:00", "symbol": "BTC-USD"}, {"trade_id": 849706990, "side": "buy", "size": "0.00041000", "price": "116352.09000000", "time": "2025-07-15T15:39:07.733073Z", "fetched_at": "2025-07-15T15:39:32.482486+00:00", "symbol": "BTC-USD"}, {"trade_id": 849706989, "side": "buy", "size": "0.00041000", "price": "116352.09000000", "time": "2025-07-15T15:39:07.732993Z", "fetched_at": "2025-07-15T15:39:32.482486+00:00", "symbol": "BTC-USD"}, {"trade_id": 849706988, "side": "buy", "size": "0.00001000", "price": "116353.44000000", "time": "2025-07-15T15:39:07.732719Z", "fetched_at": "2025-07-15T15:39:32.482486+00:00", "symbol": "BTC-USD"}, {"trade_id": 849706987, "side": "buy", "size": "0.01924116", "price": "116356.22000000", "time": "2025-07-15T15:39:07.732166Z", "fetched_at": "2025-07-15T15:39:32.482486+00:00", "symbol": "BTC-USD"}, {"trade_id": 849706986, "side": "buy", "size": "0.11475936", "price": "116357.28000000", "time": "2025-07-15T15:39:07.732166Z", "fetched_at": "2025-07-15T15:39:32.482486+00:00", "symbol": "BTC-USD"}, {"trade_id": 849706985, "side": "buy", "size": "0.01473019", "price": "116357.28000000", "time": "2025-07-15T15:39:07.731660Z", "fetched_at": "2025-07-15T15:39:32.482486+00:00", "symbol": "BTC-USD"}, {"trade_id": 849706984, "side": "buy", "size": "0.00859410", "price": "116358.89000000", "time": "2025-07-15T15:39:07.731660Z", "fetched_at": "2025-07-15T15:39:32.482486+00:00", "symbol": "BTC-USD"}, {"trade_id": 849706983, "side": "buy", "size": "0.00003918", "price": "116360.11000000", "time": "2025-07-15T15:39:07.731497Z", "fetched_at": "2025-07-15T15:39:32.482486+00:00", "symbol": "BTC-USD"}, {"trade_id": 849706982, "side": "buy", "size": "0.00280276", "price": "116360.11000000", "time": "2025-07-15T15:39:07.731497Z", "fetched_at": "2025-07-15T15:39:32.482486+00:00", "symbol": "BTC-USD"}, {"trade_id": 849706981, "side": "buy", "size": "0.00007700", "price": "116360.11000000", "time": "2025-07-15T15:39:07.731497Z", "fetched_at": "2025-07-15T15:39:32.482486+00:00", "symbol": "BTC-USD"}, {"trade_id": 849706980, "side": "buy", "size": "0.09764839", "price": "116360.11000000", "time": "2025-07-15T15:39:07.731497Z", "fetched_at": "2025-07-15T15:39:32.482486+00:00", "symbol": "BTC-USD"}, {"trade_id": 849706979, "side": "buy", "size": "0.08586182", "price": "116360.11000000", "time": "2025-07-15T15:39:07.731416Z", "fetched_at": "2025-07-15T15:39:32.482486+00:00", "symbol": "BTC-USD"}, {"trade_id": 849706978, "side": "buy", "size": "0.06475498", "price": "116360.11000000", "time": "2025-07-15T15:39:07.731401Z", "fetched_at": "2025-07-15T15:39:32.482486+00:00", "symbol": "BTC-USD"}, {"trade_id": 849706977, "side": "buy", "size": "0.02420486", "price": "116360.11000000", "time": "2025-07-15T15:39:07.730798Z", "fetched_at": "2025-07-15T15:39:32.482486+00:00", "symbol": "BTC-USD"}, {"trade_id": 849706976, "side": "buy", "size": "0.00280280", "price": "116360.11000000", "time": "2025-07-15T15:39:07.015055Z", "fetched_at": "2025-07-15T15:39:32.482486+00:00", "symbol": "BTC-USD"}, {"trade_id": 849706975, "side": "buy", "size": "0.00000723", "price": "116360.11000000", "time": "2025-07-15T15:39:07.015055Z", "fetched_at": "2025-07-15T15:39:32.482486+00:00", "symbol": "BTC-USD"}, {"trade_id": 849706974, "side": "buy", "size": "0.00000060", "price": "116361.35000000", "time": "2025-07-15T15:39:07.015055Z", "fetched_at": "2025-07-15T15:39:32.482486+00:00", "symbol": "BTC-USD"}, {"trade_id": 849706973, "side": "buy", "size": "0.00000034", "price": "116361.35000000", "time": "2025-07-15T15:39:07.015055Z", "fetched_at": "2025-07-15T15:39:32.482486+00:00", "symbol": "BTC-USD"}, {"trade_id": 849706972, "side": "buy", "size": "0.00007135", "price": "116361.35000000", "time": "2025-07-15T15:39:07.015055Z", "fetched_at": "2025-07-15T15:39:32.482486+00:00", "symbol": "BTC-USD"}, {"trade_id": 849706971, "side": "sell", "size": "0.00081498", "price": "116361.36000000", "time": "2025-07-15T15:39:06.940763Z", "fetched_at": "2025-07-15T15:39:32.482486+00:00", "symbol": "BTC-USD"}, {"trade_id": 849706970, "side": "sell", "size": "0.00066793", "price": "116361.36000000", "time": "2025-07-15T15:39:06.649121Z", "fetched_at": "2025-07-15T15:39:32.482486+00:00", "symbol": "BTC-USD"}, {"trade_id": 849706969, "side": "buy", "size": "0.00007766", "price": "116361.35000000", "time": "2025-07-15T15:39:06.460885Z", "fetched_at": "2025-07-15T15:39:32.482486+00:00", "symbol": "BTC-USD"}, {"trade_id": 849706968, "side": "buy", "size": "0.00001684", "price": "116361.35000000", "time": "2025-07-15T15:39:06.460885Z", "fetched_at": "2025-07-15T15:39:32.482486+00:00", "symbol": "BTC-USD"}, {"trade_id": 849706967, "side": "buy", "size": "0.00000550", "price": "116361.35000000", "time": "2025-07-15T15:39:06.460885Z", "fetched_at": "2025-07-15T15:39:32.482486+00:00", "symbol": "BTC-USD"}, {"trade_id": 849706966, "side": "buy", "size": "0.00010600", "price": "116361.35000000", "time": "2025-07-15T15:39:06.452433Z", "fetched_at": "2025-07-15T15:39:32.482486+00:00", "symbol": "BTC-USD"}, {"trade_id": 849706965, "side": "buy", "size": "0.21761062", "price": "116361.35000000", "time": "2025-07-15T15:39:06.452433Z", "fetched_at": "2025-07-15T15:39:32.482486+00:00", "symbol": "BTC-USD"}, {"trade_id": 849706964, "side": "buy", "size": "0.05765930", "price": "116361.35000000", "time": "2025-07-15T15:39:06.436200Z", "fetched_at": "2025-07-15T15:39:32.482486+00:00", "symbol": "BTC-USD"}, {"trade_id": 849706963, "side": "buy", "size": "0.00009934", "price": "116361.35000000", "time": "2025-07-15T15:39:06.436200Z", "fetched_at": "2025-07-15T15:39:32.482486+00:00", "symbol": "BTC-USD"}, {"trade_id": 849706962, "side": "buy", "size": "0.00000094", "price": "116361.35000000", "time": "2025-07-15T15:39:06.436200Z", "fetched_at": "2025-07-15T15:39:32.482486+00:00", "symbol": "BTC-USD"}, {"trade_id": 849706961, "side": "buy", "size": "0.00000042", "price": "116361.35000000", "time": "2025-07-15T15:39:06.436200Z", "fetched_at": "2025-07-15T15:39:32.482486+00:00", "symbol": "BTC-USD"}, {"trade_id": 849706960, "side": "sell", "size": "0.00054418", "price": "116361.36000000", "time": "2025-07-15T15:39:06.138507Z", "fetched_at": "2025-07-15T15:39:32.482486+00:00", "symbol": "BTC-USD"}, {"trade_id": 849706959, "side": "buy", "size": "0.00009900", "price": "116361.97000000", "time": "2025-07-15T15:39:06.084827Z", "fetched_at": "2025-07-15T15:39:32.482486+00:00", "symbol": "BTC-USD"}, {"trade_id": 849706958, "side": "buy", "size": "0.00001000", "price": "116362.17000000", "time": "2025-07-15T15:39:06.084827Z", "fetched_at": "2025-07-15T15:39:32.482486+00:00", "symbol": "BTC-USD"}, {"trade_id": 849706957, "side": "buy", "size": "0.00859361", "price": "116365.57000000", "time": "2025-07-15T15:39:06.084827Z", "fetched_at": "2025-07-15T15:39:32.482486+00:00", "symbol": "BTC-USD"}, {"trade_id": 849706956, "side": "buy", "size": "0.00010900", "price": "116368.27000000", "time": "2025-07-15T15:39:06.077570Z", "fetched_at": "2025-07-15T15:39:32.482486+00:00", "symbol": "BTC-USD"}, {"trade_id": 849706955, "side": "sell", "size": "0.00171171", "price": "116368.69000000", "time": "2025-07-15T15:39:05.582686Z", "fetched_at": "2025-07-15T15:39:32.482486+00:00", "symbol": "BTC-USD"}, {"trade_id": 849706954, "side": "sell", "size": "1.00000000", "price": "116368.71000000", "time": "2025-07-15T15:39:05.514348Z", "fetched_at": "2025-07-15T15:39:32.482486+00:00", "symbol": "BTC-USD"}, {"trade_id": 849706953, "side": "sell", "size": "0.05849192", "price": "116368.71000000", "time": "2025-07-15T15:39:05.476630Z", "fetched_at": "2025-07-15T15:39:32.482486+00:00", "symbol": "BTC-USD"}, {"trade_id": 849706952, "side": "buy", "size": "0.30000000", "price": "116369.55000000", "time": "2025-07-15T15:39:05.272491Z", "fetched_at": "2025-07-15T15:39:32.482486+00:00", "symbol": "BTC-USD"}, {"trade_id": 849706951, "side": "buy", "size": "0.25774423", "price": "116370.02000000", "time": "2025-07-15T15:39:05.272491Z", "fetched_at": "2025-07-15T15:39:32.482486+00:00", "symbol": "BTC-USD"}, {"trade_id": 849706950, "side": "buy", "size": "0.02638373", "price": "116370.02000000", "time": "2025-07-15T15:39:05.272491Z", "fetched_at": "2025-07-15T15:39:32.482486+00:00", "symbol": "BTC-USD"}, {"trade_id": 849706949, "side": "buy", "size": "0.01337980", "price": "116370.02000000", "time": "2025-07-15T15:39:05.272491Z", "fetched_at": "2025-07-15T15:39:32.482486+00:00", "symbol": "BTC-USD"}, {"trade_id": 849706948, "side": "buy", "size": "0.09353853", "price": "116370.02000000", "time": "2025-07-15T15:39:05.272491Z", "fetched_at": "2025-07-15T15:39:32.482486+00:00", "symbol": "BTC-USD"}, {"trade_id": 849706947, "side": "buy", "size": "0.06156904", "price": "116370.02000000", "time": "2025-07-15T15:39:05.272491Z", "fetched_at": "2025-07-15T15:39:32.482486+00:00", "symbol": "BTC-USD"}, {"trade_id": 849706946, "side": "sell", "size": "0.02470179", "price": "116370.03000000", "time": "2025-07-15T15:39:04.863326Z", "fetched_at": "2025-07-15T15:39:32.482486+00:00", "symbol": "BTC-USD"}, {"trade_id": 849706945, "side": "sell", "size": "0.04706287", "price": "116370.03000000", "time": "2025-07-15T15:39:04.858926Z", "fetched_at": "2025-07-15T15:39:32.482486+00:00", "symbol": "BTC-USD"}, {"trade_id": 849706944, "side": "sell", "size": "0.05522762", "price": "116370.03000000", "time": "2025-07-15T15:39:04.854742Z", "fetched_at": "2025-07-15T15:39:32.482486+00:00", "symbol": "BTC-USD"}, {"trade_id": 849706943, "side": "sell", "size": "0.07852104", "price": "116370.03000000", "time": "2025-07-15T15:39:04.850370Z", "fetched_at": "2025-07-15T15:39:32.482486+00:00", "symbol": "BTC-USD"}, {"trade_id": 849706942, "side": "sell", "size": "0.03912909", "price": "116370.03000000", "time": "2025-07-15T15:39:04.846641Z", "fetched_at": "2025-07-15T15:39:32.482486+00:00", "symbol": "BTC-USD"}, {"trade_id": 849706941, "side": "sell", "size": "0.02892824", "price": "116370.03000000", "time": "2025-07-15T15:39:04.818039Z", "fetched_at": "2025-07-15T15:39:32.482486+00:00", "symbol": "BTC-USD"}, {"trade_id": 849706940, "side": "sell", "size": "0.03519242", "price": "116370.03000000", "time": "2025-07-15T15:39:04.812662Z", "fetched_at": "2025-07-15T15:39:32.482486+00:00", "symbol": "BTC-USD"}, {"trade_id": 849706939, "side": "buy", "size": "0.02659602", "price": "116370.02000000", "time": "2025-07-15T15:39:04.757216Z", "fetched_at": "2025-07-15T15:39:32.482486+00:00", "symbol": "BTC-USD"}, {"trade_id": 849706938, "side": "buy", "size": "0.00130000", "price": "116370.02000000", "time": "2025-07-15T15:39:04.757216Z", "fetched_at": "2025-07-15T15:39:32.482486+00:00", "symbol": "BTC-USD"}, {"trade_id": 849706937, "side": "sell", "size": "0.00166994", "price": "116370.03000000", "time": "2025-07-15T15:39:04.653776Z", "fetched_at": "2025-07-15T15:39:32.482486+00:00", "symbol": "BTC-USD"}, {"trade_id": 849706936, "side": "sell", "size": "1.00000000", "price": "116370.03000000", "time": "2025-07-15T15:39:04.639911Z", "fetched_at": "2025-07-15T15:39:32.482486+00:00", "symbol": "BTC-USD"}, {"trade_id": 849706935, "side": "sell", "size": "0.00166990", "price": "116370.03000000", "time": "2025-07-15T15:39:04.622460Z", "fetched_at": "2025-07-15T15:39:32.482486+00:00", "symbol": "BTC-USD"}, {"trade_id": 849706934, "side": "sell", "size": "0.79594605", "price": "116370.03000000", "time": "2025-07-15T15:39:04.572818Z", "fetched_at": "2025-07-15T15:39:32.482486+00:00", "symbol": "BTC-USD"}, {"trade_id": 849706933, "side": "sell", "size": "0.00859321", "price": "116370.03000000", "time": "2025-07-15T15:39:04.572378Z", "fetched_at": "2025-07-15T15:39:32.482486+00:00", "symbol": "BTC-USD"}, {"trade_id": 849706932, "side": "sell", "size": "0.64798715", "price": "116370.03000000", "time": "2025-07-15T15:39:04.571687Z", "fetched_at": "2025-07-15T15:39:32.482486+00:00", "symbol": "BTC-USD"}, {"trade_id": 849706931, "side": "sell", "size": "0.00859335", "price": "116369.07000000", "time": "2025-07-15T15:39:04.459624Z", "fetched_at": "2025-07-15T15:39:32.482486+00:00", "symbol": "BTC-USD"}, {"trade_id": 849706930, "side": "sell", "size": "0.20363871", "price": "116367.32000000", "time": "2025-07-15T15:39:04.376514Z", "fetched_at": "2025-07-15T15:39:32.482486+00:00", "symbol": "BTC-USD"}, {"trade_id": 849706929, "side": "sell", "size": "0.00001680", "price": "116367.32000000", "time": "2025-07-15T15:39:04.372895Z", "fetched_at": "2025-07-15T15:39:32.482486+00:00", "symbol": "BTC-USD"}, {"trade_id": 849706928, "side": "sell", "size": "0.00001033", "price": "116370.04000000", "time": "2025-07-15T15:39:04.369931Z", "fetched_at": "2025-07-15T15:39:32.482486+00:00", "symbol": "BTC-USD"}, {"trade_id": 849706927, "side": "sell", "size": "0.00860386", "price": "116365.62000000", "time": "2025-07-15T15:39:04.280325Z", "fetched_at": "2025-07-15T15:39:32.482486+00:00", "symbol": "BTC-USD"}, {"trade_id": 849706926, "side": "sell", "size": "0.00860386", "price": "116365.62000000", "time": "2025-07-15T15:39:04.277042Z", "fetched_at": "2025-07-15T15:39:32.482486+00:00", "symbol": "BTC-USD"}, {"trade_id": 849706925, "side": "buy", "size": "0.00130000", "price": "116366.65000000", "time": "2025-07-15T15:39:04.276981Z", "fetched_at": "2025-07-15T15:39:32.482486+00:00", "symbol": "BTC-USD"}, {"trade_id": 849706924, "side": "sell", "size": "0.08853117", "price": "116364.91000000", "time": "2025-07-15T15:39:04.146503Z", "fetched_at": "2025-07-15T15:39:32.482486+00:00", "symbol": "BTC-USD"}, {"trade_id": 849706923, "side": "sell", "size": "0.00001033", "price": "116364.91000000", "time": "2025-07-15T15:39:03.764304Z", "fetched_at": "2025-07-15T15:39:32.482486+00:00", "symbol": "BTC-USD"}, {"trade_id": 849706922, "side": "sell", "size": "0.00859342", "price": "116368.09000000", "time": "2025-07-15T15:39:03.756744Z", "fetched_at": "2025-07-15T15:39:32.482486+00:00", "symbol": "BTC-USD"}, {"trade_id": 849706921, "side": "buy", "size": "0.13961876", "price": "116363.48000000", "time": "2025-07-15T15:39:03.504077Z", "fetched_at": "2025-07-15T15:39:32.482486+00:00", "symbol": "BTC-USD"}, {"trade_id": 849706920, "side": "sell", "size": "0.06130541", "price": "116367.67000000", "time": "2025-07-15T15:39:03.082312Z", "fetched_at": "2025-07-15T15:39:32.482486+00:00", "symbol": "BTC-USD"}, {"trade_id": 849706919, "side": "buy", "size": "0.00859341", "price": "116368.28000000", "time": "2025-07-15T15:39:02.952994Z", "fetched_at": "2025-07-15T15:39:32.482486+00:00", "symbol": "BTC-USD"}, {"trade_id": 849706918, "side": "buy", "size": "0.00153700", "price": "116370.03000000", "time": "2025-07-15T15:39:02.952994Z", "fetched_at": "2025-07-15T15:39:32.482486+00:00", "symbol": "BTC-USD"}, {"trade_id": 849706917, "side": "buy", "size": "0.00650453", "price": "116370.03000000", "time": "2025-07-15T15:39:02.952994Z", "fetched_at": "2025-07-15T15:39:32.482486+00:00", "symbol": "BTC-USD"}, {"trade_id": 849706916, "side": "buy", "size": "0.00003365", "price": "116370.03000000", "time": "2025-07-15T15:39:02.952994Z", "fetched_at": "2025-07-15T15:39:32.482486+00:00", "symbol": "BTC-USD"}, {"trade_id": 849706915, "side": "sell", "size": "0.00008294", "price": "116370.04000000", "time": "2025-07-15T15:39:02.671456Z", "fetched_at": "2025-07-15T15:39:32.482486+00:00", "symbol": "BTC-USD"}, {"trade_id": 849706914, "side": "sell", "size": "0.00500000", "price": "116370.04000000", "time": "2025-07-15T15:39:02.543433Z", "fetched_at": "2025-07-15T15:39:32.482486+00:00", "symbol": "BTC-USD"}, {"trade_id": 849706913, "side": "sell", "size": "0.00055107", "price": "116370.04000000", "time": "2025-07-15T15:39:02.390149Z", "fetched_at": "2025-07-15T15:39:32.482486+00:00", "symbol": "BTC-USD"}, {"trade_id": 849706912, "side": "sell", "size": "0.00020368", "price": "116370.32000000", "time": "2025-07-15T15:39:02.186903Z", "fetched_at": "2025-07-15T15:39:32.482486+00:00", "symbol": "BTC-USD"}, {"trade_id": 849706911, "side": "sell", "size": "0.00016697", "price": "116370.33000000", "time": "2025-07-15T15:39:02.126897Z", "fetched_at": "2025-07-15T15:39:32.482486+00:00", "symbol": "BTC-USD"}, {"trade_id": 849706910, "side": "buy", "size": "0.00430475", "price": "116370.32000000", "time": "2025-07-15T15:39:01.954740Z", "fetched_at": "2025-07-15T15:39:32.482486+00:00", "symbol": "BTC-USD"}, {"trade_id": 849706909, "side": "buy", "size": "0.01062374", "price": "116370.32000000", "time": "2025-07-15T15:39:01.941557Z", "fetched_at": "2025-07-15T15:39:32.482486+00:00", "symbol": "BTC-USD"}, {"trade_id": 849706908, "side": "buy", "size": "0.05952474", "price": "116370.32000000", "time": "2025-07-15T15:39:01.940718Z", "fetched_at": "2025-07-15T15:39:32.482486+00:00", "symbol": "BTC-USD"}, {"trade_id": 849706907, "side": "sell", "size": "0.00040749", "price": "116375.69000000", "time": "2025-07-15T15:39:01.839182Z", "fetched_at": "2025-07-15T15:39:32.482486+00:00", "symbol": "BTC-USD"}, {"trade_id": 849706906, "side": "sell", "size": "0.00850560", "price": "116375.69000000", "time": "2025-07-15T15:39:01.613274Z", "fetched_at": "2025-07-15T15:39:32.482486+00:00", "symbol": "BTC-USD"}, {"trade_id": 849706905, "side": "sell", "size": "0.00424547", "price": "116375.69000000", "time": "2025-07-15T15:39:01.608386Z", "fetched_at": "2025-07-15T15:39:32.482486+00:00", "symbol": "BTC-USD"}, {"trade_id": 849706904, "side": "sell", "size": "0.00208767", "price": "116375.69000000", "time": "2025-07-15T15:39:01.539010Z", "fetched_at": "2025-07-15T15:39:32.482486+00:00", "symbol": "BTC-USD"}, {"trade_id": 849706903, "side": "buy", "size": "0.00607669", "price": "116378.01000000", "time": "2025-07-15T15:39:01.255635Z", "fetched_at": "2025-07-15T15:39:32.482486+00:00", "symbol": "BTC-USD"}, {"trade_id": 849706902, "side": "buy", "size": "0.00251600", "price": "116379.76000000", "time": "2025-07-15T15:39:01.255635Z", "fetched_at": "2025-07-15T15:39:32.482486+00:00", "symbol": "BTC-USD"}, {"trade_id": 849706901, "side": "buy", "size": "0.00948485", "price": "116379.76000000", "time": "2025-07-15T15:39:01.255635Z", "fetched_at": "2025-07-15T15:39:32.482486+00:00", "symbol": "BTC-USD"}, {"trade_id": 849706900, "side": "sell", "size": "0.00008431", "price": "116379.77000000", "time": "2025-07-15T15:39:01.033549Z", "fetched_at": "2025-07-15T15:39:32.482486+00:00", "symbol": "BTC-USD"}, {"trade_id": 849706899, "side": "sell", "size": "0.00209000", "price": "116379.77000000", "time": "2025-07-15T15:39:00.694934Z", "fetched_at": "2025-07-15T15:39:32.482486+00:00", "symbol": "BTC-USD"}, {"trade_id": 849706898, "side": "sell", "size": "0.00637907", "price": "116379.77000000", "time": "2025-07-15T15:39:00.644148Z", "fetched_at": "2025-07-15T15:39:32.482486+00:00", "symbol": "BTC-USD"}, {"trade_id": 849706897, "side": "buy", "size": "0.00264600", "price": "116382.84000000", "time": "2025-07-15T15:39:00.595948Z", "fetched_at": "2025-07-15T15:39:32.482486+00:00", "symbol": "BTC-USD"}, {"trade_id": 849706896, "side": "buy", "size": "0.00130000", "price": "116385.30000000", "time": "2025-07-15T15:39:00.287761Z", "fetched_at": "2025-07-15T15:39:32.482486+00:00", "symbol": "BTC-USD"}, {"trade_id": 849706895, "side": "sell", "size": "0.05317571", "price": "116385.31000000", "time": "2025-07-15T15:39:00.249357Z", "fetched_at": "2025-07-15T15:39:32.482486+00:00", "symbol": "BTC-USD"}, {"trade_id": 849706894, "side": "sell", "size": "0.00300000", "price": "116385.30000000", "time": "2025-07-15T15:39:00.249357Z", "fetched_at": "2025-07-15T15:39:32.482486+00:00", "symbol": "BTC-USD"}, {"trade_id": 849706893, "side": "sell", "size": "0.11784758", "price": "116385.31000000", "time": "2025-07-15T15:39:00.246323Z", "fetched_at": "2025-07-15T15:39:32.482486+00:00", "symbol": "BTC-USD"}, {"trade_id": 849706892, "side": "sell", "size": "0.00008293", "price": "116385.31000000", "time": "2025-07-15T15:39:00.175319Z", "fetched_at": "2025-07-15T15:39:32.482486+00:00", "symbol": "BTC-USD"}, {"trade_id": 849706891, "side": "sell", "size": "0.04055903", "price": "116385.31000000", "time": "2025-07-15T15:39:00.131843Z", "fetched_at": "2025-07-15T15:39:32.482486+00:00", "symbol": "BTC-USD"}, {"trade_id": 849706890, "side": "sell", "size": "0.00001034", "price": "116385.30000000", "time": "2025-07-15T15:39:00.131843Z", "fetched_at": "2025-07-15T15:39:32.482486+00:00", "symbol": "BTC-USD"}, {"trade_id": 849706889, "side": "sell", "size": "0.00753280", "price": "116385.10000000", "time": "2025-07-15T15:39:00.131843Z", "fetched_at": "2025-07-15T15:39:32.482486+00:00", "symbol": "BTC-USD"}, {"trade_id": 849706888, "side": "sell", "size": "0.00753280", "price": "116385.07000000", "time": "2025-07-15T15:39:00.131843Z", "fetched_at": "2025-07-15T15:39:32.482486+00:00", "symbol": "BTC-USD"}, {"trade_id": 849706887, "side": "sell", "size": "0.00083480", "price": "116385.26000000", "time": "2025-07-15T15:38:59.565250Z", "fetched_at": "2025-07-15T15:39:32.482486+00:00", "symbol": "BTC-USD"}, {"trade_id": 849706886, "side": "sell", "size": "0.00400000", "price": "116376.29000000", "time": "2025-07-15T15:38:59.444887Z", "fetched_at": "2025-07-15T15:39:32.482486+00:00", "symbol": "BTC-USD"}, {"trade_id": 849706885, "side": "sell", "size": "0.02462872", "price": "116379.97000000", "time": "2025-07-15T15:38:59.398989Z", "fetched_at": "2025-07-15T15:39:32.482486+00:00", "symbol": "BTC-USD"}, {"trade_id": 849706884, "side": "buy", "size": "0.00159000", "price": "116379.96000000", "time": "2025-07-15T15:38:59.379098Z", "fetched_at": "2025-07-15T15:39:32.482486+00:00", "symbol": "BTC-USD"}, {"trade_id": 849706883, "side": "buy", "size": "0.00392100", "price": "116381.75000000", "time": "2025-07-15T15:38:59.373359Z", "fetched_at": "2025-07-15T15:39:32.482486+00:00", "symbol": "BTC-USD"}, {"trade_id": 849706882, "side": "buy", "size": "0.00003545", "price": "116381.75000000", "time": "2025-07-15T15:38:59.373359Z", "fetched_at": "2025-07-15T15:39:32.482486+00:00", "symbol": "BTC-USD"}, {"trade_id": 849706881, "side": "buy", "size": "0.00005800", "price": "116381.75000000", "time": "2025-07-15T15:38:59.373359Z", "fetched_at": "2025-07-15T15:39:32.482486+00:00", "symbol": "BTC-USD"}, {"trade_id": 849706880, "side": "buy", "size": "0.00005480", "price": "116381.75000000", "time": "2025-07-15T15:38:59.373359Z", "fetched_at": "2025-07-15T15:39:32.482486+00:00", "symbol": "BTC-USD"}, {"trade_id": 849706879, "side": "sell", "size": "0.00407536", "price": "116382.16000000", "time": "2025-07-15T15:38:58.323295Z", "fetched_at": "2025-07-15T15:39:32.482486+00:00", "symbol": "BTC-USD"}, {"trade_id": 849706878, "side": "sell", "size": "0.00675000", "price": "116382.18000000", "time": "2025-07-15T15:38:58.263038Z", "fetched_at": "2025-07-15T15:39:32.482486+00:00", "symbol": "BTC-USD"}, {"trade_id": 849706877, "side": "sell", "size": "0.00065000", "price": "116382.18000000", "time": "2025-07-15T15:38:58.263038Z", "fetched_at": "2025-07-15T15:39:32.482486+00:00", "symbol": "BTC-USD"}, {"trade_id": 849706876, "side": "sell", "size": "0.00035056", "price": "116385.21000000", "time": "2025-07-15T15:38:57.573575Z", "fetched_at": "2025-07-15T15:39:32.482486+00:00", "symbol": "BTC-USD"}, {"trade_id": 849706875, "side": "sell", "size": "0.00024451", "price": "116385.30000000", "time": "2025-07-15T15:38:57.199739Z", "fetched_at": "2025-07-15T15:39:32.482486+00:00", "symbol": "BTC-USD"}, {"trade_id": 849706874, "side": "sell", "size": "0.00212687", "price": "116385.28000000", "time": "2025-07-15T15:38:57.043573Z", "fetched_at": "2025-07-15T15:39:32.482486+00:00", "symbol": "BTC-USD"}, {"trade_id": 849706873, "side": "sell", "size": "0.00004252", "price": "116385.27000000", "time": "2025-07-15T15:38:56.262116Z", "fetched_at": "2025-07-15T15:39:32.482486+00:00", "symbol": "BTC-USD"}, {"trade_id": 849706872, "side": "sell", "size": "0.00291716", "price": "116388.86000000", "time": "2025-07-15T15:38:55.750438Z", "fetched_at": "2025-07-15T15:39:32.482486+00:00", "symbol": "BTC-USD"}, {"trade_id": 849706871, "side": "sell", "size": "0.00042523", "price": "116388.85000000", "time": "2025-07-15T15:38:55.651316Z", "fetched_at": "2025-07-15T15:39:32.482486+00:00", "symbol": "BTC-USD"}, {"trade_id": 849706870, "side": "sell", "size": "0.00004252", "price": "116388.71000000", "time": "2025-07-15T15:38:55.251064Z", "fetched_at": "2025-07-15T15:39:32.482486+00:00", "symbol": "BTC-USD"}, {"trade_id": 849706869, "side": "sell", "size": "0.00083496", "price": "116396.10000000", "time": "2025-07-15T15:38:54.506922Z", "fetched_at": "2025-07-15T15:39:32.482486+00:00", "symbol": "BTC-USD"}, {"trade_id": 849706868, "side": "sell", "size": "0.00138669", "price": "116388.35000000", "time": "2025-07-15T15:38:53.697919Z", "fetched_at": "2025-07-15T15:39:32.482486+00:00", "symbol": "BTC-USD"}, {"trade_id": 849706867, "side": "sell", "size": "0.00041755", "price": "116388.46000000", "time": "2025-07-15T15:38:53.399294Z", "fetched_at": "2025-07-15T15:39:32.482486+00:00", "symbol": "BTC-USD"}, {"trade_id": 849706866, "side": "sell", "size": "0.00167058", "price": "116388.48000000", "time": "2025-07-15T15:38:53.339460Z", "fetched_at": "2025-07-15T15:39:32.482486+00:00", "symbol": "BTC-USD"}, {"trade_id": 849706865, "side": "sell", "size": "0.00182107", "price": "116384.00000000", "time": "2025-07-15T15:38:53.261287Z", "fetched_at": "2025-07-15T15:39:32.482486+00:00", "symbol": "BTC-USD"}, {"trade_id": 849706864, "side": "sell", "size": "0.00075000", "price": "116381.76000000", "time": "2025-07-15T15:38:53.261287Z", "fetched_at": "2025-07-15T15:39:32.482486+00:00", "symbol": "BTC-USD"}, {"trade_id": 849706863, "side": "sell", "size": "0.00050096", "price": "116381.76000000", "time": "2025-07-15T15:38:53.151440Z", "fetched_at": "2025-07-15T15:39:32.482486+00:00", "symbol": "BTC-USD"}, {"trade_id": 849706862, "side": "sell", "size": "0.00017865", "price": "116381.76000000", "time": "2025-07-15T15:38:52.815932Z", "fetched_at": "2025-07-15T15:39:32.482486+00:00", "symbol": "BTC-USD"}, {"trade_id": 849706861, "side": "sell", "size": "0.00183206", "price": "116381.76000000", "time": "2025-07-15T15:38:52.723080Z", "fetched_at": "2025-07-15T15:39:32.482486+00:00", "symbol": "BTC-USD"}, {"trade_id": 849706860, "side": "sell", "size": "0.00024576", "price": "116381.76000000", "time": "2025-07-15T15:38:52.666666Z", "fetched_at": "2025-07-15T15:39:32.482486+00:00", "symbol": "BTC-USD"}, {"trade_id": 849706859, "side": "sell", "size": "0.00001033", "price": "116381.76000000", "time": "2025-07-15T15:38:52.666666Z", "fetched_at": "2025-07-15T15:39:32.482486+00:00", "symbol": "BTC-USD"}, {"trade_id": 849706858, "side": "sell", "size": "0.00500000", "price": "116381.76000000", "time": "2025-07-15T15:38:52.592946Z", "fetched_at": "2025-07-15T15:39:32.482486+00:00", "symbol": "BTC-USD"}, {"trade_id": 849706857, "side": "buy", "size": "0.00006749", "price": "116381.75000000", "time": "2025-07-15T15:38:52.297381Z", "fetched_at": "2025-07-15T15:39:32.482486+00:00", "symbol": "BTC-USD"}, {"trade_id": 849706856, "side": "buy", "size": "0.00000171", "price": "116381.75000000", "time": "2025-07-15T15:38:51.930563Z", "fetched_at": "2025-07-15T15:39:32.482486+00:00", "symbol": "BTC-USD"}, {"trade_id": 849706855, "side": "sell", "size": "0.00025046", "price": "116393.93000000", "time": "2025-07-15T15:38:51.550319Z", "fetched_at": "2025-07-15T15:39:32.482486+00:00", "symbol": "BTC-USD"}, {"trade_id": 849706854, "side": "sell", "size": "0.00081497", "price": "116397.04000000", "time": "2025-07-15T15:38:51.372886Z", "fetched_at": "2025-07-15T15:39:32.482486+00:00", "symbol": "BTC-USD"}, {"trade_id": 849706853, "side": "sell", "size": "0.00000171", "price": "116393.34000000", "time": "2025-07-15T15:38:51.210960Z", "fetched_at": "2025-07-15T15:39:32.482486+00:00", "symbol": "BTC-USD"}, {"trade_id": 849706852, "side": "sell", "size": "0.00000043", "price": "116392.79000000", "time": "2025-07-15T15:38:51.207610Z", "fetched_at": "2025-07-15T15:39:32.482486+00:00", "symbol": "BTC-USD"}, {"trade_id": 849706851, "side": "sell", "size": "0.00002432", "price": "116392.77000000", "time": "2025-07-15T15:38:51.207610Z", "fetched_at": "2025-07-15T15:39:32.482486+00:00", "symbol": "BTC-USD"}, {"trade_id": 849706850, "side": "sell", "size": "0.00300000", "price": "116392.51000000", "time": "2025-07-15T15:38:51.207610Z", "fetched_at": "2025-07-15T15:39:32.482486+00:00", "symbol": "BTC-USD"}, {"trade_id": 849706849, "side": "sell", "size": "0.00285244", "price": "116392.08000000", "time": "2025-07-15T15:38:50.576149Z", "fetched_at": "2025-07-15T15:39:32.482486+00:00", "symbol": "BTC-USD"}, {"trade_id": 849706848, "side": "buy", "size": "0.00005610", "price": "116388.36000000", "time": "2025-07-15T15:38:50.573221Z", "fetched_at": "2025-07-15T15:39:32.482486+00:00", "symbol": "BTC-USD"}, {"trade_id": 849706847, "side": "sell", "size": "0.09261672", "price": "116392.08000000", "time": "2025-07-15T15:38:50.572944Z", "fetched_at": "2025-07-15T15:39:32.482486+00:00", "symbol": "BTC-USD"}, {"trade_id": 849706846, "side": "sell", "size": "0.00001992", "price": "116386.56000000", "time": "2025-07-15T15:38:50.565358Z", "fetched_at": "2025-07-15T15:39:32.482486+00:00", "symbol": "BTC-USD"}, {"trade_id": 849706845, "side": "sell", "size": "0.00001000", "price": "116388.36000000", "time": "2025-07-15T15:38:50.538555Z", "fetched_at": "2025-07-15T15:39:32.482486+00:00", "symbol": "BTC-USD"}, {"trade_id": 849706844, "side": "sell", "size": "0.00859193", "price": "116388.31000000", "time": "2025-07-15T15:38:50.538555Z", "fetched_at": "2025-07-15T15:39:32.482486+00:00", "symbol": "BTC-USD"}, {"trade_id": 849706843, "side": "sell", "size": "0.00000664", "price": "116386.56000000", "time": "2025-07-15T15:38:50.531466Z", "fetched_at": "2025-07-15T15:39:32.482486+00:00", "symbol": "BTC-USD"}, {"trade_id": 849706842, "side": "sell", "size": "0.01550553", "price": "116382.43000000", "time": "2025-07-15T15:38:50.472201Z", "fetched_at": "2025-07-15T15:39:32.482486+00:00", "symbol": "BTC-USD"}, {"trade_id": 849706841, "side": "sell", "size": "0.00127614", "price": "116382.43000000", "time": "2025-07-15T15:38:50.437330Z", "fetched_at": "2025-07-15T15:39:32.482486+00:00", "symbol": "BTC-USD"}, {"trade_id": 849706840, "side": "sell", "size": "0.00061943", "price": "116384.93000000", "time": "2025-07-15T15:38:50.405035Z", "fetched_at": "2025-07-15T15:39:32.482486+00:00", "symbol": "BTC-USD"}, {"trade_id": 849706839, "side": "sell", "size": "0.00300000", "price": "116380.68000000", "time": "2025-07-15T15:38:50.383950Z", "fetched_at": "2025-07-15T15:39:32.482486+00:00", "symbol": "BTC-USD"}, {"trade_id": 849706838, "side": "sell", "size": "0.00016295", "price": "116380.69000000", "time": "2025-07-15T15:38:50.356857Z", "fetched_at": "2025-07-15T15:39:32.482486+00:00", "symbol": "BTC-USD"}, {"trade_id": 849706837, "side": "sell", "size": "0.00020256", "price": "116372.99000000", "time": "2025-07-15T15:38:50.329555Z", "fetched_at": "2025-07-15T15:39:32.482486+00:00", "symbol": "BTC-USD"}, {"trade_id": 849706836, "side": "sell", "size": "0.00145628", "price": "116381.00000000", "time": "2025-07-15T15:38:50.302954Z", "fetched_at": "2025-07-15T15:39:32.482486+00:00", "symbol": "BTC-USD"}, {"trade_id": 849706835, "side": "sell", "size": "0.00020255", "price": "116379.63000000", "time": "2025-07-15T15:38:50.302954Z", "fetched_at": "2025-07-15T15:39:32.482486+00:00", "symbol": "BTC-USD"}, {"trade_id": 849706834, "side": "sell", "size": "0.00000937", "price": "116379.63000000", "time": "2025-07-15T15:38:50.302954Z", "fetched_at": "2025-07-15T15:39:32.482486+00:00", "symbol": "BTC-USD"}, {"trade_id": 849706833, "side": "sell", "size": "0.00000197", "price": "116372.99000000", "time": "2025-07-15T15:38:50.302954Z", "fetched_at": "2025-07-15T15:39:32.482486+00:00", "symbol": "BTC-USD"}, {"trade_id": 849706832, "side": "buy", "size": "0.00572000", "price": "116366.14000000", "time": "2025-07-15T15:38:50.254148Z", "fetched_at": "2025-07-15T15:39:32.482486+00:00", "symbol": "BTC-USD"}, {"trade_id": 849706831, "side": "sell", "size": "0.01116633", "price": "116372.99000000", "time": "2025-07-15T15:38:50.213832Z", "fetched_at": "2025-07-15T15:39:32.482486+00:00", "symbol": "BTC-USD"}, {"trade_id": 849706830, "side": "sell", "size": "0.00045697", "price": "116372.00000000", "time": "2025-07-15T15:38:50.186735Z", "fetched_at": "2025-07-15T15:39:32.482486+00:00", "symbol": "BTC-USD"}, {"trade_id": 849706829, "side": "sell", "size": "0.00000223", "price": "116371.79000000", "time": "2025-07-15T15:38:50.186735Z", "fetched_at": "2025-07-15T15:39:32.482486+00:00", "symbol": "BTC-USD"}, {"trade_id": 849706828, "side": "sell", "size": "0.00016321", "price": "116370.40000000", "time": "2025-07-15T15:38:50.028287Z", "fetched_at": "2025-07-15T15:39:32.482486+00:00", "symbol": "BTC-USD"}, {"trade_id": 849706827, "side": "sell", "size": "0.00004040", "price": "116368.64000000", "time": "2025-07-15T15:38:49.949409Z", "fetched_at": "2025-07-15T15:39:32.482486+00:00", "symbol": "BTC-USD"}, {"trade_id": 849706826, "side": "sell", "size": "0.00008292", "price": "116368.65000000", "time": "2025-07-15T15:38:49.651897Z", "fetched_at": "2025-07-15T15:39:32.482486+00:00", "symbol": "BTC-USD"}, {"trade_id": 849706825, "side": "sell", "size": "0.00041740", "price": "116368.66000000", "time": "2025-07-15T15:38:49.517734Z", "fetched_at": "2025-07-15T15:39:32.482486+00:00", "symbol": "BTC-USD"}, {"trade_id": 849706824, "side": "sell", "size": "0.00041740", "price": "116368.67000000", "time": "2025-07-15T15:38:49.421648Z", "fetched_at": "2025-07-15T15:39:32.482486+00:00", "symbol": "BTC-USD"}, {"trade_id": 849706823, "side": "sell", "size": "0.00083480", "price": "116368.68000000", "time": "2025-07-15T15:38:49.291049Z", "fetched_at": "2025-07-15T15:39:32.482486+00:00", "symbol": "BTC-USD"}, {"trade_id": 849706822, "side": "sell", "size": "0.00041748", "price": "116368.73000000", "time": "2025-07-15T15:38:48.928208Z", "fetched_at": "2025-07-15T15:39:32.482486+00:00", "symbol": "BTC-USD"}, {"trade_id": 849706821, "side": "sell", "size": "0.00020870", "price": "116368.72000000", "time": "2025-07-15T15:38:48.751614Z", "fetched_at": "2025-07-15T15:39:32.482486+00:00", "symbol": "BTC-USD"}, {"trade_id": 849706820, "side": "sell", "size": "0.00000171", "price": "116367.67000000", "time": "2025-07-15T15:38:48.480615Z", "fetched_at": "2025-07-15T15:39:32.482486+00:00", "symbol": "BTC-USD"}, {"trade_id": 849706819, "side": "sell", "size": "0.00001033", "price": "116367.38000000", "time": "2025-07-15T15:38:48.480615Z", "fetched_at": "2025-07-15T15:39:32.482486+00:00", "symbol": "BTC-USD"}, {"trade_id": 849706818, "side": "sell", "size": "0.00298796", "price": "116366.97000000", "time": "2025-07-15T15:38:48.480615Z", "fetched_at": "2025-07-15T15:39:32.482486+00:00", "symbol": "BTC-USD"}, {"trade_id": 849706817, "side": "sell", "size": "0.00001204", "price": "116366.97000000", "time": "2025-07-15T15:38:48.475059Z", "fetched_at": "2025-07-15T15:39:32.482486+00:00", "symbol": "BTC-USD"}, {"trade_id": 849706816, "side": "sell", "size": "0.00782100", "price": "116366.98000000", "time": "2025-07-15T15:38:48.468584Z", "fetched_at": "2025-07-15T15:39:32.482486+00:00", "symbol": "BTC-USD"}, {"trade_id": 849706815, "side": "sell", "size": "0.02560000", "price": "116366.98000000", "time": "2025-07-15T15:38:48.468584Z", "fetched_at": "2025-07-15T15:39:32.482486+00:00", "symbol": "BTC-USD"}, {"trade_id": 849706814, "side": "sell", "size": "0.00012519", "price": "116367.02000000", "time": "2025-07-15T15:38:48.194875Z", "fetched_at": "2025-07-15T15:39:32.482486+00:00", "symbol": "BTC-USD"}, {"trade_id": 849706813, "side": "buy", "size": "0.00086808", "price": "116358.31000000", "time": "2025-07-15T15:38:48.115472Z", "fetched_at": "2025-07-15T15:39:32.482486+00:00", "symbol": "BTC-USD"}, {"trade_id": 849706812, "side": "sell", "size": "0.00008293", "price": "116367.09000000", "time": "2025-07-15T15:38:47.917808Z", "fetched_at": "2025-07-15T15:39:32.482486+00:00", "symbol": "BTC-USD"}, {"trade_id": 849706811, "side": "sell", "size": "0.00008505", "price": "116367.29000000", "time": "2025-07-15T15:38:47.526903Z", "fetched_at": "2025-07-15T15:39:32.482486+00:00", "symbol": "BTC-USD"}, {"trade_id": 849706810, "side": "sell", "size": "0.00240344", "price": "116367.29000000", "time": "2025-07-15T15:38:47.492887Z", "fetched_at": "2025-07-15T15:39:32.482486+00:00", "symbol": "BTC-USD"}, {"trade_id": 849706809, "side": "sell", "size": "0.00050092", "price": "116367.31000000", "time": "2025-07-15T15:38:47.418865Z", "fetched_at": "2025-07-15T15:39:32.482486+00:00", "symbol": "BTC-USD"}, {"trade_id": 849706808, "side": "sell", "size": "0.00008505", "price": "116367.32000000", "time": "2025-07-15T15:38:47.397069Z", "fetched_at": "2025-07-15T15:39:32.482486+00:00", "symbol": "BTC-USD"}, {"trade_id": 849706807, "side": "sell", "size": "0.00041743", "price": "116367.36000000", "time": "2025-07-15T15:38:47.290882Z", "fetched_at": "2025-07-15T15:39:32.482486+00:00", "symbol": "BTC-USD"}, {"trade_id": 849706806, "side": "buy", "size": "0.00859328", "price": "116370.03000000", "time": "2025-07-15T15:38:46.384695Z", "fetched_at": "2025-07-15T15:39:32.482486+00:00", "symbol": "BTC-USD"}, {"trade_id": 849706805, "side": "buy", "size": "0.00047125", "price": "116371.78000000", "time": "2025-07-15T15:38:46.378363Z", "fetched_at": "2025-07-15T15:39:32.482486+00:00", "symbol": "BTC-USD"}, {"trade_id": 849706804, "side": "buy", "size": "0.00576000", "price": "116371.78000000", "time": "2025-07-15T15:38:46.377916Z", "fetched_at": "2025-07-15T15:39:32.482486+00:00", "symbol": "BTC-USD"}, {"trade_id": 849706803, "side": "sell", "size": "0.00021318", "price": "116379.58000000", "time": "2025-07-15T15:38:46.097978Z", "fetched_at": "2025-07-15T15:39:32.482486+00:00", "symbol": "BTC-USD"}, {"trade_id": 849706802, "side": "sell", "size": "0.00000031", "price": "116379.58000000", "time": "2025-07-15T15:38:46.059109Z", "fetched_at": "2025-07-15T15:39:32.482486+00:00", "symbol": "BTC-USD"}, {"trade_id": 849706801, "side": "sell", "size": "0.00000063", "price": "116379.63000000", "time": "2025-07-15T15:38:45.581683Z", "fetched_at": "2025-07-15T15:39:32.482486+00:00", "symbol": "BTC-USD"}, {"trade_id": 849706800, "side": "sell", "size": "0.00000206", "price": "116370.89000000", "time": "2025-07-15T15:38:45.491722Z", "fetched_at": "2025-07-15T15:39:32.482486+00:00", "symbol": "BTC-USD"}, {"trade_id": 849706799, "side": "sell", "size": "0.00300000", "price": "116370.88000000", "time": "2025-07-15T15:38:45.491722Z", "fetched_at": "2025-07-15T15:39:32.482486+00:00", "symbol": "BTC-USD"}, {"trade_id": 849706798, "side": "sell", "size": "0.00018898", "price": "116374.43000000", "time": "2025-07-15T15:38:45.451728Z", "fetched_at": "2025-07-15T15:39:32.482486+00:00", "symbol": "BTC-USD"}, {"trade_id": 849706797, "side": "sell", "size": "0.00361348", "price": "116374.43000000", "time": "2025-07-15T15:38:45.352753Z", "fetched_at": "2025-07-15T15:39:32.482486+00:00", "symbol": "BTC-USD"}, {"trade_id": 849706796, "side": "sell", "size": "0.00479049", "price": "116374.43000000", "time": "2025-07-15T15:38:45.349689Z", "fetched_at": "2025-07-15T15:39:32.482486+00:00", "symbol": "BTC-USD"}, {"trade_id": 849706795, "side": "sell", "size": "0.00000214", "price": "116372.81000000", "time": "2025-07-15T15:38:45.349689Z", "fetched_at": "2025-07-15T15:39:32.482486+00:00", "symbol": "BTC-USD"}, {"trade_id": 849706794, "side": "sell", "size": "0.00001000", "price": "116370.90000000", "time": "2025-07-15T15:38:45.282840Z", "fetched_at": "2025-07-15T15:39:32.482486+00:00", "symbol": "BTC-USD"}, {"trade_id": 849706793, "side": "sell", "size": "0.04900764", "price": "116370.89000000", "time": "2025-07-15T15:38:45.282840Z", "fetched_at": "2025-07-15T15:39:32.482486+00:00", "symbol": "BTC-USD"}, {"trade_id": 849706792, "side": "sell", "size": "0.00348565", "price": "116370.89000000", "time": "2025-07-15T15:38:45.280704Z", "fetched_at": "2025-07-15T15:39:32.482486+00:00", "symbol": "BTC-USD"}, {"trade_id": 849706791, "side": "sell", "size": "0.04190165", "price": "116370.89000000", "time": "2025-07-15T15:38:45.276377Z", "fetched_at": "2025-07-15T15:39:32.482486+00:00", "symbol": "BTC-USD"}, {"trade_id": 849706790, "side": "sell", "size": "0.01980287", "price": "116370.89000000", "time": "2025-07-15T15:38:45.268209Z", "fetched_at": "2025-07-15T15:39:32.482486+00:00", "symbol": "BTC-USD"}, {"trade_id": 849706789, "side": "sell", "size": "0.01508219", "price": "116370.89000000", "time": "2025-07-15T15:38:45.237763Z", "fetched_at": "2025-07-15T15:39:32.482486+00:00", "symbol": "BTC-USD"}, {"trade_id": 849706788, "side": "sell", "size": "0.00301000", "price": "116370.89000000", "time": "2025-07-15T15:38:45.231495Z", "fetched_at": "2025-07-15T15:39:32.482486+00:00", "symbol": "BTC-USD"}, {"trade_id": 849706787, "side": "sell", "size": "0.00001000", "price": "116370.89000000", "time": "2025-07-15T15:38:45.231153Z", "fetched_at": "2025-07-15T15:39:32.482486+00:00", "symbol": "BTC-USD"}, {"trade_id": 849706786, "side": "sell", "size": "0.00300000", "price": "116370.89000000", "time": "2025-07-15T15:38:45.231153Z", "fetched_at": "2025-07-15T15:39:32.482486+00:00", "symbol": "BTC-USD"}, {"trade_id": 849706785, "side": "sell", "size": "0.00859349", "price": "116367.13000000", "time": "2025-07-15T15:38:45.091095Z", "fetched_at": "2025-07-15T15:39:32.482486+00:00", "symbol": "BTC-USD"}, {"trade_id": 849706784, "side": "buy", "size": "0.00001659", "price": "116366.52000000", "time": "2025-07-15T15:38:45.085829Z", "fetched_at": "2025-07-15T15:39:32.482486+00:00", "symbol": "BTC-USD"}, {"trade_id": 849706783, "side": "buy", "size": "0.00002212", "price": "116366.85000000", "time": "2025-07-15T15:38:45.085829Z", "fetched_at": "2025-07-15T15:39:32.482486+00:00", "symbol": "BTC-USD"}, {"trade_id": 849706782, "side": "sell", "size": "0.03610159", "price": "116365.38000000", "time": "2025-07-15T15:38:45.076107Z", "fetched_at": "2025-07-15T15:39:32.482486+00:00", "symbol": "BTC-USD"}, {"trade_id": 849706781, "side": "sell", "size": "0.00073383", "price": "116365.38000000", "time": "2025-07-15T15:38:45.071530Z", "fetched_at": "2025-07-15T15:39:32.482486+00:00", "symbol": "BTC-USD"}, {"trade_id": 849706780, "side": "sell", "size": "0.02825586", "price": "116360.72000000", "time": "2025-07-15T15:38:44.962932Z", "fetched_at": "2025-07-15T15:39:32.482486+00:00", "symbol": "BTC-USD"}, {"trade_id": 849706779, "side": "sell", "size": "0.00700352", "price": "116360.72000000", "time": "2025-07-15T15:38:44.960673Z", "fetched_at": "2025-07-15T15:39:32.482486+00:00", "symbol": "BTC-USD"}, {"trade_id": 849706778, "side": "sell", "size": "0.02543196", "price": "116360.72000000", "time": "2025-07-15T15:38:44.959542Z", "fetched_at": "2025-07-15T15:39:32.482486+00:00", "symbol": "BTC-USD"}, {"trade_id": 849706777, "side": "sell", "size": "0.05119598", "price": "116360.72000000", "time": "2025-07-15T15:38:44.955824Z", "fetched_at": "2025-07-15T15:39:32.482486+00:00", "symbol": "BTC-USD"}, {"trade_id": 849706776, "side": "sell", "size": "0.13381456", "price": "116360.72000000", "time": "2025-07-15T15:38:44.954715Z", "fetched_at": "2025-07-15T15:39:32.482486+00:00", "symbol": "BTC-USD"}, {"trade_id": 849706775, "side": "sell", "size": "0.08186586", "price": "116360.72000000", "time": "2025-07-15T15:38:44.940853Z", "fetched_at": "2025-07-15T15:39:32.482486+00:00", "symbol": "BTC-USD"}