[{"trade_id": 849633562, "side": "sell", "size": "0.07419552", "price": "116979.81000000", "time": "2025-07-15T14:39:31.323527Z", "fetched_at": "2025-07-15T14:39:33.150947+00:00", "symbol": "BTC-USD"}, {"trade_id": 849633561, "side": "sell", "size": "0.02580448", "price": "116979.81000000", "time": "2025-07-15T14:39:31.323527Z", "fetched_at": "2025-07-15T14:39:33.150947+00:00", "symbol": "BTC-USD"}, {"trade_id": 849633560, "side": "sell", "size": "0.00009098", "price": "116979.81000000", "time": "2025-07-15T14:39:31.102957Z", "fetched_at": "2025-07-15T14:39:33.150947+00:00", "symbol": "BTC-USD"}, {"trade_id": 849633559, "side": "sell", "size": "0.00020853", "price": "116980.99000000", "time": "2025-07-15T14:39:30.699782Z", "fetched_at": "2025-07-15T14:39:33.150947+00:00", "symbol": "BTC-USD"}, {"trade_id": 849633558, "side": "sell", "size": "0.00021455", "price": "116980.99000000", "time": "2025-07-15T14:39:30.699782Z", "fetched_at": "2025-07-15T14:39:33.150947+00:00", "symbol": "BTC-USD"}, {"trade_id": 849633557, "side": "sell", "size": "0.00595696", "price": "116981.74000000", "time": "2025-07-15T14:39:30.266122Z", "fetched_at": "2025-07-15T14:39:33.150947+00:00", "symbol": "BTC-USD"}, {"trade_id": 849633556, "side": "sell", "size": "0.00336129", "price": "116981.74000000", "time": "2025-07-15T14:39:30.261763Z", "fetched_at": "2025-07-15T14:39:33.150947+00:00", "symbol": "BTC-USD"}, {"trade_id": 849633555, "side": "sell", "size": "0.00329434", "price": "116981.74000000", "time": "2025-07-15T14:39:30.257817Z", "fetched_at": "2025-07-15T14:39:33.150947+00:00", "symbol": "BTC-USD"}, {"trade_id": 849633554, "side": "sell", "size": "0.00595696", "price": "116981.74000000", "time": "2025-07-15T14:39:30.253762Z", "fetched_at": "2025-07-15T14:39:33.150947+00:00", "symbol": "BTC-USD"}, {"trade_id": 849633553, "side": "sell", "size": "0.00595696", "price": "116981.74000000", "time": "2025-07-15T14:39:30.252249Z", "fetched_at": "2025-07-15T14:39:33.150947+00:00", "symbol": "BTC-USD"}, {"trade_id": 849633552, "side": "sell", "size": "0.00595696", "price": "116981.74000000", "time": "2025-07-15T14:39:30.246038Z", "fetched_at": "2025-07-15T14:39:33.150947+00:00", "symbol": "BTC-USD"}, {"trade_id": 849633551, "side": "sell", "size": "0.00382305", "price": "116981.75000000", "time": "2025-07-15T14:39:30.242100Z", "fetched_at": "2025-07-15T14:39:33.150947+00:00", "symbol": "BTC-USD"}, {"trade_id": 849633550, "side": "sell", "size": "0.00213391", "price": "116981.74000000", "time": "2025-07-15T14:39:30.242100Z", "fetched_at": "2025-07-15T14:39:33.150947+00:00", "symbol": "BTC-USD"}, {"trade_id": 849633549, "side": "buy", "size": "0.09657087", "price": "116975.25000000", "time": "2025-07-15T14:39:30.032880Z", "fetched_at": "2025-07-15T14:39:33.150947+00:00", "symbol": "BTC-USD"}, {"trade_id": 849633548, "side": "buy", "size": "0.00425950", "price": "116975.28000000", "time": "2025-07-15T14:39:30.032880Z", "fetched_at": "2025-07-15T14:39:33.150947+00:00", "symbol": "BTC-USD"}, {"trade_id": 849633547, "side": "buy", "size": "0.00641075", "price": "116978.38000000", "time": "2025-07-15T14:39:30.032880Z", "fetched_at": "2025-07-15T14:39:33.150947+00:00", "symbol": "BTC-USD"}, {"trade_id": 849633546, "side": "buy", "size": "0.00427412", "price": "116981.03000000", "time": "2025-07-15T14:39:30.032880Z", "fetched_at": "2025-07-15T14:39:33.150947+00:00", "symbol": "BTC-USD"}, {"trade_id": 849633545, "side": "buy", "size": "0.06117045", "price": "116981.04000000", "time": "2025-07-15T14:39:30.032880Z", "fetched_at": "2025-07-15T14:39:33.150947+00:00", "symbol": "BTC-USD"}, {"trade_id": 849633544, "side": "sell", "size": "0.00290898", "price": "116984.78000000", "time": "2025-07-15T14:39:29.903532Z", "fetched_at": "2025-07-15T14:39:33.150947+00:00", "symbol": "BTC-USD"}, {"trade_id": 849633543, "side": "sell", "size": "0.01943214", "price": "116984.78000000", "time": "2025-07-15T14:39:29.899965Z", "fetched_at": "2025-07-15T14:39:33.150947+00:00", "symbol": "BTC-USD"}, {"trade_id": 849633542, "side": "sell", "size": "0.00276317", "price": "116984.78000000", "time": "2025-07-15T14:39:29.896909Z", "fetched_at": "2025-07-15T14:39:33.150947+00:00", "symbol": "BTC-USD"}, {"trade_id": 849633541, "side": "sell", "size": "0.00225407", "price": "116984.78000000", "time": "2025-07-15T14:39:29.894376Z", "fetched_at": "2025-07-15T14:39:33.150947+00:00", "symbol": "BTC-USD"}, {"trade_id": 849633540, "side": "sell", "size": "0.00007853", "price": "116984.77000000", "time": "2025-07-15T14:39:29.890521Z", "fetched_at": "2025-07-15T14:39:33.150947+00:00", "symbol": "BTC-USD"}, {"trade_id": 849633539, "side": "sell", "size": "0.00266688", "price": "116984.77000000", "time": "2025-07-15T14:39:29.886978Z", "fetched_at": "2025-07-15T14:39:33.150947+00:00", "symbol": "BTC-USD"}, {"trade_id": 849633538, "side": "sell", "size": "0.00343602", "price": "116984.77000000", "time": "2025-07-15T14:39:29.883532Z", "fetched_at": "2025-07-15T14:39:33.150947+00:00", "symbol": "BTC-USD"}, {"trade_id": 849633537, "side": "sell", "size": "0.00297970", "price": "116984.77000000", "time": "2025-07-15T14:39:29.880189Z", "fetched_at": "2025-07-15T14:39:33.150947+00:00", "symbol": "BTC-USD"}, {"trade_id": 849633536, "side": "sell", "size": "0.00629440", "price": "116984.77000000", "time": "2025-07-15T14:39:29.876145Z", "fetched_at": "2025-07-15T14:39:33.150947+00:00", "symbol": "BTC-USD"}, {"trade_id": 849633535, "side": "sell", "size": "0.03454447", "price": "116984.77000000", "time": "2025-07-15T14:39:29.872403Z", "fetched_at": "2025-07-15T14:39:33.150947+00:00", "symbol": "BTC-USD"}, {"trade_id": 849633534, "side": "sell", "size": "0.01381108", "price": "116984.78000000", "time": "2025-07-15T14:39:29.770867Z", "fetched_at": "2025-07-15T14:39:33.150947+00:00", "symbol": "BTC-USD"}, {"trade_id": 849633533, "side": "sell", "size": "0.00084631", "price": "116984.78000000", "time": "2025-07-15T14:39:29.560837Z", "fetched_at": "2025-07-15T14:39:33.150947+00:00", "symbol": "BTC-USD"}, {"trade_id": 849633532, "side": "sell", "size": "0.00307312", "price": "116984.77000000", "time": "2025-07-15T14:39:29.341680Z", "fetched_at": "2025-07-15T14:39:33.150947+00:00", "symbol": "BTC-USD"}, {"trade_id": 849633531, "side": "sell", "size": "0.00333517", "price": "116984.77000000", "time": "2025-07-15T14:39:29.337984Z", "fetched_at": "2025-07-15T14:39:33.150947+00:00", "symbol": "BTC-USD"}, {"trade_id": 849633530, "side": "sell", "size": "0.00409407", "price": "116984.77000000", "time": "2025-07-15T14:39:29.334065Z", "fetched_at": "2025-07-15T14:39:33.150947+00:00", "symbol": "BTC-USD"}, {"trade_id": 849633529, "side": "sell", "size": "0.00868490", "price": "116984.77000000", "time": "2025-07-15T14:39:29.330109Z", "fetched_at": "2025-07-15T14:39:33.150947+00:00", "symbol": "BTC-USD"}, {"trade_id": 849633528, "side": "sell", "size": "0.00868490", "price": "116984.77000000", "time": "2025-07-15T14:39:29.326112Z", "fetched_at": "2025-07-15T14:39:33.150947+00:00", "symbol": "BTC-USD"}, {"trade_id": 849633527, "side": "sell", "size": "0.01107754", "price": "116984.71000000", "time": "2025-07-15T14:39:29.305316Z", "fetched_at": "2025-07-15T14:39:33.150947+00:00", "symbol": "BTC-USD"}, {"trade_id": 849633526, "side": "sell", "size": "0.00523387", "price": "116984.79000000", "time": "2025-07-15T14:39:29.048496Z", "fetched_at": "2025-07-15T14:39:33.150947+00:00", "symbol": "BTC-USD"}, {"trade_id": 849633525, "side": "sell", "size": "0.00325099", "price": "116984.79000000", "time": "2025-07-15T14:39:29.048496Z", "fetched_at": "2025-07-15T14:39:33.150947+00:00", "symbol": "BTC-USD"}, {"trade_id": 849633524, "side": "sell", "size": "0.03210549", "price": "116984.80000000", "time": "2025-07-15T14:39:29.012233Z", "fetched_at": "2025-07-15T14:39:33.150947+00:00", "symbol": "BTC-USD"}, {"trade_id": 849633523, "side": "buy", "size": "0.00017692", "price": "116981.54000000", "time": "2025-07-15T14:39:28.837321Z", "fetched_at": "2025-07-15T14:39:33.150947+00:00", "symbol": "BTC-USD"}, {"trade_id": 849633522, "side": "sell", "size": "0.00769397", "price": "116984.80000000", "time": "2025-07-15T14:39:28.466807Z", "fetched_at": "2025-07-15T14:39:33.150947+00:00", "symbol": "BTC-USD"}, {"trade_id": 849633521, "side": "sell", "size": "0.00001626", "price": "116984.86000000", "time": "2025-07-15T14:39:28.095913Z", "fetched_at": "2025-07-15T14:39:33.150947+00:00", "symbol": "BTC-USD"}, {"trade_id": 849633520, "side": "sell", "size": "0.00040512", "price": "116983.03000000", "time": "2025-07-15T14:39:27.482685Z", "fetched_at": "2025-07-15T14:39:33.150947+00:00", "symbol": "BTC-USD"}, {"trade_id": 849633519, "side": "sell", "size": "0.00040512", "price": "116983.01000000", "time": "2025-07-15T14:39:27.479482Z", "fetched_at": "2025-07-15T14:39:33.150947+00:00", "symbol": "BTC-USD"}, {"trade_id": 849633518, "side": "sell", "size": "0.00309301", "price": "116983.00000000", "time": "2025-07-15T14:39:27.458094Z", "fetched_at": "2025-07-15T14:39:33.150947+00:00", "symbol": "BTC-USD"}, {"trade_id": 849633517, "side": "sell", "size": "0.00309301", "price": "116983.00000000", "time": "2025-07-15T14:39:27.456103Z", "fetched_at": "2025-07-15T14:39:33.150947+00:00", "symbol": "BTC-USD"}, {"trade_id": 849633516, "side": "sell", "size": "0.00263153", "price": "116983.00000000", "time": "2025-07-15T14:39:27.451712Z", "fetched_at": "2025-07-15T14:39:33.150947+00:00", "symbol": "BTC-USD"}, {"trade_id": 849633515, "side": "sell", "size": "0.00309301", "price": "116983.00000000", "time": "2025-07-15T14:39:27.448612Z", "fetched_at": "2025-07-15T14:39:33.150947+00:00", "symbol": "BTC-USD"}, {"trade_id": 849633514, "side": "sell", "size": "0.00309301", "price": "116983.00000000", "time": "2025-07-15T14:39:27.445267Z", "fetched_at": "2025-07-15T14:39:33.150947+00:00", "symbol": "BTC-USD"}, {"trade_id": 849633513, "side": "sell", "size": "0.00304937", "price": "116983.00000000", "time": "2025-07-15T14:39:27.441065Z", "fetched_at": "2025-07-15T14:39:33.150947+00:00", "symbol": "BTC-USD"}, {"trade_id": 849633512, "side": "sell", "size": "0.00004364", "price": "116983.00000000", "time": "2025-07-15T14:39:27.441065Z", "fetched_at": "2025-07-15T14:39:33.150947+00:00", "symbol": "BTC-USD"}, {"trade_id": 849633511, "side": "sell", "size": "0.00054244", "price": "116982.78000000", "time": "2025-07-15T14:39:27.057543Z", "fetched_at": "2025-07-15T14:39:33.150947+00:00", "symbol": "BTC-USD"}, {"trade_id": 849633510, "side": "sell", "size": "0.00054244", "price": "116982.78000000", "time": "2025-07-15T14:39:27.053667Z", "fetched_at": "2025-07-15T14:39:33.150947+00:00", "symbol": "BTC-USD"}, {"trade_id": 849633509, "side": "sell", "size": "0.00029074", "price": "116981.03000000", "time": "2025-07-15T14:39:26.634251Z", "fetched_at": "2025-07-15T14:39:33.150947+00:00", "symbol": "BTC-USD"}, {"trade_id": 849633508, "side": "sell", "size": "0.00055000", "price": "116981.03000000", "time": "2025-07-15T14:39:26.627731Z", "fetched_at": "2025-07-15T14:39:33.150947+00:00", "symbol": "BTC-USD"}, {"trade_id": 849633507, "side": "sell", "size": "0.00002539", "price": "116981.03000000", "time": "2025-07-15T14:39:26.548568Z", "fetched_at": "2025-07-15T14:39:33.150947+00:00", "symbol": "BTC-USD"}, {"trade_id": 849633506, "side": "sell", "size": "0.04787931", "price": "116981.03000000", "time": "2025-07-15T14:39:26.346720Z", "fetched_at": "2025-07-15T14:39:33.150947+00:00", "symbol": "BTC-USD"}, {"trade_id": 849633505, "side": "sell", "size": "0.00046480", "price": "116981.03000000", "time": "2025-07-15T14:39:26.093809Z", "fetched_at": "2025-07-15T14:39:33.150947+00:00", "symbol": "BTC-USD"}, {"trade_id": 849633504, "side": "sell", "size": "0.00119000", "price": "116981.03000000", "time": "2025-07-15T14:39:26.054530Z", "fetched_at": "2025-07-15T14:39:33.150947+00:00", "symbol": "BTC-USD"}, {"trade_id": 849633503, "side": "sell", "size": "0.01925886", "price": "116981.03000000", "time": "2025-07-15T14:39:25.634636Z", "fetched_at": "2025-07-15T14:39:33.150947+00:00", "symbol": "BTC-USD"}, {"trade_id": 849633502, "side": "sell", "size": "0.00041531", "price": "116981.03000000", "time": "2025-07-15T14:39:25.630451Z", "fetched_at": "2025-07-15T14:39:33.150947+00:00", "symbol": "BTC-USD"}, {"trade_id": 849633501, "side": "sell", "size": "0.01012300", "price": "116981.03000000", "time": "2025-07-15T14:39:25.073545Z", "fetched_at": "2025-07-15T14:39:33.150947+00:00", "symbol": "BTC-USD"}, {"trade_id": 849633500, "side": "sell", "size": "0.00329161", "price": "116980.47000000", "time": "2025-07-15T14:39:25.066324Z", "fetched_at": "2025-07-15T14:39:33.150947+00:00", "symbol": "BTC-USD"}, {"trade_id": 849633499, "side": "sell", "size": "0.01462041", "price": "116980.47000000", "time": "2025-07-15T14:39:25.066324Z", "fetched_at": "2025-07-15T14:39:33.150947+00:00", "symbol": "BTC-USD"}, {"trade_id": 849633498, "side": "sell", "size": "0.36191215", "price": "116980.47000000", "time": "2025-07-15T14:39:25.065828Z", "fetched_at": "2025-07-15T14:39:33.150947+00:00", "symbol": "BTC-USD"}, {"trade_id": 849633497, "side": "sell", "size": "0.00644203", "price": "116980.47000000", "time": "2025-07-15T14:39:25.041046Z", "fetched_at": "2025-07-15T14:39:33.150947+00:00", "symbol": "BTC-USD"}, {"trade_id": 849633496, "side": "sell", "size": "0.00437791", "price": "116978.49000000", "time": "2025-07-15T14:39:25.032835Z", "fetched_at": "2025-07-15T14:39:33.150947+00:00", "symbol": "BTC-USD"}, {"trade_id": 849633495, "side": "sell", "size": "0.00311665", "price": "116978.49000000", "time": "2025-07-15T14:39:25.030514Z", "fetched_at": "2025-07-15T14:39:33.150947+00:00", "symbol": "BTC-USD"}, {"trade_id": 849633494, "side": "sell", "size": "0.00039218", "price": "116978.49000000", "time": "2025-07-15T14:39:25.024392Z", "fetched_at": "2025-07-15T14:39:33.150947+00:00", "symbol": "BTC-USD"}, {"trade_id": 849633493, "side": "sell", "size": "0.00170110", "price": "116978.49000000", "time": "2025-07-15T14:39:25.021913Z", "fetched_at": "2025-07-15T14:39:33.150947+00:00", "symbol": "BTC-USD"}, {"trade_id": 849633492, "side": "sell", "size": "0.00644203", "price": "116978.49000000", "time": "2025-07-15T14:39:25.019529Z", "fetched_at": "2025-07-15T14:39:33.150947+00:00", "symbol": "BTC-USD"}, {"trade_id": 849633491, "side": "sell", "size": "0.00439810", "price": "116978.49000000", "time": "2025-07-15T14:39:25.015813Z", "fetched_at": "2025-07-15T14:39:33.150947+00:00", "symbol": "BTC-USD"}, {"trade_id": 849633490, "side": "sell", "size": "0.00463547", "price": "116978.49000000", "time": "2025-07-15T14:39:25.012277Z", "fetched_at": "2025-07-15T14:39:33.150947+00:00", "symbol": "BTC-USD"}, {"trade_id": 849633489, "side": "sell", "size": "0.00103015", "price": "116978.49000000", "time": "2025-07-15T14:39:25.007165Z", "fetched_at": "2025-07-15T14:39:33.150947+00:00", "symbol": "BTC-USD"}, {"trade_id": 849633488, "side": "sell", "size": "0.00463547", "price": "116978.49000000", "time": "2025-07-15T14:39:25.003303Z", "fetched_at": "2025-07-15T14:39:33.150947+00:00", "symbol": "BTC-USD"}, {"trade_id": 849633487, "side": "sell", "size": "0.00463547", "price": "116978.49000000", "time": "2025-07-15T14:39:25.000554Z", "fetched_at": "2025-07-15T14:39:33.150947+00:00", "symbol": "BTC-USD"}, {"trade_id": 849633486, "side": "sell", "size": "0.00463547", "price": "116978.49000000", "time": "2025-07-15T14:39:24.994814Z", "fetched_at": "2025-07-15T14:39:33.150947+00:00", "symbol": "BTC-USD"}, {"trade_id": 849633485, "side": "sell", "size": "0.00012458", "price": "116976.95000000", "time": "2025-07-15T14:39:24.956575Z", "fetched_at": "2025-07-15T14:39:33.150947+00:00", "symbol": "BTC-USD"}, {"trade_id": 849633484, "side": "buy", "size": "0.00690598", "price": "116976.94000000", "time": "2025-07-15T14:39:24.040258Z", "fetched_at": "2025-07-15T14:39:33.150947+00:00", "symbol": "BTC-USD"}, {"trade_id": 849633483, "side": "sell", "size": "0.00061000", "price": "116976.95000000", "time": "2025-07-15T14:39:23.914588Z", "fetched_at": "2025-07-15T14:39:33.150947+00:00", "symbol": "BTC-USD"}, {"trade_id": 849633482, "side": "sell", "size": "0.00355732", "price": "116976.95000000", "time": "2025-07-15T14:39:23.180224Z", "fetched_at": "2025-07-15T14:39:33.150947+00:00", "symbol": "BTC-USD"}, {"trade_id": 849633481, "side": "sell", "size": "0.00317419", "price": "116976.95000000", "time": "2025-07-15T14:39:23.176214Z", "fetched_at": "2025-07-15T14:39:33.150947+00:00", "symbol": "BTC-USD"}, {"trade_id": 849633480, "side": "sell", "size": "0.00280547", "price": "116976.95000000", "time": "2025-07-15T14:39:23.172362Z", "fetched_at": "2025-07-15T14:39:33.150947+00:00", "symbol": "BTC-USD"}, {"trade_id": 849633479, "side": "sell", "size": "0.00412123", "price": "116976.95000000", "time": "2025-07-15T14:39:23.168757Z", "fetched_at": "2025-07-15T14:39:33.150947+00:00", "symbol": "BTC-USD"}, {"trade_id": 849633478, "side": "sell", "size": "0.00271131", "price": "116976.95000000", "time": "2025-07-15T14:39:23.165291Z", "fetched_at": "2025-07-15T14:39:33.150947+00:00", "symbol": "BTC-USD"}, {"trade_id": 849633477, "side": "sell", "size": "0.00301477", "price": "116976.95000000", "time": "2025-07-15T14:39:23.161177Z", "fetched_at": "2025-07-15T14:39:33.150947+00:00", "symbol": "BTC-USD"}, {"trade_id": 849633476, "side": "sell", "size": "0.02409859", "price": "116976.95000000", "time": "2025-07-15T14:39:23.157463Z", "fetched_at": "2025-07-15T14:39:33.150947+00:00", "symbol": "BTC-USD"}, {"trade_id": 849633475, "side": "sell", "size": "0.02409859", "price": "116976.95000000", "time": "2025-07-15T14:39:23.153724Z", "fetched_at": "2025-07-15T14:39:33.150947+00:00", "symbol": "BTC-USD"}, {"trade_id": 849633474, "side": "sell", "size": "0.00333264", "price": "116976.96000000", "time": "2025-07-15T14:39:22.923471Z", "fetched_at": "2025-07-15T14:39:33.150947+00:00", "symbol": "BTC-USD"}, {"trade_id": 849633473, "side": "sell", "size": "0.00319224", "price": "116976.96000000", "time": "2025-07-15T14:39:22.919783Z", "fetched_at": "2025-07-15T14:39:33.150947+00:00", "symbol": "BTC-USD"}, {"trade_id": 849633472, "side": "sell", "size": "0.00303401", "price": "116976.96000000", "time": "2025-07-15T14:39:22.915603Z", "fetched_at": "2025-07-15T14:39:33.150947+00:00", "symbol": "BTC-USD"}, {"trade_id": 849633471, "side": "sell", "size": "0.00330717", "price": "116976.96000000", "time": "2025-07-15T14:39:22.912384Z", "fetched_at": "2025-07-15T14:39:33.150947+00:00", "symbol": "BTC-USD"}, {"trade_id": 849633470, "side": "sell", "size": "0.00300731", "price": "116976.96000000", "time": "2025-07-15T14:39:22.908748Z", "fetched_at": "2025-07-15T14:39:33.150947+00:00", "symbol": "BTC-USD"}, {"trade_id": 849633469, "side": "sell", "size": "0.00334979", "price": "116976.96000000", "time": "2025-07-15T14:39:22.904843Z", "fetched_at": "2025-07-15T14:39:33.150947+00:00", "symbol": "BTC-USD"}, {"trade_id": 849633468, "side": "sell", "size": "0.01871244", "price": "116976.96000000", "time": "2025-07-15T14:39:22.901120Z", "fetched_at": "2025-07-15T14:39:33.150947+00:00", "symbol": "BTC-USD"}, {"trade_id": 849633467, "side": "sell", "size": "0.00349859", "price": "116976.96000000", "time": "2025-07-15T14:39:22.821689Z", "fetched_at": "2025-07-15T14:39:33.150947+00:00", "symbol": "BTC-USD"}, {"trade_id": 849633466, "side": "sell", "size": "0.00327330", "price": "116976.96000000", "time": "2025-07-15T14:39:22.817891Z", "fetched_at": "2025-07-15T14:39:33.150947+00:00", "symbol": "BTC-USD"}, {"trade_id": 849633465, "side": "sell", "size": "0.00329937", "price": "116976.96000000", "time": "2025-07-15T14:39:22.813867Z", "fetched_at": "2025-07-15T14:39:33.150947+00:00", "symbol": "BTC-USD"}, {"trade_id": 849633464, "side": "sell", "size": "0.00273839", "price": "116976.96000000", "time": "2025-07-15T14:39:22.809960Z", "fetched_at": "2025-07-15T14:39:33.150947+00:00", "symbol": "BTC-USD"}, {"trade_id": 849633463, "side": "sell", "size": "0.00368959", "price": "116976.96000000", "time": "2025-07-15T14:39:22.807234Z", "fetched_at": "2025-07-15T14:39:33.150947+00:00", "symbol": "BTC-USD"}, {"trade_id": 849633462, "side": "sell", "size": "0.00948601", "price": "116976.96000000", "time": "2025-07-15T14:39:22.802813Z", "fetched_at": "2025-07-15T14:39:33.150947+00:00", "symbol": "BTC-USD"}, {"trade_id": 849633461, "side": "sell", "size": "0.00270716", "price": "116976.96000000", "time": "2025-07-15T14:39:22.798813Z", "fetched_at": "2025-07-15T14:39:33.150947+00:00", "symbol": "BTC-USD"}, {"trade_id": 849633460, "side": "sell", "size": "0.01210060", "price": "116976.96000000", "time": "2025-07-15T14:39:22.787883Z", "fetched_at": "2025-07-15T14:39:33.150947+00:00", "symbol": "BTC-USD"}, {"trade_id": 849633459, "side": "sell", "size": "0.00655265", "price": "116976.96000000", "time": "2025-07-15T14:39:22.784538Z", "fetched_at": "2025-07-15T14:39:33.150947+00:00", "symbol": "BTC-USD"}, {"trade_id": 849633458, "side": "sell", "size": "0.00124839", "price": "116977.09000000", "time": "2025-07-15T14:39:22.780690Z", "fetched_at": "2025-07-15T14:39:33.150947+00:00", "symbol": "BTC-USD"}, {"trade_id": 849633457, "side": "sell", "size": "0.00854861", "price": "116977.99000000", "time": "2025-07-15T14:39:22.608077Z", "fetched_at": "2025-07-15T14:39:33.150947+00:00", "symbol": "BTC-USD"}, {"trade_id": 849633456, "side": "sell", "size": "0.00069765", "price": "116977.99000000", "time": "2025-07-15T14:39:22.604867Z", "fetched_at": "2025-07-15T14:39:33.150947+00:00", "symbol": "BTC-USD"}, {"trade_id": 849633455, "side": "sell", "size": "0.00367807", "price": "116978.50000000", "time": "2025-07-15T14:39:22.470590Z", "fetched_at": "2025-07-15T14:39:33.150947+00:00", "symbol": "BTC-USD"}, {"trade_id": 849633454, "side": "sell", "size": "0.00862118", "price": "116978.50000000", "time": "2025-07-15T14:39:22.410078Z", "fetched_at": "2025-07-15T14:39:33.150947+00:00", "symbol": "BTC-USD"}, {"trade_id": 849633453, "side": "sell", "size": "0.00603079", "price": "116978.50000000", "time": "2025-07-15T14:39:22.396849Z", "fetched_at": "2025-07-15T14:39:33.150947+00:00", "symbol": "BTC-USD"}, {"trade_id": 849633452, "side": "sell", "size": "0.00862118", "price": "116978.50000000", "time": "2025-07-15T14:39:22.389581Z", "fetched_at": "2025-07-15T14:39:33.150947+00:00", "symbol": "BTC-USD"}, {"trade_id": 849633451, "side": "sell", "size": "0.00418288", "price": "116980.15000000", "time": "2025-07-15T14:39:21.998500Z", "fetched_at": "2025-07-15T14:39:33.150947+00:00", "symbol": "BTC-USD"}, {"trade_id": 849633450, "side": "sell", "size": "0.00925431", "price": "116980.47000000", "time": "2025-07-15T14:39:21.954147Z", "fetched_at": "2025-07-15T14:39:33.150947+00:00", "symbol": "BTC-USD"}, {"trade_id": 849633449, "side": "sell", "size": "0.00533579", "price": "116980.47000000", "time": "2025-07-15T14:39:21.942169Z", "fetched_at": "2025-07-15T14:39:33.150947+00:00", "symbol": "BTC-USD"}, {"trade_id": 849633448, "side": "sell", "size": "0.00243531", "price": "116980.47000000", "time": "2025-07-15T14:39:21.938248Z", "fetched_at": "2025-07-15T14:39:33.150947+00:00", "symbol": "BTC-USD"}, {"trade_id": 849633447, "side": "sell", "size": "0.00329269", "price": "116980.48000000", "time": "2025-07-15T14:39:21.933772Z", "fetched_at": "2025-07-15T14:39:33.150947+00:00", "symbol": "BTC-USD"}, {"trade_id": 849633446, "side": "sell", "size": "0.00925431", "price": "116980.48000000", "time": "2025-07-15T14:39:21.932304Z", "fetched_at": "2025-07-15T14:39:33.150947+00:00", "symbol": "BTC-USD"}, {"trade_id": 849633445, "side": "sell", "size": "0.00925431", "price": "116980.48000000", "time": "2025-07-15T14:39:21.927882Z", "fetched_at": "2025-07-15T14:39:33.150947+00:00", "symbol": "BTC-USD"}, {"trade_id": 849633444, "side": "buy", "size": "0.00148885", "price": "116977.00000000", "time": "2025-07-15T14:39:21.797492Z", "fetched_at": "2025-07-15T14:39:33.150947+00:00", "symbol": "BTC-USD"}, {"trade_id": 849633443, "side": "buy", "size": "0.00528285", "price": "116978.76000000", "time": "2025-07-15T14:39:21.797492Z", "fetched_at": "2025-07-15T14:39:33.150947+00:00", "symbol": "BTC-USD"}, {"trade_id": 849633442, "side": "sell", "size": "0.00166926", "price": "116980.53000000", "time": "2025-07-15T14:39:21.675974Z", "fetched_at": "2025-07-15T14:39:33.150947+00:00", "symbol": "BTC-USD"}, {"trade_id": 849633441, "side": "sell", "size": "0.00166926", "price": "116980.53000000", "time": "2025-07-15T14:39:21.670470Z", "fetched_at": "2025-07-15T14:39:33.150947+00:00", "symbol": "BTC-USD"}, {"trade_id": 849633440, "side": "sell", "size": "0.00000931", "price": "116980.53000000", "time": "2025-07-15T14:39:21.660488Z", "fetched_at": "2025-07-15T14:39:33.150947+00:00", "symbol": "BTC-USD"}, {"trade_id": 849633439, "side": "sell", "size": "0.00008462", "price": "116980.54000000", "time": "2025-07-15T14:39:21.550681Z", "fetched_at": "2025-07-15T14:39:33.150947+00:00", "symbol": "BTC-USD"}, {"trade_id": 849633438, "side": "sell", "size": "0.10000000", "price": "116980.59000000", "time": "2025-07-15T14:39:21.321810Z", "fetched_at": "2025-07-15T14:39:33.150947+00:00", "symbol": "BTC-USD"}, {"trade_id": 849633437, "side": "sell", "size": "0.00040531", "price": "116980.63000000", "time": "2025-07-15T14:39:20.997596Z", "fetched_at": "2025-07-15T14:39:33.150947+00:00", "symbol": "BTC-USD"}, {"trade_id": 849633436, "side": "sell", "size": "0.00040276", "price": "116980.63000000", "time": "2025-07-15T14:39:20.970506Z", "fetched_at": "2025-07-15T14:39:33.150947+00:00", "symbol": "BTC-USD"}, {"trade_id": 849633435, "side": "sell", "size": "0.01359225", "price": "116980.64000000", "time": "2025-07-15T14:39:20.954081Z", "fetched_at": "2025-07-15T14:39:33.150947+00:00", "symbol": "BTC-USD"}, {"trade_id": 849633434, "side": "sell", "size": "0.00536319", "price": "116980.64000000", "time": "2025-07-15T14:39:20.950241Z", "fetched_at": "2025-07-15T14:39:33.150947+00:00", "symbol": "BTC-USD"}, {"trade_id": 849633433, "side": "sell", "size": "0.01359225", "price": "116980.64000000", "time": "2025-07-15T14:39:20.932804Z", "fetched_at": "2025-07-15T14:39:33.150947+00:00", "symbol": "BTC-USD"}, {"trade_id": 849633432, "side": "sell", "size": "0.00045684", "price": "116980.66000000", "time": "2025-07-15T14:39:20.844456Z", "fetched_at": "2025-07-15T14:39:33.150947+00:00", "symbol": "BTC-USD"}, {"trade_id": 849633431, "side": "buy", "size": "0.18362950", "price": "116978.75000000", "time": "2025-07-15T14:39:20.642684Z", "fetched_at": "2025-07-15T14:39:33.150947+00:00", "symbol": "BTC-USD"}, {"trade_id": 849633430, "side": "sell", "size": "0.00041531", "price": "116980.67000000", "time": "2025-07-15T14:39:20.605577Z", "fetched_at": "2025-07-15T14:39:33.150947+00:00", "symbol": "BTC-USD"}, {"trade_id": 849633429, "side": "buy", "size": "0.00025632", "price": "116975.54000000", "time": "2025-07-15T14:39:20.597802Z", "fetched_at": "2025-07-15T14:39:33.150947+00:00", "symbol": "BTC-USD"}, {"trade_id": 849633428, "side": "sell", "size": "0.00021154", "price": "116980.70000000", "time": "2025-07-15T14:39:20.544118Z", "fetched_at": "2025-07-15T14:39:33.150947+00:00", "symbol": "BTC-USD"}, {"trade_id": 849633427, "side": "buy", "size": "0.00011880", "price": "116975.54000000", "time": "2025-07-15T14:39:20.530027Z", "fetched_at": "2025-07-15T14:39:33.150947+00:00", "symbol": "BTC-USD"}, {"trade_id": 849633426, "side": "sell", "size": "0.02162451", "price": "116980.70000000", "time": "2025-07-15T14:39:20.478259Z", "fetched_at": "2025-07-15T14:39:33.150947+00:00", "symbol": "BTC-USD"}, {"trade_id": 849633425, "side": "sell", "size": "0.01930958", "price": "116980.70000000", "time": "2025-07-15T14:39:20.471312Z", "fetched_at": "2025-07-15T14:39:33.150947+00:00", "symbol": "BTC-USD"}, {"trade_id": 849633424, "side": "sell", "size": "0.00406610", "price": "116980.70000000", "time": "2025-07-15T14:39:20.467562Z", "fetched_at": "2025-07-15T14:39:33.150947+00:00", "symbol": "BTC-USD"}, {"trade_id": 849633423, "side": "sell", "size": "0.02162451", "price": "116980.70000000", "time": "2025-07-15T14:39:20.463355Z", "fetched_at": "2025-07-15T14:39:33.150947+00:00", "symbol": "BTC-USD"}, {"trade_id": 849633422, "side": "sell", "size": "0.02162451", "price": "116980.70000000", "time": "2025-07-15T14:39:20.458993Z", "fetched_at": "2025-07-15T14:39:33.150947+00:00", "symbol": "BTC-USD"}, {"trade_id": 849633421, "side": "sell", "size": "0.02162451", "price": "116980.70000000", "time": "2025-07-15T14:39:20.455739Z", "fetched_at": "2025-07-15T14:39:33.150947+00:00", "symbol": "BTC-USD"}, {"trade_id": 849633420, "side": "sell", "size": "0.00452970", "price": "116980.70000000", "time": "2025-07-15T14:39:20.451923Z", "fetched_at": "2025-07-15T14:39:33.150947+00:00", "symbol": "BTC-USD"}, {"trade_id": 849633419, "side": "sell", "size": "0.00452970", "price": "116980.70000000", "time": "2025-07-15T14:39:20.444375Z", "fetched_at": "2025-07-15T14:39:33.150947+00:00", "symbol": "BTC-USD"}, {"trade_id": 849633418, "side": "sell", "size": "0.00012411", "price": "116980.70000000", "time": "2025-07-15T14:39:20.214726Z", "fetched_at": "2025-07-15T14:39:33.150947+00:00", "symbol": "BTC-USD"}, {"trade_id": 849633417, "side": "sell", "size": "0.00170113", "price": "116980.70000000", "time": "2025-07-15T14:39:20.036438Z", "fetched_at": "2025-07-15T14:39:33.150947+00:00", "symbol": "BTC-USD"}, {"trade_id": 849633416, "side": "sell", "size": "0.00081070", "price": "116980.70000000", "time": "2025-07-15T14:39:19.929625Z", "fetched_at": "2025-07-15T14:39:33.150947+00:00", "symbol": "BTC-USD"}, {"trade_id": 849633415, "side": "sell", "size": "0.00261572", "price": "116980.73000000", "time": "2025-07-15T14:39:19.386101Z", "fetched_at": "2025-07-15T14:39:33.150947+00:00", "symbol": "BTC-USD"}, {"trade_id": 849633414, "side": "sell", "size": "0.02001030", "price": "116979.01000000", "time": "2025-07-15T14:39:19.181811Z", "fetched_at": "2025-07-15T14:39:33.150947+00:00", "symbol": "BTC-USD"}, {"trade_id": 849633413, "side": "sell", "size": "0.04413310", "price": "116979.01000000", "time": "2025-07-15T14:39:19.177227Z", "fetched_at": "2025-07-15T14:39:33.150947+00:00", "symbol": "BTC-USD"}, {"trade_id": 849633412, "side": "sell", "size": "0.00530100", "price": "116978.99000000", "time": "2025-07-15T14:39:19.177227Z", "fetched_at": "2025-07-15T14:39:33.150947+00:00", "symbol": "BTC-USD"}, {"trade_id": 849633411, "side": "sell", "size": "0.00004019", "price": "116978.99000000", "time": "2025-07-15T14:39:19.010543Z", "fetched_at": "2025-07-15T14:39:33.150947+00:00", "symbol": "BTC-USD"}, {"trade_id": 849633410, "side": "sell", "size": "0.20142836", "price": "116978.99000000", "time": "2025-07-15T14:39:18.874677Z", "fetched_at": "2025-07-15T14:39:33.150947+00:00", "symbol": "BTC-USD"}, {"trade_id": 849633409, "side": "buy", "size": "0.04273504", "price": "116973.67000000", "time": "2025-07-15T14:39:18.623392Z", "fetched_at": "2025-07-15T14:39:33.150947+00:00", "symbol": "BTC-USD"}, {"trade_id": 849633408, "side": "buy", "size": "0.00001000", "price": "116974.26000000", "time": "2025-07-15T14:39:18.623392Z", "fetched_at": "2025-07-15T14:39:33.150947+00:00", "symbol": "BTC-USD"}, {"trade_id": 849633407, "side": "buy", "size": "0.00854867", "price": "116977.25000000", "time": "2025-07-15T14:39:18.623392Z", "fetched_at": "2025-07-15T14:39:33.150947+00:00", "symbol": "BTC-USD"}, {"trade_id": 849633406, "side": "buy", "size": "0.13659289", "price": "116979.00000000", "time": "2025-07-15T14:39:18.623392Z", "fetched_at": "2025-07-15T14:39:33.150947+00:00", "symbol": "BTC-USD"}, {"trade_id": 849633405, "side": "buy", "size": "0.00864133", "price": "116979.00000000", "time": "2025-07-15T14:39:18.623392Z", "fetched_at": "2025-07-15T14:39:33.150947+00:00", "symbol": "BTC-USD"}, {"trade_id": 849633404, "side": "sell", "size": "0.00170115", "price": "116979.01000000", "time": "2025-07-15T14:39:18.509041Z", "fetched_at": "2025-07-15T14:39:33.150947+00:00", "symbol": "BTC-USD"}, {"trade_id": 849633403, "side": "buy", "size": "0.03401867", "price": "116979.00000000", "time": "2025-07-15T14:39:18.387388Z", "fetched_at": "2025-07-15T14:39:33.150947+00:00", "symbol": "BTC-USD"}, {"trade_id": 849633402, "side": "buy", "size": "0.00007794", "price": "116979.01000000", "time": "2025-07-15T14:39:18.387388Z", "fetched_at": "2025-07-15T14:39:33.150947+00:00", "symbol": "BTC-USD"}, {"trade_id": 849633401, "side": "buy", "size": "0.00854829", "price": "116982.43000000", "time": "2025-07-15T14:39:18.387388Z", "fetched_at": "2025-07-15T14:39:33.150947+00:00", "symbol": "BTC-USD"}, {"trade_id": 849633400, "side": "buy", "size": "0.00001510", "price": "116984.17000000", "time": "2025-07-15T14:39:18.387388Z", "fetched_at": "2025-07-15T14:39:33.150947+00:00", "symbol": "BTC-USD"}, {"trade_id": 849633399, "side": "buy", "size": "0.01747005", "price": "116984.17000000", "time": "2025-07-15T14:39:18.386838Z", "fetched_at": "2025-07-15T14:39:33.150947+00:00", "symbol": "BTC-USD"}, {"trade_id": 849633398, "side": "buy", "size": "0.00000995", "price": "116984.18000000", "time": "2025-07-15T14:39:18.386838Z", "fetched_at": "2025-07-15T14:39:33.150947+00:00", "symbol": "BTC-USD"}, {"trade_id": 849633397, "side": "buy", "size": "0.03564000", "price": "116984.18000000", "time": "2025-07-15T14:39:18.385495Z", "fetched_at": "2025-07-15T14:39:33.150947+00:00", "symbol": "BTC-USD"}, {"trade_id": 849633396, "side": "buy", "size": "0.25666733", "price": "116994.66000000", "time": "2025-07-15T14:39:18.375936Z", "fetched_at": "2025-07-15T14:39:33.150947+00:00", "symbol": "BTC-USD"}, {"trade_id": 849633395, "side": "buy", "size": "0.01686317", "price": "116994.66000000", "time": "2025-07-15T14:39:18.375609Z", "fetched_at": "2025-07-15T14:39:33.150947+00:00", "symbol": "BTC-USD"}, {"trade_id": 849633394, "side": "buy", "size": "0.00365850", "price": "116994.66000000", "time": "2025-07-15T14:39:18.375451Z", "fetched_at": "2025-07-15T14:39:33.150947+00:00", "symbol": "BTC-USD"}, {"trade_id": 849633393, "side": "buy", "size": "0.01811118", "price": "116994.66000000", "time": "2025-07-15T14:39:18.372959Z", "fetched_at": "2025-07-15T14:39:33.150947+00:00", "symbol": "BTC-USD"}, {"trade_id": 849633392, "side": "buy", "size": "0.01844286", "price": "116994.66000000", "time": "2025-07-15T14:39:18.372841Z", "fetched_at": "2025-07-15T14:39:33.150947+00:00", "symbol": "BTC-USD"}, {"trade_id": 849633391, "side": "buy", "size": "0.00625696", "price": "116994.66000000", "time": "2025-07-15T14:39:18.372197Z", "fetched_at": "2025-07-15T14:39:33.150947+00:00", "symbol": "BTC-USD"}, {"trade_id": 849633390, "side": "sell", "size": "0.00013828", "price": "116995.01000000", "time": "2025-07-15T14:39:18.299011Z", "fetched_at": "2025-07-15T14:39:33.150947+00:00", "symbol": "BTC-USD"}, {"trade_id": 849633389, "side": "sell", "size": "0.00137820", "price": "116996.55000000", "time": "2025-07-15T14:39:18.284918Z", "fetched_at": "2025-07-15T14:39:33.150947+00:00", "symbol": "BTC-USD"}, {"trade_id": 849633388, "side": "buy", "size": "0.00042700", "price": "116995.00000000", "time": "2025-07-15T14:39:18.284115Z", "fetched_at": "2025-07-15T14:39:33.150947+00:00", "symbol": "BTC-USD"}, {"trade_id": 849633387, "side": "buy", "size": "0.02400000", "price": "116995.01000000", "time": "2025-07-15T14:39:18.284115Z", "fetched_at": "2025-07-15T14:39:33.150947+00:00", "symbol": "BTC-USD"}, {"trade_id": 849633386, "side": "sell", "size": "0.00137820", "price": "116996.55000000", "time": "2025-07-15T14:39:18.280481Z", "fetched_at": "2025-07-15T14:39:33.150947+00:00", "symbol": "BTC-USD"}, {"trade_id": 849633385, "side": "sell", "size": "0.00137820", "price": "116996.55000000", "time": "2025-07-15T14:39:18.276512Z", "fetched_at": "2025-07-15T14:39:33.150947+00:00", "symbol": "BTC-USD"}, {"trade_id": 849633384, "side": "sell", "size": "0.00073741", "price": "116996.56000000", "time": "2025-07-15T14:39:18.273452Z", "fetched_at": "2025-07-15T14:39:33.150947+00:00", "symbol": "BTC-USD"}, {"trade_id": 849633383, "side": "sell", "size": "0.00073741", "price": "116996.56000000", "time": "2025-07-15T14:39:18.262890Z", "fetched_at": "2025-07-15T14:39:33.150947+00:00", "symbol": "BTC-USD"}, {"trade_id": 849633382, "side": "sell", "size": "0.00073741", "price": "116996.56000000", "time": "2025-07-15T14:39:18.256283Z", "fetched_at": "2025-07-15T14:39:33.150947+00:00", "symbol": "BTC-USD"}, {"trade_id": 849633381, "side": "sell", "size": "0.00073741", "price": "116996.56000000", "time": "2025-07-15T14:39:18.249372Z", "fetched_at": "2025-07-15T14:39:33.150947+00:00", "symbol": "BTC-USD"}, {"trade_id": 849633380, "side": "sell", "size": "0.00073741", "price": "116996.56000000", "time": "2025-07-15T14:39:18.246330Z", "fetched_at": "2025-07-15T14:39:33.150947+00:00", "symbol": "BTC-USD"}, {"trade_id": 849633379, "side": "buy", "size": "0.00002212", "price": "116999.99000000", "time": "2025-07-15T14:39:18.209806Z", "fetched_at": "2025-07-15T14:39:33.150947+00:00", "symbol": "BTC-USD"}, {"trade_id": 849633378, "side": "buy", "size": "0.04521013", "price": "116999.99000000", "time": "2025-07-15T14:39:18.195760Z", "fetched_at": "2025-07-15T14:39:33.150947+00:00", "symbol": "BTC-USD"}, {"trade_id": 849633377, "side": "buy", "size": "0.04183885", "price": "116999.99000000", "time": "2025-07-15T14:39:18.193023Z", "fetched_at": "2025-07-15T14:39:33.150947+00:00", "symbol": "BTC-USD"}, {"trade_id": 849633376, "side": "buy", "size": "0.03100000", "price": "116999.99000000", "time": "2025-07-15T14:39:18.164628Z", "fetched_at": "2025-07-15T14:39:33.150947+00:00", "symbol": "BTC-USD"}, {"trade_id": 849633375, "side": "buy", "size": "0.00534419", "price": "116999.99000000", "time": "2025-07-15T14:39:18.148417Z", "fetched_at": "2025-07-15T14:39:33.150947+00:00", "symbol": "BTC-USD"}, {"trade_id": 849633374, "side": "buy", "size": "0.38426673", "price": "116999.99000000", "time": "2025-07-15T14:39:18.148417Z", "fetched_at": "2025-07-15T14:39:33.150947+00:00", "symbol": "BTC-USD"}, {"trade_id": 849633373, "side": "buy", "size": "0.39108088", "price": "116999.99000000", "time": "2025-07-15T14:39:18.040170Z", "fetched_at": "2025-07-15T14:39:33.150947+00:00", "symbol": "BTC-USD"}, {"trade_id": 849633372, "side": "sell", "size": "0.00016212", "price": "117000.00000000", "time": "2025-07-15T14:39:17.913593Z", "fetched_at": "2025-07-15T14:39:33.150947+00:00", "symbol": "BTC-USD"}, {"trade_id": 849633371, "side": "sell", "size": "0.00056241", "price": "117000.00000000", "time": "2025-07-15T14:39:17.707443Z", "fetched_at": "2025-07-15T14:39:33.150947+00:00", "symbol": "BTC-USD"}, {"trade_id": 849633370, "side": "sell", "size": "0.00084615", "price": "117000.00000000", "time": "2025-07-15T14:39:17.646196Z", "fetched_at": "2025-07-15T14:39:33.150947+00:00", "symbol": "BTC-USD"}, {"trade_id": 849633369, "side": "sell", "size": "0.00210168", "price": "117000.00000000", "time": "2025-07-15T14:39:17.313314Z", "fetched_at": "2025-07-15T14:39:33.150947+00:00", "symbol": "BTC-USD"}, {"trade_id": 849633368, "side": "buy", "size": "0.00175266", "price": "116999.99000000", "time": "2025-07-15T14:39:17.210699Z", "fetched_at": "2025-07-15T14:39:33.150947+00:00", "symbol": "BTC-USD"}, {"trade_id": 849633367, "side": "sell", "size": "0.00001904", "price": "117000.00000000", "time": "2025-07-15T14:39:17.094404Z", "fetched_at": "2025-07-15T14:39:33.150947+00:00", "symbol": "BTC-USD"}, {"trade_id": 849633366, "side": "sell", "size": "0.00008462", "price": "117000.00000000", "time": "2025-07-15T14:39:16.946935Z", "fetched_at": "2025-07-15T14:39:33.150947+00:00", "symbol": "BTC-USD"}, {"trade_id": 849633365, "side": "sell", "size": "0.00023236", "price": "117000.00000000", "time": "2025-07-15T14:39:16.879534Z", "fetched_at": "2025-07-15T14:39:33.150947+00:00", "symbol": "BTC-USD"}, {"trade_id": 849633364, "side": "sell", "size": "0.00847354", "price": "117000.00000000", "time": "2025-07-15T14:39:16.292788Z", "fetched_at": "2025-07-15T14:39:33.150947+00:00", "symbol": "BTC-USD"}, {"trade_id": 849633363, "side": "buy", "size": "0.47189973", "price": "116999.99000000", "time": "2025-07-15T14:39:16.213334Z", "fetched_at": "2025-07-15T14:39:33.150947+00:00", "symbol": "BTC-USD"}, {"trade_id": 849633362, "side": "sell", "size": "0.00593534", "price": "117000.00000000", "time": "2025-07-15T14:39:15.846206Z", "fetched_at": "2025-07-15T14:39:33.150947+00:00", "symbol": "BTC-USD"}, {"trade_id": 849633361, "side": "sell", "size": "0.08152585", "price": "117000.00000000", "time": "2025-07-15T14:39:15.405020Z", "fetched_at": "2025-07-15T14:39:33.150947+00:00", "symbol": "BTC-USD"}, {"trade_id": 849633360, "side": "sell", "size": "0.00006785", "price": "117000.00000000", "time": "2025-07-15T14:39:15.402303Z", "fetched_at": "2025-07-15T14:39:33.150947+00:00", "symbol": "BTC-USD"}, {"trade_id": 849633359, "side": "sell", "size": "0.00224416", "price": "117000.00000000", "time": "2025-07-15T14:39:14.913443Z", "fetched_at": "2025-07-15T14:39:33.150947+00:00", "symbol": "BTC-USD"}, {"trade_id": 849633358, "side": "sell", "size": "0.00854885", "price": "117000.00000000", "time": "2025-07-15T14:39:14.873265Z", "fetched_at": "2025-07-15T14:39:33.150947+00:00", "symbol": "BTC-USD"}, {"trade_id": 849633357, "side": "sell", "size": "0.00123971", "price": "117000.00000000", "time": "2025-07-15T14:39:14.653653Z", "fetched_at": "2025-07-15T14:39:33.150947+00:00", "symbol": "BTC-USD"}, {"trade_id": 849633356, "side": "sell", "size": "0.00830587", "price": "117000.00000000", "time": "2025-07-15T14:39:14.640119Z", "fetched_at": "2025-07-15T14:39:33.150947+00:00", "symbol": "BTC-USD"}, {"trade_id": 849633355, "side": "sell", "size": "0.00166117", "price": "117000.00000000", "time": "2025-07-15T14:39:14.407547Z", "fetched_at": "2025-07-15T14:39:33.150947+00:00", "symbol": "BTC-USD"}, {"trade_id": 849633354, "side": "sell", "size": "0.00427350", "price": "117000.00000000", "time": "2025-07-15T14:39:14.342931Z", "fetched_at": "2025-07-15T14:39:33.150947+00:00", "symbol": "BTC-USD"}, {"trade_id": 849633353, "side": "sell", "size": "0.00083058", "price": "117000.00000000", "time": "2025-07-15T14:39:14.281746Z", "fetched_at": "2025-07-15T14:39:33.150947+00:00", "symbol": "BTC-USD"}, {"trade_id": 849633352, "side": "sell", "size": "0.00830458", "price": "117000.00000000", "time": "2025-07-15T14:39:14.064192Z", "fetched_at": "2025-07-15T14:39:33.150947+00:00", "symbol": "BTC-USD"}, {"trade_id": 849633351, "side": "sell", "size": "0.00084616", "price": "117000.00000000", "time": "2025-07-15T14:39:14.002086Z", "fetched_at": "2025-07-15T14:39:33.150947+00:00", "symbol": "BTC-USD"}, {"trade_id": 849633350, "side": "sell", "size": "0.00082863", "price": "117000.00000000", "time": "2025-07-15T14:39:13.948037Z", "fetched_at": "2025-07-15T14:39:33.150947+00:00", "symbol": "BTC-USD"}, {"trade_id": 849633349, "side": "sell", "size": "0.05090850", "price": "117000.00000000", "time": "2025-07-15T14:39:13.924707Z", "fetched_at": "2025-07-15T14:39:33.150947+00:00", "symbol": "BTC-USD"}, {"trade_id": 849633348, "side": "sell", "size": "0.00041529", "price": "117000.00000000", "time": "2025-07-15T14:39:13.711917Z", "fetched_at": "2025-07-15T14:39:33.150947+00:00", "symbol": "BTC-USD"}, {"trade_id": 849633347, "side": "sell", "size": "0.02265294", "price": "117000.00000000", "time": "2025-07-15T14:39:13.667476Z", "fetched_at": "2025-07-15T14:39:33.150947+00:00", "symbol": "BTC-USD"}, {"trade_id": 849633346, "side": "sell", "size": "0.00008250", "price": "117000.00000000", "time": "2025-07-15T14:39:13.569032Z", "fetched_at": "2025-07-15T14:39:33.150947+00:00", "symbol": "BTC-USD"}, {"trade_id": 849633345, "side": "sell", "size": "0.02491752", "price": "117000.00000000", "time": "2025-07-15T14:39:13.214736Z", "fetched_at": "2025-07-15T14:39:33.150947+00:00", "symbol": "BTC-USD"}, {"trade_id": 849633344, "side": "sell", "size": "0.00033846", "price": "117000.00000000", "time": "2025-07-15T14:39:13.100629Z", "fetched_at": "2025-07-15T14:39:33.150947+00:00", "symbol": "BTC-USD"}, {"trade_id": 849633343, "side": "sell", "size": "0.00008250", "price": "117000.00000000", "time": "2025-07-15T14:39:13.033771Z", "fetched_at": "2025-07-15T14:39:33.150947+00:00", "symbol": "BTC-USD"}, {"trade_id": 849633342, "side": "sell", "size": "0.01046153", "price": "117000.00000000", "time": "2025-07-15T14:39:12.992448Z", "fetched_at": "2025-07-15T14:39:33.150947+00:00", "symbol": "BTC-USD"}, {"trade_id": 849633341, "side": "sell", "size": "0.17867329", "price": "117000.00000000", "time": "2025-07-15T14:39:12.587066Z", "fetched_at": "2025-07-15T14:39:33.150947+00:00", "symbol": "BTC-USD"}, {"trade_id": 849633340, "side": "sell", "size": "0.00016610", "price": "117000.00000000", "time": "2025-07-15T14:39:12.340933Z", "fetched_at": "2025-07-15T14:39:33.150947+00:00", "symbol": "BTC-USD"}, {"trade_id": 849633339, "side": "sell", "size": "0.00020765", "price": "117000.00000000", "time": "2025-07-15T14:39:12.296931Z", "fetched_at": "2025-07-15T14:39:33.150947+00:00", "symbol": "BTC-USD"}, {"trade_id": 849633338, "side": "sell", "size": "0.02383152", "price": "117000.00000000", "time": "2025-07-15T14:39:12.270327Z", "fetched_at": "2025-07-15T14:39:33.150947+00:00", "symbol": "BTC-USD"}, {"trade_id": 849633337, "side": "sell", "size": "0.00124588", "price": "117000.00000000", "time": "2025-07-15T14:39:12.160091Z", "fetched_at": "2025-07-15T14:39:33.150947+00:00", "symbol": "BTC-USD"}, {"trade_id": 849633336, "side": "sell", "size": "0.03824945", "price": "117000.00000000", "time": "2025-07-15T14:39:11.900006Z", "fetched_at": "2025-07-15T14:39:33.150947+00:00", "symbol": "BTC-USD"}, {"trade_id": 849633335, "side": "sell", "size": "0.00030732", "price": "117000.00000000", "time": "2025-07-15T14:39:11.829424Z", "fetched_at": "2025-07-15T14:39:33.150947+00:00", "symbol": "BTC-USD"}, {"trade_id": 849633334, "side": "sell", "size": "0.00041536", "price": "117000.00000000", "time": "2025-07-15T14:39:11.826260Z", "fetched_at": "2025-07-15T14:39:33.150947+00:00", "symbol": "BTC-USD"}, {"trade_id": 849633333, "side": "sell", "size": "0.00012456", "price": "117000.00000000", "time": "2025-07-15T14:39:11.792831Z", "fetched_at": "2025-07-15T14:39:33.150947+00:00", "symbol": "BTC-USD"}, {"trade_id": 849633332, "side": "sell", "size": "0.01215946", "price": "117000.00000000", "time": "2025-07-15T14:39:11.704934Z", "fetched_at": "2025-07-15T14:39:33.150947+00:00", "symbol": "BTC-USD"}, {"trade_id": 849633331, "side": "sell", "size": "0.30015199", "price": "117000.00000000", "time": "2025-07-15T14:39:11.434578Z", "fetched_at": "2025-07-15T14:39:33.150947+00:00", "symbol": "BTC-USD"}, {"trade_id": 849633330, "side": "sell", "size": "0.00830587", "price": "117000.00000000", "time": "2025-07-15T14:39:11.419859Z", "fetched_at": "2025-07-15T14:39:33.150947+00:00", "symbol": "BTC-USD"}, {"trade_id": 849633329, "side": "sell", "size": "0.00012455", "price": "117000.00000000", "time": "2025-07-15T14:39:11.351122Z", "fetched_at": "2025-07-15T14:39:33.150947+00:00", "symbol": "BTC-USD"}, {"trade_id": 849633328, "side": "sell", "size": "0.00008250", "price": "117000.00000000", "time": "2025-07-15T14:39:11.269938Z", "fetched_at": "2025-07-15T14:39:33.150947+00:00", "symbol": "BTC-USD"}, {"trade_id": 849633327, "side": "sell", "size": "0.02810832", "price": "117000.00000000", "time": "2025-07-15T14:39:11.104083Z", "fetched_at": "2025-07-15T14:39:33.150947+00:00", "symbol": "BTC-USD"}, {"trade_id": 849633326, "side": "sell", "size": "0.00041531", "price": "117000.00000000", "time": "2025-07-15T14:39:11.060527Z", "fetched_at": "2025-07-15T14:39:33.150947+00:00", "symbol": "BTC-USD"}, {"trade_id": 849633325, "side": "sell", "size": "0.00034880", "price": "117000.00000000", "time": "2025-07-15T14:39:10.945929Z", "fetched_at": "2025-07-15T14:39:33.150947+00:00", "symbol": "BTC-USD"}, {"trade_id": 849633324, "side": "buy", "size": "0.03100000", "price": "116999.99000000", "time": "2025-07-15T14:39:10.916979Z", "fetched_at": "2025-07-15T14:39:33.150947+00:00", "symbol": "BTC-USD"}, {"trade_id": 849633323, "side": "sell", "size": "0.00000635", "price": "117000.00000000", "time": "2025-07-15T14:39:10.906148Z", "fetched_at": "2025-07-15T14:39:33.150947+00:00", "symbol": "BTC-USD"}, {"trade_id": 849633322, "side": "sell", "size": "0.00019851", "price": "117000.00000000", "time": "2025-07-15T14:39:10.644328Z", "fetched_at": "2025-07-15T14:39:33.150947+00:00", "symbol": "BTC-USD"}, {"trade_id": 849633321, "side": "sell", "size": "0.00008250", "price": "117000.00000000", "time": "2025-07-15T14:39:10.611119Z", "fetched_at": "2025-07-15T14:39:33.150947+00:00", "symbol": "BTC-USD"}, {"trade_id": 849633320, "side": "sell", "size": "0.00020269", "price": "117000.00000000", "time": "2025-07-15T14:39:10.511307Z", "fetched_at": "2025-07-15T14:39:33.150947+00:00", "symbol": "BTC-USD"}, {"trade_id": 849633319, "side": "sell", "size": "0.00008250", "price": "117000.00000000", "time": "2025-07-15T14:39:10.508932Z", "fetched_at": "2025-07-15T14:39:33.150947+00:00", "symbol": "BTC-USD"}, {"trade_id": 849633318, "side": "sell", "size": "0.00083059", "price": "117000.00000000", "time": "2025-07-15T14:39:10.505368Z", "fetched_at": "2025-07-15T14:39:33.150947+00:00", "symbol": "BTC-USD"}, {"trade_id": 849633317, "side": "sell", "size": "0.01709503", "price": "117000.00000000", "time": "2025-07-15T14:39:10.459748Z", "fetched_at": "2025-07-15T14:39:33.150947+00:00", "symbol": "BTC-USD"}, {"trade_id": 849633316, "side": "sell", "size": "0.00008462", "price": "117000.00000000", "time": "2025-07-15T14:39:10.382058Z", "fetched_at": "2025-07-15T14:39:33.150947+00:00", "symbol": "BTC-USD"}, {"trade_id": 849633315, "side": "sell", "size": "0.00050769", "price": "117000.00000000", "time": "2025-07-15T14:39:10.356200Z", "fetched_at": "2025-07-15T14:39:33.150947+00:00", "symbol": "BTC-USD"}, {"trade_id": 849633314, "side": "sell", "size": "0.00641075", "price": "117000.00000000", "time": "2025-07-15T14:39:10.151981Z", "fetched_at": "2025-07-15T14:39:33.150947+00:00", "symbol": "BTC-USD"}, {"trade_id": 849633313, "side": "sell", "size": "0.00846313", "price": "117000.00000000", "time": "2025-07-15T14:39:09.986811Z", "fetched_at": "2025-07-15T14:39:33.150947+00:00", "symbol": "BTC-USD"}, {"trade_id": 849633312, "side": "sell", "size": "0.00002327", "price": "117000.00000000", "time": "2025-07-15T14:39:09.962551Z", "fetched_at": "2025-07-15T14:39:33.150947+00:00", "symbol": "BTC-USD"}, {"trade_id": 849633311, "side": "sell", "size": "0.01662281", "price": "117000.00000000", "time": "2025-07-15T14:39:09.940290Z", "fetched_at": "2025-07-15T14:39:33.150947+00:00", "symbol": "BTC-USD"}, {"trade_id": 849633310, "side": "sell", "size": "0.00020765", "price": "117000.00000000", "time": "2025-07-15T14:39:09.936557Z", "fetched_at": "2025-07-15T14:39:33.150947+00:00", "symbol": "BTC-USD"}, {"trade_id": 849633309, "side": "sell", "size": "0.00041529", "price": "117000.00000000", "time": "2025-07-15T14:39:09.798024Z", "fetched_at": "2025-07-15T14:39:33.150947+00:00", "symbol": "BTC-USD"}, {"trade_id": 849633308, "side": "sell", "size": "0.00008107", "price": "117000.00000000", "time": "2025-07-15T14:39:09.657625Z", "fetched_at": "2025-07-15T14:39:33.150947+00:00", "symbol": "BTC-USD"}, {"trade_id": 849633307, "side": "sell", "size": "0.00083059", "price": "117000.00000000", "time": "2025-07-15T14:39:09.587775Z", "fetched_at": "2025-07-15T14:39:33.150947+00:00", "symbol": "BTC-USD"}, {"trade_id": 849633306, "side": "sell", "size": "0.00083059", "price": "117000.00000000", "time": "2025-07-15T14:39:09.541380Z", "fetched_at": "2025-07-15T14:39:33.150947+00:00", "symbol": "BTC-USD"}, {"trade_id": 849633305, "side": "sell", "size": "0.00437842", "price": "117000.00000000", "time": "2025-07-15T14:39:09.408736Z", "fetched_at": "2025-07-15T14:39:33.150947+00:00", "symbol": "BTC-USD"}, {"trade_id": 849633304, "side": "sell", "size": "0.00020767", "price": "117000.00000000", "time": "2025-07-15T14:39:09.223566Z", "fetched_at": "2025-07-15T14:39:33.150947+00:00", "symbol": "BTC-USD"}, {"trade_id": 849633303, "side": "sell", "size": "0.00008250", "price": "117000.00000000", "time": "2025-07-15T14:39:09.030032Z", "fetched_at": "2025-07-15T14:39:33.150947+00:00", "symbol": "BTC-USD"}, {"trade_id": 849633302, "side": "sell", "size": "0.00008106", "price": "117000.00000000", "time": "2025-07-15T14:39:08.876068Z", "fetched_at": "2025-07-15T14:39:33.150947+00:00", "symbol": "BTC-USD"}, {"trade_id": 849633301, "side": "sell", "size": "0.00020765", "price": "117000.00000000", "time": "2025-07-15T14:39:08.737302Z", "fetched_at": "2025-07-15T14:39:33.150947+00:00", "symbol": "BTC-USD"}, {"trade_id": 849633300, "side": "sell", "size": "0.00000846", "price": "117000.00000000", "time": "2025-07-15T14:39:08.711230Z", "fetched_at": "2025-07-15T14:39:33.150947+00:00", "symbol": "BTC-USD"}, {"trade_id": 849633299, "side": "sell", "size": "0.12526887", "price": "117000.00000000", "time": "2025-07-15T14:39:08.560665Z", "fetched_at": "2025-07-15T14:39:33.150947+00:00", "symbol": "BTC-USD"}, {"trade_id": 849633298, "side": "sell", "size": "0.00004019", "price": "117000.00000000", "time": "2025-07-15T14:39:08.483715Z", "fetched_at": "2025-07-15T14:39:33.150947+00:00", "symbol": "BTC-USD"}, {"trade_id": 849633297, "side": "sell", "size": "0.00062294", "price": "117000.00000000", "time": "2025-07-15T14:39:08.306845Z", "fetched_at": "2025-07-15T14:39:33.150947+00:00", "symbol": "BTC-USD"}, {"trade_id": 849633296, "side": "sell", "size": "0.00020269", "price": "117000.00000000", "time": "2025-07-15T14:39:08.299986Z", "fetched_at": "2025-07-15T14:39:33.150947+00:00", "symbol": "BTC-USD"}, {"trade_id": 849633295, "side": "sell", "size": "0.00007217", "price": "117000.00000000", "time": "2025-07-15T14:39:08.277028Z", "fetched_at": "2025-07-15T14:39:33.150947+00:00", "symbol": "BTC-USD"}, {"trade_id": 849633294, "side": "sell", "size": "0.00001033", "price": "116997.53000000", "time": "2025-07-15T14:39:08.277028Z", "fetched_at": "2025-07-15T14:39:33.150947+00:00", "symbol": "BTC-USD"}, {"trade_id": 849633293, "side": "sell", "size": "0.00427412", "price": "116997.37000000", "time": "2025-07-15T14:39:08.144144Z", "fetched_at": "2025-07-15T14:39:33.150947+00:00", "symbol": "BTC-USD"}, {"trade_id": 849633292, "side": "sell", "size": "0.03295974", "price": "116997.37000000", "time": "2025-07-15T14:39:08.126487Z", "fetched_at": "2025-07-15T14:39:33.150947+00:00", "symbol": "BTC-USD"}, {"trade_id": 849633291, "side": "sell", "size": "0.00266112", "price": "116997.39000000", "time": "2025-07-15T14:39:08.016377Z", "fetched_at": "2025-07-15T14:39:33.150947+00:00", "symbol": "BTC-USD"}, {"trade_id": 849633290, "side": "sell", "size": "0.00651714", "price": "116997.39000000", "time": "2025-07-15T14:39:08.013595Z", "fetched_at": "2025-07-15T14:39:33.150947+00:00", "symbol": "BTC-USD"}, {"trade_id": 849633289, "side": "sell", "size": "0.00285277", "price": "116997.39000000", "time": "2025-07-15T14:39:08.010116Z", "fetched_at": "2025-07-15T14:39:33.150947+00:00", "symbol": "BTC-USD"}, {"trade_id": 849633288, "side": "sell", "size": "0.00651714", "price": "116997.39000000", "time": "2025-07-15T14:39:08.006780Z", "fetched_at": "2025-07-15T14:39:33.150947+00:00", "symbol": "BTC-USD"}, {"trade_id": 849633287, "side": "sell", "size": "0.00301335", "price": "116997.39000000", "time": "2025-07-15T14:39:07.943338Z", "fetched_at": "2025-07-15T14:39:33.150947+00:00", "symbol": "BTC-USD"}, {"trade_id": 849633286, "side": "sell", "size": "0.00372101", "price": "116997.39000000", "time": "2025-07-15T14:39:07.938564Z", "fetched_at": "2025-07-15T14:39:33.150947+00:00", "symbol": "BTC-USD"}, {"trade_id": 849633285, "side": "sell", "size": "0.00016610", "price": "116997.39000000", "time": "2025-07-15T14:39:07.926628Z", "fetched_at": "2025-07-15T14:39:33.150947+00:00", "symbol": "BTC-USD"}, {"trade_id": 849633284, "side": "sell", "size": "0.00352827", "price": "116997.39000000", "time": "2025-07-15T14:39:07.919682Z", "fetched_at": "2025-07-15T14:39:33.150947+00:00", "symbol": "BTC-USD"}, {"trade_id": 849633283, "side": "sell", "size": "0.00344458", "price": "116997.39000000", "time": "2025-07-15T14:39:07.915372Z", "fetched_at": "2025-07-15T14:39:33.150947+00:00", "symbol": "BTC-USD"}, {"trade_id": 849633282, "side": "sell", "size": "0.00341597", "price": "116997.39000000", "time": "2025-07-15T14:39:07.911318Z", "fetched_at": "2025-07-15T14:39:33.150947+00:00", "symbol": "BTC-USD"}, {"trade_id": 849633281, "side": "sell", "size": "0.00349009", "price": "116997.39000000", "time": "2025-07-15T14:39:07.908405Z", "fetched_at": "2025-07-15T14:39:33.150947+00:00", "symbol": "BTC-USD"}, {"trade_id": 849633280, "side": "sell", "size": "0.00321174", "price": "116997.39000000", "time": "2025-07-15T14:39:07.903628Z", "fetched_at": "2025-07-15T14:39:33.150947+00:00", "symbol": "BTC-USD"}, {"trade_id": 849633279, "side": "sell", "size": "0.00016610", "price": "116997.39000000", "time": "2025-07-15T14:39:07.898767Z", "fetched_at": "2025-07-15T14:39:33.150947+00:00", "symbol": "BTC-USD"}, {"trade_id": 849633278, "side": "sell", "size": "0.00387195", "price": "116997.39000000", "time": "2025-07-15T14:39:07.896726Z", "fetched_at": "2025-07-15T14:39:33.150947+00:00", "symbol": "BTC-USD"}, {"trade_id": 849633277, "side": "sell", "size": "0.00748328", "price": "116997.39000000", "time": "2025-07-15T14:39:07.891987Z", "fetched_at": "2025-07-15T14:39:33.150947+00:00", "symbol": "BTC-USD"}, {"trade_id": 849633276, "side": "sell", "size": "0.00242000", "price": "116997.39000000", "time": "2025-07-15T14:39:07.888942Z", "fetched_at": "2025-07-15T14:39:33.150947+00:00", "symbol": "BTC-USD"}, {"trade_id": 849633275, "side": "sell", "size": "0.00618589", "price": "116997.39000000", "time": "2025-07-15T14:39:07.822703Z", "fetched_at": "2025-07-15T14:39:33.150947+00:00", "symbol": "BTC-USD"}, {"trade_id": 849633274, "side": "sell", "size": "0.03402857", "price": "116997.39000000", "time": "2025-07-15T14:39:07.815046Z", "fetched_at": "2025-07-15T14:39:33.150947+00:00", "symbol": "BTC-USD"}, {"trade_id": 849633273, "side": "sell", "size": "0.00584027", "price": "116997.39000000", "time": "2025-07-15T14:39:07.808053Z", "fetched_at": "2025-07-15T14:39:33.150947+00:00", "symbol": "BTC-USD"}, {"trade_id": 849633272, "side": "sell", "size": "0.00044422", "price": "116997.39000000", "time": "2025-07-15T14:39:07.800462Z", "fetched_at": "2025-07-15T14:39:33.150947+00:00", "symbol": "BTC-USD"}, {"trade_id": 849633271, "side": "sell", "size": "0.00044422", "price": "116997.39000000", "time": "2025-07-15T14:39:07.794475Z", "fetched_at": "2025-07-15T14:39:33.150947+00:00", "symbol": "BTC-USD"}, {"trade_id": 849633270, "side": "sell", "size": "0.00044422", "price": "116997.39000000", "time": "2025-07-15T14:39:07.785550Z", "fetched_at": "2025-07-15T14:39:33.150947+00:00", "symbol": "BTC-USD"}, {"trade_id": 849633269, "side": "sell", "size": "0.00044422", "price": "116997.39000000", "time": "2025-07-15T14:39:07.783179Z", "fetched_at": "2025-07-15T14:39:33.150947+00:00", "symbol": "BTC-USD"}, {"trade_id": 849633268, "side": "sell", "size": "0.00221909", "price": "116997.39000000", "time": "2025-07-15T14:39:07.678158Z", "fetched_at": "2025-07-15T14:39:33.150947+00:00", "symbol": "BTC-USD"}, {"trade_id": 849633267, "side": "sell", "size": "0.00000846", "price": "116997.39000000", "time": "2025-07-15T14:39:07.665218Z", "fetched_at": "2025-07-15T14:39:33.150947+00:00", "symbol": "BTC-USD"}, {"trade_id": 849633266, "side": "sell", "size": "0.00484889", "price": "116997.39000000", "time": "2025-07-15T14:39:07.599114Z", "fetched_at": "2025-07-15T14:39:33.150947+00:00", "symbol": "BTC-USD"}, {"trade_id": 849633265, "side": "sell", "size": "0.00484889", "price": "116997.39000000", "time": "2025-07-15T14:39:07.592082Z", "fetched_at": "2025-07-15T14:39:33.150947+00:00", "symbol": "BTC-USD"}, {"trade_id": 849633264, "side": "sell", "size": "0.00714939", "price": "116997.39000000", "time": "2025-07-15T14:39:07.561277Z", "fetched_at": "2025-07-15T14:39:33.150947+00:00", "symbol": "BTC-USD"}, {"trade_id": 849633263, "side": "sell", "size": "0.00020765", "price": "116997.39000000", "time": "2025-07-15T14:39:07.559173Z", "fetched_at": "2025-07-15T14:39:33.150947+00:00", "symbol": "BTC-USD"}, {"trade_id": 849633262, "side": "sell", "size": "0.00166144", "price": "116997.39000000", "time": "2025-07-15T14:39:07.510912Z", "fetched_at": "2025-07-15T14:39:33.150947+00:00", "symbol": "BTC-USD"}, {"trade_id": 849633261, "side": "sell", "size": "0.00318939", "price": "116997.39000000", "time": "2025-07-15T14:39:07.508984Z", "fetched_at": "2025-07-15T14:39:33.150947+00:00", "symbol": "BTC-USD"}, {"trade_id": 849633260, "side": "sell", "size": "0.00062304", "price": "116997.39000000", "time": "2025-07-15T14:39:07.501313Z", "fetched_at": "2025-07-15T14:39:33.150947+00:00", "symbol": "BTC-USD"}, {"trade_id": 849633259, "side": "sell", "size": "0.00318939", "price": "116997.39000000", "time": "2025-07-15T14:39:07.501016Z", "fetched_at": "2025-07-15T14:39:33.150947+00:00", "symbol": "BTC-USD"}, {"trade_id": 849633258, "side": "sell", "size": "0.00362630", "price": "116997.39000000", "time": "2025-07-15T14:39:07.491928Z", "fetched_at": "2025-07-15T14:39:33.150947+00:00", "symbol": "BTC-USD"}, {"trade_id": 849633257, "side": "sell", "size": "0.01216806", "price": "116997.39000000", "time": "2025-07-15T14:39:07.471568Z", "fetched_at": "2025-07-15T14:39:33.150947+00:00", "symbol": "BTC-USD"}, {"trade_id": 849633256, "side": "sell", "size": "0.01067963", "price": "116997.41000000", "time": "2025-07-15T14:39:07.441675Z", "fetched_at": "2025-07-15T14:39:33.150947+00:00", "symbol": "BTC-USD"}, {"trade_id": 849633255, "side": "sell", "size": "0.00008106", "price": "116997.41000000", "time": "2025-07-15T14:39:07.421637Z", "fetched_at": "2025-07-15T14:39:33.150947+00:00", "symbol": "BTC-USD"}, {"trade_id": 849633254, "side": "sell", "size": "0.01359925", "price": "116997.41000000", "time": "2025-07-15T14:39:07.421362Z", "fetched_at": "2025-07-15T14:39:33.150947+00:00", "symbol": "BTC-USD"}, {"trade_id": 849633253, "side": "sell", "size": "0.00418140", "price": "116997.41000000", "time": "2025-07-15T14:39:07.417789Z", "fetched_at": "2025-07-15T14:39:33.150947+00:00", "symbol": "BTC-USD"}, {"trade_id": 849633252, "side": "sell", "size": "0.00186015", "price": "116997.40000000", "time": "2025-07-15T14:39:07.413321Z", "fetched_at": "2025-07-15T14:39:33.150947+00:00", "symbol": "BTC-USD"}, {"trade_id": 849633251, "side": "sell", "size": "0.00351497", "price": "116997.40000000", "time": "2025-07-15T14:39:07.409397Z", "fetched_at": "2025-07-15T14:39:33.150947+00:00", "symbol": "BTC-USD"}, {"trade_id": 849633250, "side": "sell", "size": "0.00041529", "price": "116997.43000000", "time": "2025-07-15T14:39:07.277407Z", "fetched_at": "2025-07-15T14:39:33.150947+00:00", "symbol": "BTC-USD"}, {"trade_id": 849633249, "side": "sell", "size": "0.00106036", "price": "116997.43000000", "time": "2025-07-15T14:39:07.275444Z", "fetched_at": "2025-07-15T14:39:33.150947+00:00", "symbol": "BTC-USD"}, {"trade_id": 849633248, "side": "sell", "size": "0.00104577", "price": "116997.43000000", "time": "2025-07-15T14:39:07.250778Z", "fetched_at": "2025-07-15T14:39:33.150947+00:00", "symbol": "BTC-USD"}, {"trade_id": 849633247, "side": "sell", "size": "0.09252669", "price": "116997.43000000", "time": "2025-07-15T14:39:07.247361Z", "fetched_at": "2025-07-15T14:39:33.150947+00:00", "symbol": "BTC-USD"}, {"trade_id": 849633246, "side": "sell", "size": "0.00530100", "price": "116997.42000000", "time": "2025-07-15T14:39:07.247361Z", "fetched_at": "2025-07-15T14:39:33.150947+00:00", "symbol": "BTC-USD"}, {"trade_id": 849633245, "side": "sell", "size": "0.00104577", "price": "116997.42000000", "time": "2025-07-15T14:39:07.247361Z", "fetched_at": "2025-07-15T14:39:33.150947+00:00", "symbol": "BTC-USD"}, {"trade_id": 849633244, "side": "sell", "size": "0.06309763", "price": "116997.42000000", "time": "2025-07-15T14:39:07.244457Z", "fetched_at": "2025-07-15T14:39:33.150947+00:00", "symbol": "BTC-USD"}, {"trade_id": 849633243, "side": "sell", "size": "0.00016923", "price": "116997.44000000", "time": "2025-07-15T14:39:07.221064Z", "fetched_at": "2025-07-15T14:39:33.150947+00:00", "symbol": "BTC-USD"}, {"trade_id": 849633242, "side": "sell", "size": "0.00016923", "price": "116997.59000000", "time": "2025-07-15T14:39:06.871634Z", "fetched_at": "2025-07-15T14:39:33.150947+00:00", "symbol": "BTC-USD"}, {"trade_id": 849633241, "side": "sell", "size": "0.00040528", "price": "116999.99000000", "time": "2025-07-15T14:39:06.805377Z", "fetched_at": "2025-07-15T14:39:33.150947+00:00", "symbol": "BTC-USD"}, {"trade_id": 849633240, "side": "buy", "size": "0.10664242", "price": "116997.39000000", "time": "2025-07-15T14:39:06.803293Z", "fetched_at": "2025-07-15T14:39:33.150947+00:00", "symbol": "BTC-USD"}, {"trade_id": 849633239, "side": "buy", "size": "0.00854885", "price": "116999.70000000", "time": "2025-07-15T14:39:06.803293Z", "fetched_at": "2025-07-15T14:39:33.150947+00:00", "symbol": "BTC-USD"}, {"trade_id": 849633238, "side": "sell", "size": "0.00202465", "price": "117000.00000000", "time": "2025-07-15T14:39:06.713669Z", "fetched_at": "2025-07-15T14:39:33.150947+00:00", "symbol": "BTC-USD"}, {"trade_id": 849633237, "side": "sell", "size": "0.00000480", "price": "117000.00000000", "time": "2025-07-15T14:39:06.459497Z", "fetched_at": "2025-07-15T14:39:33.150947+00:00", "symbol": "BTC-USD"}, {"trade_id": 849633236, "side": "sell", "size": "0.00004020", "price": "117000.00000000", "time": "2025-07-15T14:39:06.422455Z", "fetched_at": "2025-07-15T14:39:33.150947+00:00", "symbol": "BTC-USD"}, {"trade_id": 849633235, "side": "sell", "size": "0.03208876", "price": "116999.99000000", "time": "2025-07-15T14:39:06.132034Z", "fetched_at": "2025-07-15T14:39:33.150947+00:00", "symbol": "BTC-USD"}, {"trade_id": 849633234, "side": "sell", "size": "0.00263708", "price": "116999.99000000", "time": "2025-07-15T14:39:06.065513Z", "fetched_at": "2025-07-15T14:39:33.150947+00:00", "symbol": "BTC-USD"}, {"trade_id": 849633233, "side": "sell", "size": "0.00263708", "price": "116999.99000000", "time": "2025-07-15T14:39:06.061671Z", "fetched_at": "2025-07-15T14:39:33.150947+00:00", "symbol": "BTC-USD"}, {"trade_id": 849633232, "side": "sell", "size": "0.00263708", "price": "116999.99000000", "time": "2025-07-15T14:39:06.058305Z", "fetched_at": "2025-07-15T14:39:33.150947+00:00", "symbol": "BTC-USD"}, {"trade_id": 849633231, "side": "sell", "size": "0.00041536", "price": "117000.00000000", "time": "2025-07-15T14:39:06.034080Z", "fetched_at": "2025-07-15T14:39:33.150947+00:00", "symbol": "BTC-USD"}, {"trade_id": 849633230, "side": "sell", "size": "0.00004020", "price": "117000.00000000", "time": "2025-07-15T14:39:06.021646Z", "fetched_at": "2025-07-15T14:39:33.150947+00:00", "symbol": "BTC-USD"}, {"trade_id": 849633229, "side": "sell", "size": "0.54566941", "price": "117000.00000000", "time": "2025-07-15T14:39:05.932335Z", "fetched_at": "2025-07-15T14:39:33.150947+00:00", "symbol": "BTC-USD"}, {"trade_id": 849633228, "side": "sell", "size": "0.81946944", "price": "117000.00000000", "time": "2025-07-15T14:39:05.931891Z", "fetched_at": "2025-07-15T14:39:33.150947+00:00", "symbol": "BTC-USD"}, {"trade_id": 849633227, "side": "sell", "size": "0.93938585", "price": "117000.00000000", "time": "2025-07-15T14:39:05.931589Z", "fetched_at": "2025-07-15T14:39:33.150947+00:00", "symbol": "BTC-USD"}, {"trade_id": 849633226, "side": "sell", "size": "0.01973614", "price": "116999.99000000", "time": "2025-07-15T14:39:05.931589Z", "fetched_at": "2025-07-15T14:39:33.150947+00:00", "symbol": "BTC-USD"}, {"trade_id": 849633225, "side": "sell", "size": "0.04000000", "price": "116999.98000000", "time": "2025-07-15T14:39:05.931589Z", "fetched_at": "2025-07-15T14:39:33.150947+00:00", "symbol": "BTC-USD"}, {"trade_id": 849633224, "side": "sell", "size": "0.00087801", "price": "116999.98000000", "time": "2025-07-15T14:39:05.931589Z", "fetched_at": "2025-07-15T14:39:33.150947+00:00", "symbol": "BTC-USD"}, {"trade_id": 849633223, "side": "sell", "size": "0.00083058", "price": "116999.99000000", "time": "2025-07-15T14:39:05.877564Z", "fetched_at": "2025-07-15T14:39:33.150947+00:00", "symbol": "BTC-USD"}, {"trade_id": 849633222, "side": "sell", "size": "0.00288701", "price": "116999.99000000", "time": "2025-07-15T14:39:05.841212Z", "fetched_at": "2025-07-15T14:39:33.150947+00:00", "symbol": "BTC-USD"}, {"trade_id": 849633221, "side": "sell", "size": "0.00339868", "price": "116999.99000000", "time": "2025-07-15T14:39:05.836916Z", "fetched_at": "2025-07-15T14:39:33.150947+00:00", "symbol": "BTC-USD"}, {"trade_id": 849633220, "side": "sell", "size": "0.00260216", "price": "116999.99000000", "time": "2025-07-15T14:39:05.832683Z", "fetched_at": "2025-07-15T14:39:33.150947+00:00", "symbol": "BTC-USD"}, {"trade_id": 849633219, "side": "sell", "size": "0.01054543", "price": "116999.99000000", "time": "2025-07-15T14:39:05.826007Z", "fetched_at": "2025-07-15T14:39:33.150947+00:00", "symbol": "BTC-USD"}, {"trade_id": 849633218, "side": "sell", "size": "0.00000410", "price": "116999.98000000", "time": "2025-07-15T14:39:05.826007Z", "fetched_at": "2025-07-15T14:39:33.150947+00:00", "symbol": "BTC-USD"}, {"trade_id": 849633217, "side": "sell", "size": "0.00777367", "price": "116999.98000000", "time": "2025-07-15T14:39:05.826007Z", "fetched_at": "2025-07-15T14:39:33.150947+00:00", "symbol": "BTC-USD"}, {"trade_id": 849633216, "side": "sell", "size": "0.00303780", "price": "116999.98000000", "time": "2025-07-15T14:39:05.718740Z", "fetched_at": "2025-07-15T14:39:33.150947+00:00", "symbol": "BTC-USD"}, {"trade_id": 849633215, "side": "sell", "size": "0.01001029", "price": "116999.98000000", "time": "2025-07-15T14:39:05.714898Z", "fetched_at": "2025-07-15T14:39:33.150947+00:00", "symbol": "BTC-USD"}, {"trade_id": 849633214, "side": "sell", "size": "0.00300215", "price": "116999.98000000", "time": "2025-07-15T14:39:05.699412Z", "fetched_at": "2025-07-15T14:39:33.150947+00:00", "symbol": "BTC-USD"}, {"trade_id": 849633213, "side": "sell", "size": "0.00360130", "price": "116999.98000000", "time": "2025-07-15T14:39:05.695990Z", "fetched_at": "2025-07-15T14:39:33.150947+00:00", "symbol": "BTC-USD"}, {"trade_id": 849633212, "side": "sell", "size": "0.00282205", "price": "116999.98000000", "time": "2025-07-15T14:39:05.691912Z", "fetched_at": "2025-07-15T14:39:33.150947+00:00", "symbol": "BTC-USD"}, {"trade_id": 849633211, "side": "sell", "size": "0.00892216", "price": "116999.98000000", "time": "2025-07-15T14:39:05.688580Z", "fetched_at": "2025-07-15T14:39:33.150947+00:00", "symbol": "BTC-USD"}, {"trade_id": 849633210, "side": "sell", "size": "0.00083058", "price": "116999.98000000", "time": "2025-07-15T14:39:05.667114Z", "fetched_at": "2025-07-15T14:39:33.150947+00:00", "symbol": "BTC-USD"}, {"trade_id": 849633209, "side": "sell", "size": "0.00130328", "price": "116999.98000000", "time": "2025-07-15T14:39:05.482415Z", "fetched_at": "2025-07-15T14:39:33.150947+00:00", "symbol": "BTC-USD"}, {"trade_id": 849633208, "side": "sell", "size": "0.00420641", "price": "116998.23000000", "time": "2025-07-15T14:39:05.433199Z", "fetched_at": "2025-07-15T14:39:33.150947+00:00", "symbol": "BTC-USD"}, {"trade_id": 849633207, "side": "sell", "size": "0.00720164", "price": "116998.23000000", "time": "2025-07-15T14:39:05.429421Z", "fetched_at": "2025-07-15T14:39:33.150947+00:00", "symbol": "BTC-USD"}, {"trade_id": 849633206, "side": "sell", "size": "0.00720164", "price": "116998.23000000", "time": "2025-07-15T14:39:05.426194Z", "fetched_at": "2025-07-15T14:39:33.150947+00:00", "symbol": "BTC-USD"}, {"trade_id": 849633205, "side": "sell", "size": "0.00720164", "price": "116998.23000000", "time": "2025-07-15T14:39:05.422308Z", "fetched_at": "2025-07-15T14:39:33.150947+00:00", "symbol": "BTC-USD"}, {"trade_id": 849633204, "side": "sell", "size": "0.00720164", "price": "116998.23000000", "time": "2025-07-15T14:39:05.418838Z", "fetched_at": "2025-07-15T14:39:33.150947+00:00", "symbol": "BTC-USD"}, {"trade_id": 849633203, "side": "sell", "size": "0.00287804", "price": "116998.23000000", "time": "2025-07-15T14:39:05.347915Z", "fetched_at": "2025-07-15T14:39:33.150947+00:00", "symbol": "BTC-USD"}, {"trade_id": 849633202, "side": "sell", "size": "0.00410899", "price": "116998.23000000", "time": "2025-07-15T14:39:05.337838Z", "fetched_at": "2025-07-15T14:39:33.150947+00:00", "symbol": "BTC-USD"}, {"trade_id": 849633201, "side": "sell", "size": "0.01437964", "price": "116998.23000000", "time": "2025-07-15T14:39:05.324125Z", "fetched_at": "2025-07-15T14:39:33.150947+00:00", "symbol": "BTC-USD"}, {"trade_id": 849633200, "side": "buy", "size": "0.00854714", "price": "116998.24000000", "time": "2025-07-15T14:39:05.291914Z", "fetched_at": "2025-07-15T14:39:33.150947+00:00", "symbol": "BTC-USD"}, {"trade_id": 849633199, "side": "buy", "size": "0.13656838", "price": "116999.99000000", "time": "2025-07-15T14:39:05.291914Z", "fetched_at": "2025-07-15T14:39:33.150947+00:00", "symbol": "BTC-USD"}, {"trade_id": 849633198, "side": "buy", "size": "0.03545076", "price": "116999.99000000", "time": "2025-07-15T14:39:05.291914Z", "fetched_at": "2025-07-15T14:39:33.150947+00:00", "symbol": "BTC-USD"}, {"trade_id": 849633197, "side": "sell", "size": "0.00004020", "price": "117000.00000000", "time": "2025-07-15T14:39:05.255428Z", "fetched_at": "2025-07-15T14:39:33.150947+00:00", "symbol": "BTC-USD"}, {"trade_id": 849633196, "side": "sell", "size": "0.00012161", "price": "117000.00000000", "time": "2025-07-15T14:39:05.236658Z", "fetched_at": "2025-07-15T14:39:33.150947+00:00", "symbol": "BTC-USD"}, {"trade_id": 849633195, "side": "sell", "size": "0.00084630", "price": "117000.00000000", "time": "2025-07-15T14:39:05.013188Z", "fetched_at": "2025-07-15T14:39:33.150947+00:00", "symbol": "BTC-USD"}, {"trade_id": 849633194, "side": "sell", "size": "0.19801598", "price": "117000.00000000", "time": "2025-07-15T14:39:04.883848Z", "fetched_at": "2025-07-15T14:39:33.150947+00:00", "symbol": "BTC-USD"}, {"trade_id": 849633193, "side": "sell", "size": "0.00123779", "price": "117000.00000000", "time": "2025-07-15T14:39:04.852053Z", "fetched_at": "2025-07-15T14:39:33.150947+00:00", "symbol": "BTC-USD"}, {"trade_id": 849633192, "side": "sell", "size": "0.01709401", "price": "117000.00000000", "time": "2025-07-15T14:39:04.277607Z", "fetched_at": "2025-07-15T14:39:33.150947+00:00", "symbol": "BTC-USD"}, {"trade_id": 849633191, "side": "sell", "size": "0.00001196", "price": "117000.00000000", "time": "2025-07-15T14:39:04.172143Z", "fetched_at": "2025-07-15T14:39:33.150947+00:00", "symbol": "BTC-USD"}, {"trade_id": 849633190, "side": "sell", "size": "0.00001196", "price": "116999.75000000", "time": "2025-07-15T14:39:04.165942Z", "fetched_at": "2025-07-15T14:39:33.150947+00:00", "symbol": "BTC-USD"}, {"trade_id": 849633189, "side": "buy", "size": "0.03100000", "price": "116990.58000000", "time": "2025-07-15T14:39:03.878014Z", "fetched_at": "2025-07-15T14:39:33.150947+00:00", "symbol": "BTC-USD"}, {"trade_id": 849633188, "side": "sell", "size": "0.01169000", "price": "116999.62000000", "time": "2025-07-15T14:39:03.845389Z", "fetched_at": "2025-07-15T14:39:33.150947+00:00", "symbol": "BTC-USD"}, {"trade_id": 849633187, "side": "sell", "size": "0.00266949", "price": "116999.62000000", "time": "2025-07-15T14:39:03.787798Z", "fetched_at": "2025-07-15T14:39:33.150947+00:00", "symbol": "BTC-USD"}, {"trade_id": 849633186, "side": "sell", "size": "0.08976495", "price": "116999.61000000", "time": "2025-07-15T14:39:03.787798Z", "fetched_at": "2025-07-15T14:39:33.150947+00:00", "symbol": "BTC-USD"}, {"trade_id": 849633185, "side": "sell", "size": "0.01661430", "price": "116999.61000000", "time": "2025-07-15T14:39:03.448049Z", "fetched_at": "2025-07-15T14:39:33.150947+00:00", "symbol": "BTC-USD"}, {"trade_id": 849633184, "side": "sell", "size": "0.00074761", "price": "116999.61000000", "time": "2025-07-15T14:39:03.244905Z", "fetched_at": "2025-07-15T14:39:33.150947+00:00", "symbol": "BTC-USD"}, {"trade_id": 849633183, "side": "sell", "size": "0.00039008", "price": "116999.62000000", "time": "2025-07-15T14:39:03.151359Z", "fetched_at": "2025-07-15T14:39:33.150947+00:00", "symbol": "BTC-USD"}, {"trade_id": 849633182, "side": "sell", "size": "0.00073537", "price": "116999.63000000", "time": "2025-07-15T14:39:03.129456Z", "fetched_at": "2025-07-15T14:39:33.150947+00:00", "symbol": "BTC-USD"}, {"trade_id": 849633181, "side": "sell", "size": "0.00125310", "price": "116999.66000000", "time": "2025-07-15T14:39:02.688464Z", "fetched_at": "2025-07-15T14:39:33.150947+00:00", "symbol": "BTC-USD"}, {"trade_id": 849633180, "side": "sell", "size": "0.00854701", "price": "116999.91000000", "time": "2025-07-15T14:39:01.650290Z", "fetched_at": "2025-07-15T14:39:33.150947+00:00", "symbol": "BTC-USD"}, {"trade_id": 849633179, "side": "sell", "size": "0.10153354", "price": "117000.00000000", "time": "2025-07-15T14:39:01.480317Z", "fetched_at": "2025-07-15T14:39:33.150947+00:00", "symbol": "BTC-USD"}, {"trade_id": 849633178, "side": "sell", "size": "0.00064113", "price": "116999.99000000", "time": "2025-07-15T14:39:01.480317Z", "fetched_at": "2025-07-15T14:39:33.150947+00:00", "symbol": "BTC-USD"}, {"trade_id": 849633177, "side": "sell", "size": "0.00854734", "price": "116995.52000000", "time": "2025-07-15T14:39:01.480317Z", "fetched_at": "2025-07-15T14:39:33.150947+00:00", "symbol": "BTC-USD"}, {"trade_id": 849633176, "side": "sell", "size": "0.00101288", "price": "116993.77000000", "time": "2025-07-15T14:39:01.480317Z", "fetched_at": "2025-07-15T14:39:33.150947+00:00", "symbol": "BTC-USD"}, {"trade_id": 849633175, "side": "sell", "size": "0.04000000", "price": "116993.77000000", "time": "2025-07-15T14:39:01.480317Z", "fetched_at": "2025-07-15T14:39:33.150947+00:00", "symbol": "BTC-USD"}, {"trade_id": 849633174, "side": "sell", "size": "0.05594389", "price": "116993.77000000", "time": "2025-07-15T14:39:01.480317Z", "fetched_at": "2025-07-15T14:39:33.150947+00:00", "symbol": "BTC-USD"}, {"trade_id": 849633173, "side": "sell", "size": "0.00012161", "price": "116993.77000000", "time": "2025-07-15T14:39:01.350263Z", "fetched_at": "2025-07-15T14:39:33.150947+00:00", "symbol": "BTC-USD"}, {"trade_id": 849633172, "side": "sell", "size": "0.00213426", "price": "116993.77000000", "time": "2025-07-15T14:39:01.264315Z", "fetched_at": "2025-07-15T14:39:33.150947+00:00", "symbol": "BTC-USD"}, {"trade_id": 849633171, "side": "sell", "size": "0.02410091", "price": "116993.76000000", "time": "2025-07-15T14:39:01.264315Z", "fetched_at": "2025-07-15T14:39:33.150947+00:00", "symbol": "BTC-USD"}, {"trade_id": 849633170, "side": "sell", "size": "0.00202684", "price": "116993.77000000", "time": "2025-07-15T14:39:01.100551Z", "fetched_at": "2025-07-15T14:39:33.150947+00:00", "symbol": "BTC-USD"}, {"trade_id": 849633169, "side": "sell", "size": "0.00037350", "price": "116993.77000000", "time": "2025-07-15T14:39:01.051570Z", "fetched_at": "2025-07-15T14:39:33.150947+00:00", "symbol": "BTC-USD"}, {"trade_id": 849633168, "side": "buy", "size": "0.00017097", "price": "116982.90000000", "time": "2025-07-15T14:39:01.045663Z", "fetched_at": "2025-07-15T14:39:33.150947+00:00", "symbol": "BTC-USD"}, {"trade_id": 849633167, "side": "sell", "size": "0.02196788", "price": "116988.16000000", "time": "2025-07-15T14:39:00.975548Z", "fetched_at": "2025-07-15T14:39:33.150947+00:00", "symbol": "BTC-USD"}, {"trade_id": 849633166, "side": "sell", "size": "0.01803212", "price": "116988.16000000", "time": "2025-07-15T14:39:00.963285Z", "fetched_at": "2025-07-15T14:39:33.150947+00:00", "symbol": "BTC-USD"}, {"trade_id": 849633165, "side": "sell", "size": "0.00427393", "price": "116988.19000000", "time": "2025-07-15T14:39:00.671308Z", "fetched_at": "2025-07-15T14:39:33.150947+00:00", "symbol": "BTC-USD"}, {"trade_id": 849633164, "side": "buy", "size": "0.01106966", "price": "116985.82000000", "time": "2025-07-15T14:39:00.647353Z", "fetched_at": "2025-07-15T14:39:33.150947+00:00", "symbol": "BTC-USD"}, {"trade_id": 849633163, "side": "buy", "size": "0.02400000", "price": "116985.82000000", "time": "2025-07-15T14:39:00.642861Z", "fetched_at": "2025-07-15T14:39:33.150947+00:00", "symbol": "BTC-USD"}, {"trade_id": 849633162, "side": "buy", "size": "0.08172966", "price": "116985.82000000", "time": "2025-07-15T14:39:00.641721Z", "fetched_at": "2025-07-15T14:39:33.150947+00:00", "symbol": "BTC-USD"}, {"trade_id": 849633161, "side": "buy", "size": "0.03500000", "price": "116985.83000000", "time": "2025-07-15T14:39:00.641721Z", "fetched_at": "2025-07-15T14:39:33.150947+00:00", "symbol": "BTC-USD"}, {"trade_id": 849633160, "side": "buy", "size": "0.00006034", "price": "116985.94000000", "time": "2025-07-15T14:39:00.641721Z", "fetched_at": "2025-07-15T14:39:33.150947+00:00", "symbol": "BTC-USD"}, {"trade_id": 849633159, "side": "buy", "size": "0.00014787", "price": "116986.33000000", "time": "2025-07-15T14:39:00.330511Z", "fetched_at": "2025-07-15T14:39:33.150947+00:00", "symbol": "BTC-USD"}, {"trade_id": 849633158, "side": "sell", "size": "0.00641106", "price": "116999.89000000", "time": "2025-07-15T14:38:59.995064Z", "fetched_at": "2025-07-15T14:39:33.150947+00:00", "symbol": "BTC-USD"}, {"trade_id": 849633157, "side": "sell", "size": "0.00373824", "price": "116999.91000000", "time": "2025-07-15T14:38:59.773806Z", "fetched_at": "2025-07-15T14:39:33.150947+00:00", "symbol": "BTC-USD"}, {"trade_id": 849633156, "side": "sell", "size": "0.00024321", "price": "116999.95000000", "time": "2025-07-15T14:38:58.362798Z", "fetched_at": "2025-07-15T14:39:33.150947+00:00", "symbol": "BTC-USD"}, {"trade_id": 849633155, "side": "sell", "size": "0.01709402", "price": "116999.95000000", "time": "2025-07-15T14:38:58.328784Z", "fetched_at": "2025-07-15T14:39:33.150947+00:00", "symbol": "BTC-USD"}, {"trade_id": 849633154, "side": "buy", "size": "0.00010000", "price": "116985.89000000", "time": "2025-07-15T14:38:57.927126Z", "fetched_at": "2025-07-15T14:39:33.150947+00:00", "symbol": "BTC-USD"}, {"trade_id": 849633153, "side": "buy", "size": "0.00001087", "price": "116985.70000000", "time": "2025-07-15T14:38:57.756263Z", "fetched_at": "2025-07-15T14:39:33.150947+00:00", "symbol": "BTC-USD"}, {"trade_id": 849633152, "side": "buy", "size": "0.00076306", "price": "116985.67000000", "time": "2025-07-15T14:38:57.717462Z", "fetched_at": "2025-07-15T14:39:33.150947+00:00", "symbol": "BTC-USD"}, {"trade_id": 849633151, "side": "buy", "size": "0.00002451", "price": "116994.14000000", "time": "2025-07-15T14:38:57.717462Z", "fetched_at": "2025-07-15T14:39:33.150947+00:00", "symbol": "BTC-USD"}, {"trade_id": 849633150, "side": "buy", "size": "0.02400000", "price": "116994.15000000", "time": "2025-07-15T14:38:57.717462Z", "fetched_at": "2025-07-15T14:39:33.150947+00:00", "symbol": "BTC-USD"}, {"trade_id": 849633149, "side": "sell", "size": "0.00094840", "price": "116999.99000000", "time": "2025-07-15T14:38:57.170693Z", "fetched_at": "2025-07-15T14:39:33.150947+00:00", "symbol": "BTC-USD"}, {"trade_id": 849633148, "side": "sell", "size": "0.00014104", "price": "117000.00000000", "time": "2025-07-15T14:38:57.065279Z", "fetched_at": "2025-07-15T14:39:33.150947+00:00", "symbol": "BTC-USD"}, {"trade_id": 849633147, "side": "sell", "size": "0.00000025", "price": "116994.93000000", "time": "2025-07-15T14:38:57.065279Z", "fetched_at": "2025-07-15T14:39:33.150947+00:00", "symbol": "BTC-USD"}, {"trade_id": 849633146, "side": "sell", "size": "0.00000871", "price": "116994.93000000", "time": "2025-07-15T14:38:57.065279Z", "fetched_at": "2025-07-15T14:39:33.150947+00:00", "symbol": "BTC-USD"}, {"trade_id": 849633145, "side": "buy", "size": "0.00428715", "price": "116994.01000000", "time": "2025-07-15T14:38:56.819297Z", "fetched_at": "2025-07-15T14:39:33.150947+00:00", "symbol": "BTC-USD"}, {"trade_id": 849633144, "side": "buy", "size": "0.00400000", "price": "116994.01000000", "time": "2025-07-15T14:38:56.615131Z", "fetched_at": "2025-07-15T14:39:33.150947+00:00", "symbol": "BTC-USD"}, {"trade_id": 849633143, "side": "sell", "size": "0.00012457", "price": "116994.92000000", "time": "2025-07-15T14:38:56.435219Z", "fetched_at": "2025-07-15T14:39:33.150947+00:00", "symbol": "BTC-USD"}, {"trade_id": 849633142, "side": "sell", "size": "0.00081270", "price": "116994.93000000", "time": "2025-07-15T14:38:56.200565Z", "fetched_at": "2025-07-15T14:39:33.150947+00:00", "symbol": "BTC-USD"}, {"trade_id": 849633141, "side": "sell", "size": "0.00002067", "price": "116994.93000000", "time": "2025-07-15T14:38:56.200565Z", "fetched_at": "2025-07-15T14:39:33.150947+00:00", "symbol": "BTC-USD"}, {"trade_id": 849633140, "side": "sell", "size": "0.00001282", "price": "116994.93000000", "time": "2025-07-15T14:38:56.200565Z", "fetched_at": "2025-07-15T14:39:33.150947+00:00", "symbol": "BTC-USD"}, {"trade_id": 849633139, "side": "sell", "size": "0.00007005", "price": "117000.00000000", "time": "2025-07-15T14:38:56.110653Z", "fetched_at": "2025-07-15T14:39:33.150947+00:00", "symbol": "BTC-USD"}, {"trade_id": 849633138, "side": "sell", "size": "0.00000213", "price": "116999.99000000", "time": "2025-07-15T14:38:56.110653Z", "fetched_at": "2025-07-15T14:39:33.150947+00:00", "symbol": "BTC-USD"}, {"trade_id": 849633137, "side": "sell", "size": "0.00001033", "price": "116994.93000000", "time": "2025-07-15T14:38:56.110653Z", "fetched_at": "2025-07-15T14:39:33.150947+00:00", "symbol": "BTC-USD"}, {"trade_id": 849633136, "side": "sell", "size": "0.00001000", "price": "116991.80000000", "time": "2025-07-15T14:38:55.941200Z", "fetched_at": "2025-07-15T14:39:33.150947+00:00", "symbol": "BTC-USD"}, {"trade_id": 849633135, "side": "sell", "size": "0.00274998", "price": "116981.05000000", "time": "2025-07-15T14:38:55.835034Z", "fetched_at": "2025-07-15T14:39:33.150947+00:00", "symbol": "BTC-USD"}, {"trade_id": 849633134, "side": "sell", "size": "0.00319517", "price": "116981.05000000", "time": "2025-07-15T14:38:55.831402Z", "fetched_at": "2025-07-15T14:39:33.150947+00:00", "symbol": "BTC-USD"}, {"trade_id": 849633133, "side": "sell", "size": "0.02262587", "price": "116981.05000000", "time": "2025-07-15T14:38:55.827788Z", "fetched_at": "2025-07-15T14:39:33.150947+00:00", "symbol": "BTC-USD"}, {"trade_id": 849633132, "side": "sell", "size": "0.00283201", "price": "116981.05000000", "time": "2025-07-15T14:38:55.823873Z", "fetched_at": "2025-07-15T14:39:33.150947+00:00", "symbol": "BTC-USD"}, {"trade_id": 849633131, "side": "sell", "size": "0.00495086", "price": "116981.05000000", "time": "2025-07-15T14:38:55.820728Z", "fetched_at": "2025-07-15T14:39:33.150947+00:00", "symbol": "BTC-USD"}, {"trade_id": 849633130, "side": "sell", "size": "0.07127557", "price": "116981.05000000", "time": "2025-07-15T14:38:55.806247Z", "fetched_at": "2025-07-15T14:39:33.150947+00:00", "symbol": "BTC-USD"}, {"trade_id": 849633129, "side": "sell", "size": "0.00370094", "price": "116981.05000000", "time": "2025-07-15T14:38:55.776310Z", "fetched_at": "2025-07-15T14:39:33.150947+00:00", "symbol": "BTC-USD"}, {"trade_id": 849633128, "side": "sell", "size": "0.04217129", "price": "116981.05000000", "time": "2025-07-15T14:38:55.765331Z", "fetched_at": "2025-07-15T14:39:33.150947+00:00", "symbol": "BTC-USD"}, {"trade_id": 849633127, "side": "sell", "size": "0.02193616", "price": "116981.04000000", "time": "2025-07-15T14:38:55.765331Z", "fetched_at": "2025-07-15T14:39:33.150947+00:00", "symbol": "BTC-USD"}, {"trade_id": 849633126, "side": "sell", "size": "0.00006778", "price": "116981.04000000", "time": "2025-07-15T14:38:55.748467Z", "fetched_at": "2025-07-15T14:39:33.150947+00:00", "symbol": "BTC-USD"}, {"trade_id": 849633125, "side": "sell", "size": "0.00292932", "price": "116981.04000000", "time": "2025-07-15T14:38:55.717458Z", "fetched_at": "2025-07-15T14:39:33.150947+00:00", "symbol": "BTC-USD"}, {"trade_id": 849633124, "side": "sell", "size": "0.00357691", "price": "116981.04000000", "time": "2025-07-15T14:38:55.714084Z", "fetched_at": "2025-07-15T14:39:33.150947+00:00", "symbol": "BTC-USD"}, {"trade_id": 849633123, "side": "sell", "size": "0.00266180", "price": "116981.04000000", "time": "2025-07-15T14:38:55.710192Z", "fetched_at": "2025-07-15T14:39:33.150947+00:00", "symbol": "BTC-USD"}, {"trade_id": 849633122, "side": "sell", "size": "0.00197429", "price": "116981.04000000", "time": "2025-07-15T14:38:55.706848Z", "fetched_at": "2025-07-15T14:39:33.150947+00:00", "symbol": "BTC-USD"}, {"trade_id": 849633121, "side": "sell", "size": "0.00088547", "price": "116981.04000000", "time": "2025-07-15T14:38:55.670185Z", "fetched_at": "2025-07-15T14:39:33.150947+00:00", "symbol": "BTC-USD"}, {"trade_id": 849633120, "side": "sell", "size": "0.00088547", "price": "116981.04000000", "time": "2025-07-15T14:38:55.666894Z", "fetched_at": "2025-07-15T14:39:33.150947+00:00", "symbol": "BTC-USD"}, {"trade_id": 849633119, "side": "sell", "size": "0.00088547", "price": "116981.04000000", "time": "2025-07-15T14:38:55.663680Z", "fetched_at": "2025-07-15T14:39:33.150947+00:00", "symbol": "BTC-USD"}, {"trade_id": 849633118, "side": "sell", "size": "0.00088547", "price": "116981.04000000", "time": "2025-07-15T14:38:55.650237Z", "fetched_at": "2025-07-15T14:39:33.150947+00:00", "symbol": "BTC-USD"}, {"trade_id": 849633117, "side": "sell", "size": "0.00088547", "price": "116981.04000000", "time": "2025-07-15T14:38:55.643397Z", "fetched_at": "2025-07-15T14:39:33.150947+00:00", "symbol": "BTC-USD"}, {"trade_id": 849633116, "side": "sell", "size": "0.00002144", "price": "116981.04000000", "time": "2025-07-15T14:38:55.572206Z", "fetched_at": "2025-07-15T14:39:33.150947+00:00", "symbol": "BTC-USD"}, {"trade_id": 849633115, "side": "sell", "size": "0.00200000", "price": "116981.04000000", "time": "2025-07-15T14:38:55.541804Z", "fetched_at": "2025-07-15T14:39:33.150947+00:00", "symbol": "BTC-USD"}, {"trade_id": 849633114, "side": "sell", "size": "0.00040495", "price": "116981.04000000", "time": "2025-07-15T14:38:55.277760Z", "fetched_at": "2025-07-15T14:39:33.150947+00:00", "symbol": "BTC-USD"}, {"trade_id": 849633113, "side": "buy", "size": "0.02502000", "price": "116981.04000000", "time": "2025-07-15T14:38:55.096837Z", "fetched_at": "2025-07-15T14:39:33.150947+00:00", "symbol": "BTC-USD"}, {"trade_id": 849633112, "side": "buy", "size": "0.00598000", "price": "116981.04000000", "time": "2025-07-15T14:38:55.096837Z", "fetched_at": "2025-07-15T14:39:33.150947+00:00", "symbol": "BTC-USD"}, {"trade_id": 849633111, "side": "sell", "size": "0.00125787", "price": "116981.05000000", "time": "2025-07-15T14:38:55.071453Z", "fetched_at": "2025-07-15T14:39:33.150947+00:00", "symbol": "BTC-USD"}, {"trade_id": 849633110, "side": "sell", "size": "0.00125787", "price": "116981.05000000", "time": "2025-07-15T14:38:55.067055Z", "fetched_at": "2025-07-15T14:39:33.150947+00:00", "symbol": "BTC-USD"}, {"trade_id": 849633109, "side": "sell", "size": "0.00083072", "price": "116981.05000000", "time": "2025-07-15T14:38:55.038702Z", "fetched_at": "2025-07-15T14:39:33.150947+00:00", "symbol": "BTC-USD"}, {"trade_id": 849633108, "side": "sell", "size": "0.00012693", "price": "116981.05000000", "time": "2025-07-15T14:38:54.822183Z", "fetched_at": "2025-07-15T14:39:33.150947+00:00", "symbol": "BTC-USD"}, {"trade_id": 849633107, "side": "sell", "size": "0.02185097", "price": "116981.05000000", "time": "2025-07-15T14:38:54.815970Z", "fetched_at": "2025-07-15T14:39:33.150947+00:00", "symbol": "BTC-USD"}, {"trade_id": 849633106, "side": "sell", "size": "0.00190151", "price": "116981.05000000", "time": "2025-07-15T14:38:54.773461Z", "fetched_at": "2025-07-15T14:39:33.150947+00:00", "symbol": "BTC-USD"}, {"trade_id": 849633105, "side": "sell", "size": "0.01784666", "price": "116981.04000000", "time": "2025-07-15T14:38:54.773461Z", "fetched_at": "2025-07-15T14:39:33.150947+00:00", "symbol": "BTC-USD"}, {"trade_id": 849633104, "side": "sell", "size": "0.00280353", "price": "116981.04000000", "time": "2025-07-15T14:38:54.765183Z", "fetched_at": "2025-07-15T14:39:33.150947+00:00", "symbol": "BTC-USD"}, {"trade_id": 849633103, "side": "sell", "size": "0.00339325", "price": "116981.04000000", "time": "2025-07-15T14:38:54.762044Z", "fetched_at": "2025-07-15T14:39:33.150947+00:00", "symbol": "BTC-USD"}, {"trade_id": 849633102, "side": "sell", "size": "0.00408702", "price": "116981.04000000", "time": "2025-07-15T14:38:54.759306Z", "fetched_at": "2025-07-15T14:39:33.150947+00:00", "symbol": "BTC-USD"}, {"trade_id": 849633101, "side": "sell", "size": "0.00408702", "price": "116981.04000000", "time": "2025-07-15T14:38:54.751486Z", "fetched_at": "2025-07-15T14:39:33.150947+00:00", "symbol": "BTC-USD"}, {"trade_id": 849633100, "side": "sell", "size": "0.00369550", "price": "116981.04000000", "time": "2025-07-15T14:38:54.743279Z", "fetched_at": "2025-07-15T14:39:33.150947+00:00", "symbol": "BTC-USD"}, {"trade_id": 849633099, "side": "sell", "size": "0.00408702", "price": "116981.04000000", "time": "2025-07-15T14:38:54.740273Z", "fetched_at": "2025-07-15T14:39:33.150947+00:00", "symbol": "BTC-USD"}, {"trade_id": 849633098, "side": "sell", "size": "0.00334520", "price": "116978.02000000", "time": "2025-07-15T14:38:54.571557Z", "fetched_at": "2025-07-15T14:39:33.150947+00:00", "symbol": "BTC-USD"}, {"trade_id": 849633097, "side": "sell", "size": "0.00427430", "price": "116978.04000000", "time": "2025-07-15T14:38:54.162408Z", "fetched_at": "2025-07-15T14:39:33.150947+00:00", "symbol": "BTC-USD"}, {"trade_id": 849633096, "side": "sell", "size": "0.00123739", "price": "116978.06000000", "time": "2025-07-15T14:38:54.049130Z", "fetched_at": "2025-07-15T14:39:33.150947+00:00", "symbol": "BTC-USD"}, {"trade_id": 849633095, "side": "sell", "size": "0.00123739", "price": "116978.06000000", "time": "2025-07-15T14:38:54.045209Z", "fetched_at": "2025-07-15T14:39:33.150947+00:00", "symbol": "BTC-USD"}, {"trade_id": 849633094, "side": "sell", "size": "0.00257298", "price": "116980.99000000", "time": "2025-07-15T14:38:53.895572Z", "fetched_at": "2025-07-15T14:39:33.150947+00:00", "symbol": "BTC-USD"}, {"trade_id": 849633093, "side": "sell", "size": "0.00045006", "price": "116980.99000000", "time": "2025-07-15T14:38:53.644147Z", "fetched_at": "2025-07-15T14:39:33.150947+00:00", "symbol": "BTC-USD"}, {"trade_id": 849633092, "side": "sell", "size": "0.00045006", "price": "116980.99000000", "time": "2025-07-15T14:38:53.640737Z", "fetched_at": "2025-07-15T14:39:33.150947+00:00", "symbol": "BTC-USD"}, {"trade_id": 849633091, "side": "sell", "size": "0.00048650", "price": "116980.99000000", "time": "2025-07-15T14:38:53.638649Z", "fetched_at": "2025-07-15T14:39:33.150947+00:00", "symbol": "BTC-USD"}, {"trade_id": 849633090, "side": "sell", "size": "0.00045006", "price": "116980.99000000", "time": "2025-07-15T14:38:53.637155Z", "fetched_at": "2025-07-15T14:39:33.150947+00:00", "symbol": "BTC-USD"}, {"trade_id": 849633089, "side": "sell", "size": "0.00045006", "price": "116980.99000000", "time": "2025-07-15T14:38:53.633579Z", "fetched_at": "2025-07-15T14:39:33.150947+00:00", "symbol": "BTC-USD"}, {"trade_id": 849633088, "side": "sell", "size": "0.00505210", "price": "116980.99000000", "time": "2025-07-15T14:38:53.515055Z", "fetched_at": "2025-07-15T14:39:33.150947+00:00", "symbol": "BTC-USD"}, {"trade_id": 849633087, "side": "sell", "size": "0.00152981", "price": "116980.99000000", "time": "2025-07-15T14:38:53.509981Z", "fetched_at": "2025-07-15T14:39:33.150947+00:00", "symbol": "BTC-USD"}, {"trade_id": 849633086, "side": "sell", "size": "0.00152981", "price": "116980.99000000", "time": "2025-07-15T14:38:53.506334Z", "fetched_at": "2025-07-15T14:39:33.150947+00:00", "symbol": "BTC-USD"}, {"trade_id": 849633085, "side": "sell", "size": "0.00043998", "price": "116980.99000000", "time": "2025-07-15T14:38:53.337908Z", "fetched_at": "2025-07-15T14:39:33.150947+00:00", "symbol": "BTC-USD"}, {"trade_id": 849633084, "side": "sell", "size": "0.00560312", "price": "116980.99000000", "time": "2025-07-15T14:38:53.317016Z", "fetched_at": "2025-07-15T14:39:33.150947+00:00", "symbol": "BTC-USD"}, {"trade_id": 849633083, "side": "sell", "size": "0.00541238", "price": "116980.99000000", "time": "2025-07-15T14:38:53.313198Z", "fetched_at": "2025-07-15T14:39:33.150947+00:00", "symbol": "BTC-USD"}, {"trade_id": 849633082, "side": "sell", "size": "0.00019074", "price": "116980.99000000", "time": "2025-07-15T14:38:53.313198Z", "fetched_at": "2025-07-15T14:39:33.150947+00:00", "symbol": "BTC-USD"}, {"trade_id": 849633081, "side": "sell", "size": "0.00662864", "price": "116980.99000000", "time": "2025-07-15T14:38:53.295604Z", "fetched_at": "2025-07-15T14:39:33.150947+00:00", "symbol": "BTC-USD"}, {"trade_id": 849633080, "side": "sell", "size": "0.00085028", "price": "116980.99000000", "time": "2025-07-15T14:38:52.951332Z", "fetched_at": "2025-07-15T14:39:33.150947+00:00", "symbol": "BTC-USD"}, {"trade_id": 849633079, "side": "sell", "size": "0.00001597", "price": "116980.99000000", "time": "2025-07-15T14:38:52.804120Z", "fetched_at": "2025-07-15T14:39:33.150947+00:00", "symbol": "BTC-USD"}, {"trade_id": 849633078, "side": "sell", "size": "0.02185024", "price": "116980.99000000", "time": "2025-07-15T14:38:52.731937Z", "fetched_at": "2025-07-15T14:39:33.150947+00:00", "symbol": "BTC-USD"}, {"trade_id": 849633077, "side": "sell", "size": "0.00295818", "price": "116980.99000000", "time": "2025-07-15T14:38:52.679977Z", "fetched_at": "2025-07-15T14:39:33.150947+00:00", "symbol": "BTC-USD"}, {"trade_id": 849633076, "side": "sell", "size": "0.00262376", "price": "116980.99000000", "time": "2025-07-15T14:38:52.676732Z", "fetched_at": "2025-07-15T14:39:33.150947+00:00", "symbol": "BTC-USD"}, {"trade_id": 849633075, "side": "sell", "size": "0.00488219", "price": "116980.99000000", "time": "2025-07-15T14:38:52.673675Z", "fetched_at": "2025-07-15T14:39:33.150947+00:00", "symbol": "BTC-USD"}, {"trade_id": 849633074, "side": "sell", "size": "0.00325760", "price": "116980.96000000", "time": "2025-07-15T14:38:52.616329Z", "fetched_at": "2025-07-15T14:39:33.150947+00:00", "symbol": "BTC-USD"}, {"trade_id": 849633073, "side": "buy", "size": "0.00010960", "price": "116972.52000000", "time": "2025-07-15T14:38:52.334945Z", "fetched_at": "2025-07-15T14:39:33.150947+00:00", "symbol": "BTC-USD"}, {"trade_id": 849633072, "side": "buy", "size": "0.00001282", "price": "116974.26000000", "time": "2025-07-15T14:38:52.334945Z", "fetched_at": "2025-07-15T14:39:33.150947+00:00", "symbol": "BTC-USD"}, {"trade_id": 849633071, "side": "buy", "size": "0.06571823", "price": "116978.65000000", "time": "2025-07-15T14:38:52.249485Z", "fetched_at": "2025-07-15T14:39:33.150947+00:00", "symbol": "BTC-USD"}, {"trade_id": 849633070, "side": "sell", "size": "0.00288730", "price": "116981.05000000", "time": "2025-07-15T14:38:52.048978Z", "fetched_at": "2025-07-15T14:39:33.150947+00:00", "symbol": "BTC-USD"}, {"trade_id": 849633069, "side": "sell", "size": "0.01112840", "price": "116981.05000000", "time": "2025-07-15T14:38:52.046525Z", "fetched_at": "2025-07-15T14:39:33.150947+00:00", "symbol": "BTC-USD"}, {"trade_id": 849633068, "side": "sell", "size": "0.00042190", "price": "116981.05000000", "time": "2025-07-15T14:38:51.904183Z", "fetched_at": "2025-07-15T14:39:33.150947+00:00", "symbol": "BTC-USD"}, {"trade_id": 849633067, "side": "sell", "size": "0.00042190", "price": "116981.05000000", "time": "2025-07-15T14:38:51.901303Z", "fetched_at": "2025-07-15T14:39:33.150947+00:00", "symbol": "BTC-USD"}, {"trade_id": 849633066, "side": "sell", "size": "0.00042190", "price": "116981.05000000", "time": "2025-07-15T14:38:51.897221Z", "fetched_at": "2025-07-15T14:39:33.150947+00:00", "symbol": "BTC-USD"}