[{"trade_id": 849615110, "side": "buy", "size": "0.00018973", "price": "117799.99000000", "time": "2025-07-15T14:23:19.913278Z", "fetched_at": "2025-07-15T14:23:24.795075+00:00", "symbol": "BTC-USD"}, {"trade_id": 849615109, "side": "buy", "size": "0.00008489", "price": "117800.09000000", "time": "2025-07-15T14:23:19.822682Z", "fetched_at": "2025-07-15T14:23:24.795075+00:00", "symbol": "BTC-USD"}, {"trade_id": 849615108, "side": "buy", "size": "0.00848895", "price": "117800.09000000", "time": "2025-07-15T14:23:19.822682Z", "fetched_at": "2025-07-15T14:23:24.795075+00:00", "symbol": "BTC-USD"}, {"trade_id": 849615107, "side": "buy", "size": "0.00848888", "price": "117801.04000000", "time": "2025-07-15T14:23:19.714145Z", "fetched_at": "2025-07-15T14:23:24.795075+00:00", "symbol": "BTC-USD"}, {"trade_id": 849615106, "side": "buy", "size": "0.00008489", "price": "117802.67000000", "time": "2025-07-15T14:23:19.714145Z", "fetched_at": "2025-07-15T14:23:24.795075+00:00", "symbol": "BTC-USD"}, {"trade_id": 849615105, "side": "buy", "size": "0.00008489", "price": "117802.80000000", "time": "2025-07-15T14:23:19.563942Z", "fetched_at": "2025-07-15T14:23:24.795075+00:00", "symbol": "BTC-USD"}, {"trade_id": 849615104, "side": "buy", "size": "0.00848876", "price": "117802.80000000", "time": "2025-07-15T14:23:19.563942Z", "fetched_at": "2025-07-15T14:23:24.795075+00:00", "symbol": "BTC-USD"}, {"trade_id": 849615103, "side": "buy", "size": "0.00008489", "price": "117802.80000000", "time": "2025-07-15T14:23:19.513405Z", "fetched_at": "2025-07-15T14:23:24.795075+00:00", "symbol": "BTC-USD"}, {"trade_id": 849615102, "side": "buy", "size": "0.00848889", "price": "117801.09000000", "time": "2025-07-15T14:23:19.285049Z", "fetched_at": "2025-07-15T14:23:24.795075+00:00", "symbol": "BTC-USD"}, {"trade_id": 849615101, "side": "buy", "size": "0.00848875", "price": "117802.86000000", "time": "2025-07-15T14:23:19.285049Z", "fetched_at": "2025-07-15T14:23:24.795075+00:00", "symbol": "BTC-USD"}, {"trade_id": 849615100, "side": "buy", "size": "0.00008489", "price": "117802.86000000", "time": "2025-07-15T14:23:19.285049Z", "fetched_at": "2025-07-15T14:23:24.795075+00:00", "symbol": "BTC-USD"}, {"trade_id": 849615099, "side": "buy", "size": "0.00848881", "price": "117802.18000000", "time": "2025-07-15T14:23:18.903156Z", "fetched_at": "2025-07-15T14:23:24.795075+00:00", "symbol": "BTC-USD"}, {"trade_id": 849615098, "side": "buy", "size": "0.00848867", "price": "117803.95000000", "time": "2025-07-15T14:23:18.903156Z", "fetched_at": "2025-07-15T14:23:24.795075+00:00", "symbol": "BTC-USD"}, {"trade_id": 849615097, "side": "buy", "size": "0.00008489", "price": "117803.96000000", "time": "2025-07-15T14:23:18.903156Z", "fetched_at": "2025-07-15T14:23:24.795075+00:00", "symbol": "BTC-USD"}, {"trade_id": 849615096, "side": "buy", "size": "0.00848881", "price": "117802.20000000", "time": "2025-07-15T14:23:18.707192Z", "fetched_at": "2025-07-15T14:23:24.795075+00:00", "symbol": "BTC-USD"}, {"trade_id": 849615095, "side": "buy", "size": "0.00848867", "price": "117803.97000000", "time": "2025-07-15T14:23:18.707192Z", "fetched_at": "2025-07-15T14:23:24.795075+00:00", "symbol": "BTC-USD"}, {"trade_id": 849615094, "side": "buy", "size": "0.00008489", "price": "117804.72000000", "time": "2025-07-15T14:23:18.707192Z", "fetched_at": "2025-07-15T14:23:24.795075+00:00", "symbol": "BTC-USD"}, {"trade_id": 849615093, "side": "sell", "size": "0.00011697", "price": "117803.98000000", "time": "2025-07-15T14:23:18.675500Z", "fetched_at": "2025-07-15T14:23:24.795075+00:00", "symbol": "BTC-USD"}, {"trade_id": 849615092, "side": "sell", "size": "0.00020758", "price": "117803.98000000", "time": "2025-07-15T14:23:18.479334Z", "fetched_at": "2025-07-15T14:23:24.795075+00:00", "symbol": "BTC-USD"}, {"trade_id": 849615091, "side": "buy", "size": "0.00008489", "price": "117803.97000000", "time": "2025-07-15T14:23:18.357428Z", "fetched_at": "2025-07-15T14:23:24.795075+00:00", "symbol": "BTC-USD"}, {"trade_id": 849615090, "side": "buy", "size": "0.00848862", "price": "117804.74000000", "time": "2025-07-15T14:23:18.308736Z", "fetched_at": "2025-07-15T14:23:24.795075+00:00", "symbol": "BTC-USD"}, {"trade_id": 849615089, "side": "buy", "size": "0.00008489", "price": "117806.54000000", "time": "2025-07-15T14:23:18.308736Z", "fetched_at": "2025-07-15T14:23:24.795075+00:00", "symbol": "BTC-USD"}, {"trade_id": 849615088, "side": "sell", "size": "0.00000840", "price": "117806.55000000", "time": "2025-07-15T14:23:18.303499Z", "fetched_at": "2025-07-15T14:23:24.795075+00:00", "symbol": "BTC-USD"}, {"trade_id": 849615087, "side": "sell", "size": "0.01000000", "price": "117804.74000000", "time": "2025-07-15T14:23:18.255869Z", "fetched_at": "2025-07-15T14:23:24.795075+00:00", "symbol": "BTC-USD"}, {"trade_id": 849615086, "side": "buy", "size": "0.13235129", "price": "117799.98000000", "time": "2025-07-15T14:23:17.986056Z", "fetched_at": "2025-07-15T14:23:24.795075+00:00", "symbol": "BTC-USD"}, {"trade_id": 849615085, "side": "buy", "size": "0.00602600", "price": "117800.00000000", "time": "2025-07-15T14:23:17.986056Z", "fetched_at": "2025-07-15T14:23:24.795075+00:00", "symbol": "BTC-USD"}, {"trade_id": 849615084, "side": "buy", "size": "0.06431500", "price": "117801.42000000", "time": "2025-07-15T14:23:17.986056Z", "fetched_at": "2025-07-15T14:23:24.795075+00:00", "symbol": "BTC-USD"}, {"trade_id": 849615083, "side": "buy", "size": "0.00848841", "price": "117807.74000000", "time": "2025-07-15T14:23:17.986056Z", "fetched_at": "2025-07-15T14:23:24.795075+00:00", "symbol": "BTC-USD"}, {"trade_id": 849615082, "side": "buy", "size": "0.00848829", "price": "117809.31000000", "time": "2025-07-15T14:23:17.986056Z", "fetched_at": "2025-07-15T14:23:24.795075+00:00", "symbol": "BTC-USD"}, {"trade_id": 849615081, "side": "buy", "size": "0.00008488", "price": "117809.71000000", "time": "2025-07-15T14:23:17.986056Z", "fetched_at": "2025-07-15T14:23:24.795075+00:00", "symbol": "BTC-USD"}, {"trade_id": 849615080, "side": "buy", "size": "0.00008266", "price": "117809.71000000", "time": "2025-07-15T14:23:17.927562Z", "fetched_at": "2025-07-15T14:23:24.795075+00:00", "symbol": "BTC-USD"}, {"trade_id": 849615079, "side": "sell", "size": "0.00848807", "price": "117812.34000000", "time": "2025-07-15T14:23:17.483542Z", "fetched_at": "2025-07-15T14:23:24.795075+00:00", "symbol": "BTC-USD"}, {"trade_id": 849615078, "side": "buy", "size": "0.00657097", "price": "117812.51000000", "time": "2025-07-15T14:23:17.377700Z", "fetched_at": "2025-07-15T14:23:24.795075+00:00", "symbol": "BTC-USD"}, {"trade_id": 849615077, "side": "buy", "size": "0.00002899", "price": "117814.43000000", "time": "2025-07-15T14:23:17.377700Z", "fetched_at": "2025-07-15T14:23:24.795075+00:00", "symbol": "BTC-USD"}, {"trade_id": 849615076, "side": "sell", "size": "0.27813620", "price": "117824.86000000", "time": "2025-07-15T14:23:17.310093Z", "fetched_at": "2025-07-15T14:23:24.795075+00:00", "symbol": "BTC-USD"}, {"trade_id": 849615075, "side": "sell", "size": "0.00061299", "price": "117813.76000000", "time": "2025-07-15T14:23:17.310093Z", "fetched_at": "2025-07-15T14:23:24.795075+00:00", "symbol": "BTC-USD"}, {"trade_id": 849615074, "side": "sell", "size": "0.00045974", "price": "117813.36000000", "time": "2025-07-15T14:23:17.310093Z", "fetched_at": "2025-07-15T14:23:24.795075+00:00", "symbol": "BTC-USD"}, {"trade_id": 849615073, "side": "sell", "size": "0.00041184", "price": "117812.51000000", "time": "2025-07-15T14:23:17.310093Z", "fetched_at": "2025-07-15T14:23:24.795075+00:00", "symbol": "BTC-USD"}, {"trade_id": 849615072, "side": "sell", "size": "0.13230000", "price": "117812.12000000", "time": "2025-07-15T14:23:17.310093Z", "fetched_at": "2025-07-15T14:23:24.795075+00:00", "symbol": "BTC-USD"}, {"trade_id": 849615071, "side": "sell", "size": "0.00054912", "price": "117812.12000000", "time": "2025-07-15T14:23:17.310093Z", "fetched_at": "2025-07-15T14:23:24.795075+00:00", "symbol": "BTC-USD"}, {"trade_id": 849615070, "side": "buy", "size": "0.00848799", "price": "117800.01000000", "time": "2025-07-15T14:23:17.286154Z", "fetched_at": "2025-07-15T14:23:24.795075+00:00", "symbol": "BTC-USD"}, {"trade_id": 849615069, "side": "buy", "size": "0.00848805", "price": "117812.66000000", "time": "2025-07-15T14:23:17.286154Z", "fetched_at": "2025-07-15T14:23:24.795075+00:00", "symbol": "BTC-USD"}, {"trade_id": 849615068, "side": "buy", "size": "0.00598000", "price": "117814.43000000", "time": "2025-07-15T14:23:17.286154Z", "fetched_at": "2025-07-15T14:23:24.795075+00:00", "symbol": "BTC-USD"}, {"trade_id": 849615067, "side": "buy", "size": "0.00002996", "price": "117816.20000000", "time": "2025-07-15T14:23:17.286154Z", "fetched_at": "2025-07-15T14:23:24.795075+00:00", "symbol": "BTC-USD"}, {"trade_id": 849615066, "side": "sell", "size": "0.01046306", "price": "117814.44000000", "time": "2025-07-15T14:23:17.225616Z", "fetched_at": "2025-07-15T14:23:24.795075+00:00", "symbol": "BTC-USD"}, {"trade_id": 849615065, "side": "sell", "size": "0.01484776", "price": "117814.44000000", "time": "2025-07-15T14:23:17.149345Z", "fetched_at": "2025-07-15T14:23:24.795075+00:00", "symbol": "BTC-USD"}, {"trade_id": 849615064, "side": "sell", "size": "0.05568806", "price": "117814.44000000", "time": "2025-07-15T14:23:17.143864Z", "fetched_at": "2025-07-15T14:23:24.795075+00:00", "symbol": "BTC-USD"}, {"trade_id": 849615063, "side": "buy", "size": "0.00117612", "price": "117814.53000000", "time": "2025-07-15T14:23:17.128301Z", "fetched_at": "2025-07-15T14:23:24.795075+00:00", "symbol": "BTC-USD"}, {"trade_id": 849615062, "side": "buy", "size": "0.00349578", "price": "117817.22000000", "time": "2025-07-15T14:23:17.128301Z", "fetched_at": "2025-07-15T14:23:24.795075+00:00", "symbol": "BTC-USD"}, {"trade_id": 849615061, "side": "buy", "size": "0.00848717", "price": "117824.85000000", "time": "2025-07-15T14:23:17.128301Z", "fetched_at": "2025-07-15T14:23:24.795075+00:00", "symbol": "BTC-USD"}, {"trade_id": 849615060, "side": "sell", "size": "0.04179476", "price": "117815.50000000", "time": "2025-07-15T14:23:17.071666Z", "fetched_at": "2025-07-15T14:23:24.795075+00:00", "symbol": "BTC-USD"}, {"trade_id": 849615059, "side": "sell", "size": "0.00008489", "price": "117812.92000000", "time": "2025-07-15T14:23:17.058977Z", "fetched_at": "2025-07-15T14:23:24.795075+00:00", "symbol": "BTC-USD"}, {"trade_id": 849615058, "side": "sell", "size": "0.00010128", "price": "117809.16000000", "time": "2025-07-15T14:23:17.058977Z", "fetched_at": "2025-07-15T14:23:24.795075+00:00", "symbol": "BTC-USD"}, {"trade_id": 849615057, "side": "sell", "size": "0.00015193", "price": "117807.14000000", "time": "2025-07-15T14:23:17.058977Z", "fetched_at": "2025-07-15T14:23:24.795075+00:00", "symbol": "BTC-USD"}, {"trade_id": 849615056, "side": "sell", "size": "0.00848884", "price": "117801.76000000", "time": "2025-07-15T14:23:17.057094Z", "fetched_at": "2025-07-15T14:23:24.795075+00:00", "symbol": "BTC-USD"}, {"trade_id": 849615055, "side": "sell", "size": "0.12312061", "price": "117800.00000000", "time": "2025-07-15T14:23:17.056936Z", "fetched_at": "2025-07-15T14:23:24.795075+00:00", "symbol": "BTC-USD"}, {"trade_id": 849615054, "side": "sell", "size": "0.32912120", "price": "117800.00000000", "time": "2025-07-15T14:23:17.053985Z", "fetched_at": "2025-07-15T14:23:24.795075+00:00", "symbol": "BTC-USD"}, {"trade_id": 849615053, "side": "sell", "size": "0.02153990", "price": "117800.00000000", "time": "2025-07-15T14:23:17.053480Z", "fetched_at": "2025-07-15T14:23:24.795075+00:00", "symbol": "BTC-USD"}, {"trade_id": 849615052, "side": "sell", "size": "0.00472154", "price": "117800.00000000", "time": "2025-07-15T14:23:17.053242Z", "fetched_at": "2025-07-15T14:23:24.795075+00:00", "symbol": "BTC-USD"}, {"trade_id": 849615051, "side": "sell", "size": "0.07798094", "price": "117800.00000000", "time": "2025-07-15T14:23:17.053111Z", "fetched_at": "2025-07-15T14:23:24.795075+00:00", "symbol": "BTC-USD"}, {"trade_id": 849615050, "side": "sell", "size": "0.13649785", "price": "117799.99000000", "time": "2025-07-15T14:23:17.053111Z", "fetched_at": "2025-07-15T14:23:24.795075+00:00", "symbol": "BTC-USD"}, {"trade_id": 849615049, "side": "sell", "size": "0.00262624", "price": "117799.99000000", "time": "2025-07-15T14:23:16.522137Z", "fetched_at": "2025-07-15T14:23:24.795075+00:00", "symbol": "BTC-USD"}, {"trade_id": 849615048, "side": "sell", "size": "0.00364923", "price": "117799.99000000", "time": "2025-07-15T14:23:16.520381Z", "fetched_at": "2025-07-15T14:23:24.795075+00:00", "symbol": "BTC-USD"}, {"trade_id": 849615047, "side": "sell", "size": "0.00409957", "price": "117799.99000000", "time": "2025-07-15T14:23:16.515737Z", "fetched_at": "2025-07-15T14:23:24.795075+00:00", "symbol": "BTC-USD"}, {"trade_id": 849615046, "side": "sell", "size": "0.00304439", "price": "117799.99000000", "time": "2025-07-15T14:23:16.510860Z", "fetched_at": "2025-07-15T14:23:24.795075+00:00", "symbol": "BTC-USD"}, {"trade_id": 849615045, "side": "sell", "size": "0.01576129", "price": "117799.99000000", "time": "2025-07-15T14:23:16.505995Z", "fetched_at": "2025-07-15T14:23:24.795075+00:00", "symbol": "BTC-USD"}, {"trade_id": 849615044, "side": "sell", "size": "0.10403032", "price": "117799.99000000", "time": "2025-07-15T14:23:16.501994Z", "fetched_at": "2025-07-15T14:23:24.795075+00:00", "symbol": "BTC-USD"}, {"trade_id": 849615043, "side": "sell", "size": "0.00118000", "price": "117799.99000000", "time": "2025-07-15T14:23:16.307588Z", "fetched_at": "2025-07-15T14:23:24.795075+00:00", "symbol": "BTC-USD"}, {"trade_id": 849615042, "side": "sell", "size": "0.03299503", "price": "117799.99000000", "time": "2025-07-15T14:23:16.217301Z", "fetched_at": "2025-07-15T14:23:24.795075+00:00", "symbol": "BTC-USD"}, {"trade_id": 849615041, "side": "sell", "size": "0.06599118", "price": "117799.99000000", "time": "2025-07-15T14:23:16.049949Z", "fetched_at": "2025-07-15T14:23:24.795075+00:00", "symbol": "BTC-USD"}, {"trade_id": 849615040, "side": "sell", "size": "0.00000056", "price": "117799.99000000", "time": "2025-07-15T14:23:15.689198Z", "fetched_at": "2025-07-15T14:23:24.795075+00:00", "symbol": "BTC-USD"}, {"trade_id": 849615039, "side": "sell", "size": "0.00008051", "price": "117799.99000000", "time": "2025-07-15T14:23:14.770340Z", "fetched_at": "2025-07-15T14:23:24.795075+00:00", "symbol": "BTC-USD"}, {"trade_id": 849615038, "side": "sell", "size": "0.01697164", "price": "117799.99000000", "time": "2025-07-15T14:23:14.494489Z", "fetched_at": "2025-07-15T14:23:24.795075+00:00", "symbol": "BTC-USD"}, {"trade_id": 849615037, "side": "buy", "size": "0.00004287", "price": "117799.98000000", "time": "2025-07-15T14:23:14.429905Z", "fetched_at": "2025-07-15T14:23:24.795075+00:00", "symbol": "BTC-USD"}, {"trade_id": 849615036, "side": "buy", "size": "0.01626110", "price": "117799.98000000", "time": "2025-07-15T14:23:14.348425Z", "fetched_at": "2025-07-15T14:23:24.795075+00:00", "symbol": "BTC-USD"}, {"trade_id": 849615035, "side": "buy", "size": "0.00002796", "price": "117799.98000000", "time": "2025-07-15T14:23:14.348425Z", "fetched_at": "2025-07-15T14:23:24.795075+00:00", "symbol": "BTC-USD"}, {"trade_id": 849615034, "side": "sell", "size": "0.00300000", "price": "117799.99000000", "time": "2025-07-15T14:23:14.020837Z", "fetched_at": "2025-07-15T14:23:24.795075+00:00", "symbol": "BTC-USD"}, {"trade_id": 849615033, "side": "sell", "size": "0.00037911", "price": "117799.99000000", "time": "2025-07-15T14:23:13.370896Z", "fetched_at": "2025-07-15T14:23:24.795075+00:00", "symbol": "BTC-USD"}, {"trade_id": 849615032, "side": "sell", "size": "0.00060387", "price": "117799.99000000", "time": "2025-07-15T14:23:13.040511Z", "fetched_at": "2025-07-15T14:23:24.795075+00:00", "symbol": "BTC-USD"}, {"trade_id": 849615031, "side": "sell", "size": "0.00084041", "price": "117799.99000000", "time": "2025-07-15T14:23:12.708854Z", "fetched_at": "2025-07-15T14:23:24.795075+00:00", "symbol": "BTC-USD"}, {"trade_id": 849615030, "side": "sell", "size": "0.00824880", "price": "117799.99000000", "time": "2025-07-15T14:23:12.161760Z", "fetched_at": "2025-07-15T14:23:24.795075+00:00", "symbol": "BTC-USD"}, {"trade_id": 849615029, "side": "buy", "size": "0.00145915", "price": "117798.81000000", "time": "2025-07-15T14:23:11.866031Z", "fetched_at": "2025-07-15T14:23:24.795075+00:00", "symbol": "BTC-USD"}, {"trade_id": 849615028, "side": "buy", "size": "0.00021148", "price": "117799.48000000", "time": "2025-07-15T14:23:11.866031Z", "fetched_at": "2025-07-15T14:23:24.795075+00:00", "symbol": "BTC-USD"}, {"trade_id": 849615027, "side": "buy", "size": "0.00003674", "price": "117799.99000000", "time": "2025-07-15T14:23:11.866031Z", "fetched_at": "2025-07-15T14:23:24.795075+00:00", "symbol": "BTC-USD"}, {"trade_id": 849615026, "side": "buy", "size": "0.00000348", "price": "117799.99000000", "time": "2025-07-15T14:23:11.866031Z", "fetched_at": "2025-07-15T14:23:24.795075+00:00", "symbol": "BTC-USD"}, {"trade_id": 849615025, "side": "buy", "size": "0.00000118", "price": "117799.99000000", "time": "2025-07-15T14:23:11.866031Z", "fetched_at": "2025-07-15T14:23:24.795075+00:00", "symbol": "BTC-USD"}, {"trade_id": 849615024, "side": "buy", "size": "0.10121257", "price": "117799.99000000", "time": "2025-07-15T14:23:11.866031Z", "fetched_at": "2025-07-15T14:23:24.795075+00:00", "symbol": "BTC-USD"}, {"trade_id": 849615023, "side": "buy", "size": "0.00000076", "price": "117799.99000000", "time": "2025-07-15T14:23:11.866031Z", "fetched_at": "2025-07-15T14:23:24.795075+00:00", "symbol": "BTC-USD"}, {"trade_id": 849615022, "side": "buy", "size": "0.07456074", "price": "117799.99000000", "time": "2025-07-15T14:23:11.866031Z", "fetched_at": "2025-07-15T14:23:24.795075+00:00", "symbol": "BTC-USD"}, {"trade_id": 849615021, "side": "sell", "size": "0.00080606", "price": "117800.00000000", "time": "2025-07-15T14:23:11.524402Z", "fetched_at": "2025-07-15T14:23:24.795075+00:00", "symbol": "BTC-USD"}, {"trade_id": 849615020, "side": "sell", "size": "0.00037000", "price": "117800.00000000", "time": "2025-07-15T14:23:11.521329Z", "fetched_at": "2025-07-15T14:23:24.795075+00:00", "symbol": "BTC-USD"}, {"trade_id": 849615019, "side": "buy", "size": "0.00424760", "price": "117799.99000000", "time": "2025-07-15T14:23:11.401653Z", "fetched_at": "2025-07-15T14:23:24.795075+00:00", "symbol": "BTC-USD"}, {"trade_id": 849615018, "side": "sell", "size": "0.00848896", "price": "117800.00000000", "time": "2025-07-15T14:23:11.288236Z", "fetched_at": "2025-07-15T14:23:24.795075+00:00", "symbol": "BTC-USD"}, {"trade_id": 849615017, "side": "sell", "size": "0.00164976", "price": "117800.00000000", "time": "2025-07-15T14:23:11.155835Z", "fetched_at": "2025-07-15T14:23:24.795075+00:00", "symbol": "BTC-USD"}, {"trade_id": 849615016, "side": "sell", "size": "0.00008050", "price": "117800.00000000", "time": "2025-07-15T14:23:10.239121Z", "fetched_at": "2025-07-15T14:23:24.795075+00:00", "symbol": "BTC-USD"}, {"trade_id": 849615015, "side": "sell", "size": "0.00063295", "price": "117800.00000000", "time": "2025-07-15T14:23:10.146617Z", "fetched_at": "2025-07-15T14:23:24.795075+00:00", "symbol": "BTC-USD"}, {"trade_id": 849615014, "side": "buy", "size": "0.00003249", "price": "117799.99000000", "time": "2025-07-15T14:23:10.142835Z", "fetched_at": "2025-07-15T14:23:24.795075+00:00", "symbol": "BTC-USD"}, {"trade_id": 849615013, "side": "sell", "size": "0.00082489", "price": "117800.00000000", "time": "2025-07-15T14:23:09.945562Z", "fetched_at": "2025-07-15T14:23:24.795075+00:00", "symbol": "BTC-USD"}, {"trade_id": 849615012, "side": "sell", "size": "0.01697792", "price": "117800.00000000", "time": "2025-07-15T14:23:09.800237Z", "fetched_at": "2025-07-15T14:23:24.795075+00:00", "symbol": "BTC-USD"}, {"trade_id": 849615011, "side": "sell", "size": "0.00016497", "price": "117800.00000000", "time": "2025-07-15T14:23:08.638740Z", "fetched_at": "2025-07-15T14:23:24.795075+00:00", "symbol": "BTC-USD"}, {"trade_id": 849615010, "side": "sell", "size": "0.00005042", "price": "117800.00000000", "time": "2025-07-15T14:23:08.212414Z", "fetched_at": "2025-07-15T14:23:24.795075+00:00", "symbol": "BTC-USD"}, {"trade_id": 849615009, "side": "sell", "size": "0.00206210", "price": "117800.00000000", "time": "2025-07-15T14:23:07.138851Z", "fetched_at": "2025-07-15T14:23:24.795075+00:00", "symbol": "BTC-USD"}, {"trade_id": 849615008, "side": "sell", "size": "0.00134419", "price": "117800.00000000", "time": "2025-07-15T14:23:06.870579Z", "fetched_at": "2025-07-15T14:23:24.795075+00:00", "symbol": "BTC-USD"}, {"trade_id": 849615007, "side": "sell", "size": "0.03663648", "price": "117800.00000000", "time": "2025-07-15T14:23:06.865127Z", "fetched_at": "2025-07-15T14:23:24.795075+00:00", "symbol": "BTC-USD"}, {"trade_id": 849615006, "side": "sell", "size": "0.01336352", "price": "117799.99000000", "time": "2025-07-15T14:23:06.865127Z", "fetched_at": "2025-07-15T14:23:24.795075+00:00", "symbol": "BTC-USD"}, {"trade_id": 849615005, "side": "sell", "size": "0.00449637", "price": "117799.49000000", "time": "2025-07-15T14:23:06.695318Z", "fetched_at": "2025-07-15T14:23:24.795075+00:00", "symbol": "BTC-USD"}, {"trade_id": 849615004, "side": "sell", "size": "0.00004047", "price": "117799.49000000", "time": "2025-07-15T14:23:06.695318Z", "fetched_at": "2025-07-15T14:23:24.795075+00:00", "symbol": "BTC-USD"}, {"trade_id": 849615003, "side": "buy", "size": "0.00004912", "price": "117798.70000000", "time": "2025-07-15T14:23:06.624278Z", "fetched_at": "2025-07-15T14:23:24.795075+00:00", "symbol": "BTC-USD"}, {"trade_id": 849615002, "side": "buy", "size": "0.00003773", "price": "117799.48000000", "time": "2025-07-15T14:23:06.624278Z", "fetched_at": "2025-07-15T14:23:24.795075+00:00", "symbol": "BTC-USD"}, {"trade_id": 849615001, "side": "buy", "size": "0.00848884", "price": "117801.68000000", "time": "2025-07-15T14:23:06.466792Z", "fetched_at": "2025-07-15T14:23:24.795075+00:00", "symbol": "BTC-USD"}, {"trade_id": 849615000, "side": "buy", "size": "0.00003718", "price": "117805.35000000", "time": "2025-07-15T14:23:06.466792Z", "fetched_at": "2025-07-15T14:23:24.795075+00:00", "symbol": "BTC-USD"}, {"trade_id": 849614999, "side": "buy", "size": "0.01000000", "price": "117800.00000000", "time": "2025-07-15T14:23:06.376830Z", "fetched_at": "2025-07-15T14:23:24.795075+00:00", "symbol": "BTC-USD"}, {"trade_id": 849614998, "side": "buy", "size": "0.00001000", "price": "117801.84000000", "time": "2025-07-15T14:23:06.376830Z", "fetched_at": "2025-07-15T14:23:24.795075+00:00", "symbol": "BTC-USD"}, {"trade_id": 849614997, "side": "buy", "size": "0.00848858", "price": "117805.36000000", "time": "2025-07-15T14:23:06.376830Z", "fetched_at": "2025-07-15T14:23:24.795075+00:00", "symbol": "BTC-USD"}, {"trade_id": 849614996, "side": "buy", "size": "0.00000025", "price": "117807.13000000", "time": "2025-07-15T14:23:06.376830Z", "fetched_at": "2025-07-15T14:23:24.795075+00:00", "symbol": "BTC-USD"}, {"trade_id": 849614995, "side": "buy", "size": "0.00003831", "price": "117807.13000000", "time": "2025-07-15T14:23:06.376830Z", "fetched_at": "2025-07-15T14:23:24.795075+00:00", "symbol": "BTC-USD"}, {"trade_id": 849614994, "side": "buy", "size": "0.00000356", "price": "117807.13000000", "time": "2025-07-15T14:23:06.376830Z", "fetched_at": "2025-07-15T14:23:24.795075+00:00", "symbol": "BTC-USD"}, {"trade_id": 849614993, "side": "buy", "size": "0.00000042", "price": "117807.13000000", "time": "2025-07-15T14:23:06.376830Z", "fetched_at": "2025-07-15T14:23:24.795075+00:00", "symbol": "BTC-USD"}, {"trade_id": 849614992, "side": "buy", "size": "0.00000118", "price": "117807.13000000", "time": "2025-07-15T14:23:06.376830Z", "fetched_at": "2025-07-15T14:23:24.795075+00:00", "symbol": "BTC-USD"}, {"trade_id": 849614991, "side": "buy", "size": "0.03149500", "price": "117807.13000000", "time": "2025-07-15T14:23:06.376830Z", "fetched_at": "2025-07-15T14:23:24.795075+00:00", "symbol": "BTC-USD"}, {"trade_id": 849614990, "side": "buy", "size": "0.00038992", "price": "117807.13000000", "time": "2025-07-15T14:23:06.095334Z", "fetched_at": "2025-07-15T14:23:24.795075+00:00", "symbol": "BTC-USD"}, {"trade_id": 849614989, "side": "sell", "size": "0.00848844", "price": "117807.14000000", "time": "2025-07-15T14:23:05.891592Z", "fetched_at": "2025-07-15T14:23:24.795075+00:00", "symbol": "BTC-USD"}, {"trade_id": 849614988, "side": "sell", "size": "0.01260513", "price": "117807.14000000", "time": "2025-07-15T14:23:05.874558Z", "fetched_at": "2025-07-15T14:23:24.795075+00:00", "symbol": "BTC-USD"}, {"trade_id": 849614987, "side": "sell", "size": "0.00020614", "price": "117807.14000000", "time": "2025-07-15T14:23:05.275880Z", "fetched_at": "2025-07-15T14:23:24.795075+00:00", "symbol": "BTC-USD"}, {"trade_id": 849614986, "side": "sell", "size": "0.07848712", "price": "117807.24000000", "time": "2025-07-15T14:23:05.179529Z", "fetched_at": "2025-07-15T14:23:24.795075+00:00", "symbol": "BTC-USD"}, {"trade_id": 849614985, "side": "sell", "size": "0.02673515", "price": "117807.14000000", "time": "2025-07-15T14:23:05.179529Z", "fetched_at": "2025-07-15T14:23:24.795075+00:00", "symbol": "BTC-USD"}, {"trade_id": 849614984, "side": "sell", "size": "0.06218171", "price": "117807.14000000", "time": "2025-07-15T14:23:05.179529Z", "fetched_at": "2025-07-15T14:23:24.795075+00:00", "symbol": "BTC-USD"}, {"trade_id": 849614983, "side": "sell", "size": "0.00598000", "price": "117807.14000000", "time": "2025-07-15T14:23:05.179529Z", "fetched_at": "2025-07-15T14:23:24.795075+00:00", "symbol": "BTC-USD"}, {"trade_id": 849614982, "side": "sell", "size": "0.03283497", "price": "117807.14000000", "time": "2025-07-15T14:23:05.179529Z", "fetched_at": "2025-07-15T14:23:24.795075+00:00", "symbol": "BTC-USD"}, {"trade_id": 849614981, "side": "sell", "size": "0.01697689", "price": "117807.14000000", "time": "2025-07-15T14:23:04.917503Z", "fetched_at": "2025-07-15T14:23:24.795075+00:00", "symbol": "BTC-USD"}, {"trade_id": 849614980, "side": "buy", "size": "0.00084790", "price": "117807.13000000", "time": "2025-07-15T14:23:04.916482Z", "fetched_at": "2025-07-15T14:23:24.795075+00:00", "symbol": "BTC-USD"}, {"trade_id": 849614979, "side": "buy", "size": "0.00000093", "price": "117807.13000000", "time": "2025-07-15T14:23:04.916482Z", "fetched_at": "2025-07-15T14:23:24.795075+00:00", "symbol": "BTC-USD"}, {"trade_id": 849614978, "side": "sell", "size": "0.08248756", "price": "117807.14000000", "time": "2025-07-15T14:23:04.445424Z", "fetched_at": "2025-07-15T14:23:24.795075+00:00", "symbol": "BTC-USD"}, {"trade_id": 849614977, "side": "sell", "size": "0.00000058", "price": "117807.14000000", "time": "2025-07-15T14:23:04.444774Z", "fetched_at": "2025-07-15T14:23:24.795075+00:00", "symbol": "BTC-USD"}, {"trade_id": 849614976, "side": "sell", "size": "0.00365470", "price": "117807.39000000", "time": "2025-07-15T14:23:03.356254Z", "fetched_at": "2025-07-15T14:23:24.795075+00:00", "symbol": "BTC-USD"}, {"trade_id": 849614975, "side": "buy", "size": "0.00021218", "price": "117807.38000000", "time": "2025-07-15T14:23:03.028398Z", "fetched_at": "2025-07-15T14:23:24.795075+00:00", "symbol": "BTC-USD"}, {"trade_id": 849614974, "side": "buy", "size": "0.00002197", "price": "117809.15000000", "time": "2025-07-15T14:23:03.022545Z", "fetched_at": "2025-07-15T14:23:24.795075+00:00", "symbol": "BTC-USD"}, {"trade_id": 849614973, "side": "buy", "size": "0.07884115", "price": "117809.15000000", "time": "2025-07-15T14:23:03.022545Z", "fetched_at": "2025-07-15T14:23:24.795075+00:00", "symbol": "BTC-USD"}, {"trade_id": 849614972, "side": "buy", "size": "0.00000152", "price": "117809.15000000", "time": "2025-07-15T14:23:03.022545Z", "fetched_at": "2025-07-15T14:23:24.795075+00:00", "symbol": "BTC-USD"}, {"trade_id": 849614971, "side": "buy", "size": "0.00000348", "price": "117809.15000000", "time": "2025-07-15T14:23:03.022545Z", "fetched_at": "2025-07-15T14:23:24.795075+00:00", "symbol": "BTC-USD"}, {"trade_id": 849614970, "side": "buy", "size": "0.00000212", "price": "117809.15000000", "time": "2025-07-15T14:23:03.022545Z", "fetched_at": "2025-07-15T14:23:24.795075+00:00", "symbol": "BTC-USD"}, {"trade_id": 849614969, "side": "buy", "size": "0.04907327", "price": "117809.15000000", "time": "2025-07-15T14:23:03.022545Z", "fetched_at": "2025-07-15T14:23:24.795075+00:00", "symbol": "BTC-USD"}, {"trade_id": 849614968, "side": "buy", "size": "0.00157257", "price": "117809.15000000", "time": "2025-07-15T14:23:02.134709Z", "fetched_at": "2025-07-15T14:23:24.795075+00:00", "symbol": "BTC-USD"}, {"trade_id": 849614967, "side": "buy", "size": "0.04755018", "price": "117809.15000000", "time": "2025-07-15T14:23:00.614747Z", "fetched_at": "2025-07-15T14:23:24.795075+00:00", "symbol": "BTC-USD"}, {"trade_id": 849614966, "side": "buy", "size": "0.01015631", "price": "117809.15000000", "time": "2025-07-15T14:23:00.614747Z", "fetched_at": "2025-07-15T14:23:24.795075+00:00", "symbol": "BTC-USD"}, {"trade_id": 849614965, "side": "buy", "size": "0.00013210", "price": "117809.15000000", "time": "2025-07-15T14:22:59.926297Z", "fetched_at": "2025-07-15T14:23:24.795075+00:00", "symbol": "BTC-USD"}, {"trade_id": 849614964, "side": "sell", "size": "0.00000630", "price": "117809.16000000", "time": "2025-07-15T14:22:58.454488Z", "fetched_at": "2025-07-15T14:23:24.795075+00:00", "symbol": "BTC-USD"}, {"trade_id": 849614963, "side": "sell", "size": "0.00023082", "price": "117809.16000000", "time": "2025-07-15T14:22:58.205681Z", "fetched_at": "2025-07-15T14:23:24.795075+00:00", "symbol": "BTC-USD"}, {"trade_id": 849614962, "side": "buy", "size": "0.06539204", "price": "117809.15000000", "time": "2025-07-15T14:22:58.200442Z", "fetched_at": "2025-07-15T14:23:24.795075+00:00", "symbol": "BTC-USD"}, {"trade_id": 849614961, "side": "sell", "size": "0.00004024", "price": "117809.16000000", "time": "2025-07-15T14:22:57.876635Z", "fetched_at": "2025-07-15T14:23:24.795075+00:00", "symbol": "BTC-USD"}, {"trade_id": 849614960, "side": "buy", "size": "0.00010000", "price": "117809.15000000", "time": "2025-07-15T14:22:57.813047Z", "fetched_at": "2025-07-15T14:23:24.795075+00:00", "symbol": "BTC-USD"}, {"trade_id": 849614959, "side": "sell", "size": "0.00824639", "price": "117809.16000000", "time": "2025-07-15T14:22:57.809779Z", "fetched_at": "2025-07-15T14:23:24.795075+00:00", "symbol": "BTC-USD"}, {"trade_id": 849614958, "side": "sell", "size": "0.00439268", "price": "117809.16000000", "time": "2025-07-15T14:22:57.633368Z", "fetched_at": "2025-07-15T14:23:24.795075+00:00", "symbol": "BTC-USD"}, {"trade_id": 849614957, "side": "sell", "size": "0.00020618", "price": "117809.16000000", "time": "2025-07-15T14:22:57.516989Z", "fetched_at": "2025-07-15T14:23:24.795075+00:00", "symbol": "BTC-USD"}, {"trade_id": 849614956, "side": "sell", "size": "0.00160956", "price": "117809.16000000", "time": "2025-07-15T14:22:57.228438Z", "fetched_at": "2025-07-15T14:23:24.795075+00:00", "symbol": "BTC-USD"}, {"trade_id": 849614955, "side": "buy", "size": "0.00306198", "price": "117809.15000000", "time": "2025-07-15T14:22:57.169547Z", "fetched_at": "2025-07-15T14:23:24.795075+00:00", "symbol": "BTC-USD"}, {"trade_id": 849614954, "side": "buy", "size": "0.00150803", "price": "117809.15000000", "time": "2025-07-15T14:22:57.169547Z", "fetched_at": "2025-07-15T14:23:24.795075+00:00", "symbol": "BTC-USD"}, {"trade_id": 849614953, "side": "buy", "size": "0.00002099", "price": "117809.15000000", "time": "2025-07-15T14:22:57.169547Z", "fetched_at": "2025-07-15T14:23:24.795075+00:00", "symbol": "BTC-USD"}, {"trade_id": 849614952, "side": "buy", "size": "0.00054885", "price": "117809.15000000", "time": "2025-07-15T14:22:57.169547Z", "fetched_at": "2025-07-15T14:23:24.795075+00:00", "symbol": "BTC-USD"}, {"trade_id": 849614951, "side": "buy", "size": "0.00000348", "price": "117809.15000000", "time": "2025-07-15T14:22:57.169547Z", "fetched_at": "2025-07-15T14:23:24.795075+00:00", "symbol": "BTC-USD"}, {"trade_id": 849614950, "side": "sell", "size": "0.00224000", "price": "117809.16000000", "time": "2025-07-15T14:22:56.678264Z", "fetched_at": "2025-07-15T14:23:24.795075+00:00", "symbol": "BTC-USD"}, {"trade_id": 849614949, "side": "sell", "size": "0.00041215", "price": "117809.16000000", "time": "2025-07-15T14:22:56.524324Z", "fetched_at": "2025-07-15T14:23:24.795075+00:00", "symbol": "BTC-USD"}, {"trade_id": 849614948, "side": "sell", "size": "0.00023590", "price": "117809.16000000", "time": "2025-07-15T14:22:56.371140Z", "fetched_at": "2025-07-15T14:23:24.795075+00:00", "symbol": "BTC-USD"}, {"trade_id": 849614947, "side": "sell", "size": "0.02473488", "price": "117809.16000000", "time": "2025-07-15T14:22:55.638617Z", "fetched_at": "2025-07-15T14:23:24.795075+00:00", "symbol": "BTC-USD"}, {"trade_id": 849614946, "side": "buy", "size": "0.00320870", "price": "117807.39000000", "time": "2025-07-15T14:22:54.988332Z", "fetched_at": "2025-07-15T14:23:24.795075+00:00", "symbol": "BTC-USD"}, {"trade_id": 849614945, "side": "buy", "size": "0.00001954", "price": "117809.16000000", "time": "2025-07-15T14:22:54.988332Z", "fetched_at": "2025-07-15T14:23:24.795075+00:00", "symbol": "BTC-USD"}, {"trade_id": 849614944, "side": "buy", "size": "0.00109634", "price": "117809.16000000", "time": "2025-07-15T14:22:54.988332Z", "fetched_at": "2025-07-15T14:23:24.795075+00:00", "symbol": "BTC-USD"}, {"trade_id": 849614943, "side": "buy", "size": "0.00301462", "price": "117809.16000000", "time": "2025-07-15T14:22:54.988332Z", "fetched_at": "2025-07-15T14:23:24.795075+00:00", "symbol": "BTC-USD"}, {"trade_id": 849614942, "side": "sell", "size": "0.00020412", "price": "117809.17000000", "time": "2025-07-15T14:22:54.171922Z", "fetched_at": "2025-07-15T14:23:24.795075+00:00", "symbol": "BTC-USD"}, {"trade_id": 849614941, "side": "sell", "size": "0.00066480", "price": "117809.18000000", "time": "2025-07-15T14:22:54.072575Z", "fetched_at": "2025-07-15T14:23:24.795075+00:00", "symbol": "BTC-USD"}, {"trade_id": 849614940, "side": "sell", "size": "0.00001945", "price": "117803.68000000", "time": "2025-07-15T14:22:54.072575Z", "fetched_at": "2025-07-15T14:23:24.795075+00:00", "symbol": "BTC-USD"}, {"trade_id": 849614939, "side": "sell", "size": "0.00001322", "price": "117803.46000000", "time": "2025-07-15T14:22:54.072575Z", "fetched_at": "2025-07-15T14:23:24.795075+00:00", "symbol": "BTC-USD"}, {"trade_id": 849614938, "side": "sell", "size": "0.00001925", "price": "117803.32000000", "time": "2025-07-15T14:22:54.072575Z", "fetched_at": "2025-07-15T14:23:24.795075+00:00", "symbol": "BTC-USD"}, {"trade_id": 849614937, "side": "sell", "size": "0.00001089", "price": "117803.32000000", "time": "2025-07-15T14:22:54.072575Z", "fetched_at": "2025-07-15T14:23:24.795075+00:00", "symbol": "BTC-USD"}, {"trade_id": 849614936, "side": "sell", "size": "0.00001451", "price": "117802.80000000", "time": "2025-07-15T14:22:54.072575Z", "fetched_at": "2025-07-15T14:23:24.795075+00:00", "symbol": "BTC-USD"}, {"trade_id": 849614935, "side": "sell", "size": "0.00020117", "price": "117805.49000000", "time": "2025-07-15T14:22:53.797109Z", "fetched_at": "2025-07-15T14:23:24.795075+00:00", "symbol": "BTC-USD"}, {"trade_id": 849614934, "side": "sell", "size": "0.00082465", "price": "117805.49000000", "time": "2025-07-15T14:22:53.757972Z", "fetched_at": "2025-07-15T14:23:24.795075+00:00", "symbol": "BTC-USD"}, {"trade_id": 849614933, "side": "sell", "size": "0.00212780", "price": "117810.69000000", "time": "2025-07-15T14:22:53.721181Z", "fetched_at": "2025-07-15T14:23:24.795075+00:00", "symbol": "BTC-USD"}, {"trade_id": 849614932, "side": "sell", "size": "0.00003635", "price": "117809.35000000", "time": "2025-07-15T14:22:53.721181Z", "fetched_at": "2025-07-15T14:23:24.795075+00:00", "symbol": "BTC-USD"}, {"trade_id": 849614931, "side": "sell", "size": "0.00001464", "price": "117807.72000000", "time": "2025-07-15T14:22:53.721181Z", "fetched_at": "2025-07-15T14:23:24.795075+00:00", "symbol": "BTC-USD"}, {"trade_id": 849614930, "side": "sell", "size": "0.00001098", "price": "117807.34000000", "time": "2025-07-15T14:22:53.721181Z", "fetched_at": "2025-07-15T14:23:24.795075+00:00", "symbol": "BTC-USD"}, {"trade_id": 849614929, "side": "sell", "size": "0.00002602", "price": "117807.27000000", "time": "2025-07-15T14:22:53.721181Z", "fetched_at": "2025-07-15T14:23:24.795075+00:00", "symbol": "BTC-USD"}, {"trade_id": 849614928, "side": "sell", "size": "0.00003469", "price": "117806.68000000", "time": "2025-07-15T14:22:53.721181Z", "fetched_at": "2025-07-15T14:23:24.795075+00:00", "symbol": "BTC-USD"}, {"trade_id": 849614927, "side": "sell", "size": "0.00001952", "price": "117806.28000000", "time": "2025-07-15T14:22:53.721181Z", "fetched_at": "2025-07-15T14:23:24.795075+00:00", "symbol": "BTC-USD"}, {"trade_id": 849614926, "side": "sell", "size": "0.00000551", "price": "117815.01000000", "time": "2025-07-15T14:22:53.578401Z", "fetched_at": "2025-07-15T14:23:24.795075+00:00", "symbol": "BTC-USD"}, {"trade_id": 849614925, "side": "sell", "size": "0.00002550", "price": "117812.20000000", "time": "2025-07-15T14:22:53.578401Z", "fetched_at": "2025-07-15T14:23:24.795075+00:00", "symbol": "BTC-USD"}, {"trade_id": 849614924, "side": "sell", "size": "0.00001913", "price": "117811.87000000", "time": "2025-07-15T14:22:53.578401Z", "fetched_at": "2025-07-15T14:23:24.795075+00:00", "symbol": "BTC-USD"}, {"trade_id": 849614923, "side": "sell", "size": "0.00001935", "price": "117811.56000000", "time": "2025-07-15T14:22:53.578401Z", "fetched_at": "2025-07-15T14:23:24.795075+00:00", "symbol": "BTC-USD"}, {"trade_id": 849614922, "side": "sell", "size": "0.00002580", "price": "117811.42000000", "time": "2025-07-15T14:22:53.578401Z", "fetched_at": "2025-07-15T14:23:24.795075+00:00", "symbol": "BTC-USD"}, {"trade_id": 849614921, "side": "sell", "size": "0.00001089", "price": "117810.97000000", "time": "2025-07-15T14:22:53.578401Z", "fetched_at": "2025-07-15T14:23:24.795075+00:00", "symbol": "BTC-USD"}, {"trade_id": 849614920, "side": "sell", "size": "0.00001452", "price": "117810.89000000", "time": "2025-07-15T14:22:53.578401Z", "fetched_at": "2025-07-15T14:23:24.795075+00:00", "symbol": "BTC-USD"}, {"trade_id": 849614919, "side": "buy", "size": "0.00318246", "price": "117805.47000000", "time": "2025-07-15T14:22:53.563970Z", "fetched_at": "2025-07-15T14:23:24.795075+00:00", "symbol": "BTC-USD"}, {"trade_id": 849614918, "side": "buy", "size": "0.00001000", "price": "117810.68000000", "time": "2025-07-15T14:22:53.513284Z", "fetched_at": "2025-07-15T14:23:24.795075+00:00", "symbol": "BTC-USD"}, {"trade_id": 849614917, "side": "buy", "size": "0.00000008", "price": "117811.78000000", "time": "2025-07-15T14:22:53.513284Z", "fetched_at": "2025-07-15T14:23:24.795075+00:00", "symbol": "BTC-USD"}, {"trade_id": 849614916, "side": "buy", "size": "0.00061008", "price": "117815.00000000", "time": "2025-07-15T14:22:53.493375Z", "fetched_at": "2025-07-15T14:23:24.795075+00:00", "symbol": "BTC-USD"}, {"trade_id": 849614915, "side": "buy", "size": "0.00992951", "price": "117814.90000000", "time": "2025-07-15T14:22:53.453708Z", "fetched_at": "2025-07-15T14:23:24.795075+00:00", "symbol": "BTC-USD"}, {"trade_id": 849614914, "side": "buy", "size": "0.01733505", "price": "117814.90000000", "time": "2025-07-15T14:22:53.451034Z", "fetched_at": "2025-07-15T14:23:24.795075+00:00", "symbol": "BTC-USD"}, {"trade_id": 849614913, "side": "buy", "size": "0.02161865", "price": "117814.90000000", "time": "2025-07-15T14:22:53.450018Z", "fetched_at": "2025-07-15T14:23:24.795075+00:00", "symbol": "BTC-USD"}, {"trade_id": 849614912, "side": "buy", "size": "0.04221210", "price": "117814.90000000", "time": "2025-07-15T14:22:53.449421Z", "fetched_at": "2025-07-15T14:23:24.795075+00:00", "symbol": "BTC-USD"}, {"trade_id": 849614911, "side": "buy", "size": "0.00977334", "price": "117814.90000000", "time": "2025-07-15T14:22:53.447826Z", "fetched_at": "2025-07-15T14:23:24.795075+00:00", "symbol": "BTC-USD"}, {"trade_id": 849614910, "side": "buy", "size": "0.02581723", "price": "117814.90000000", "time": "2025-07-15T14:22:53.444667Z", "fetched_at": "2025-07-15T14:23:24.795075+00:00", "symbol": "BTC-USD"}, {"trade_id": 849614909, "side": "buy", "size": "0.00103486", "price": "117817.68000000", "time": "2025-07-15T14:22:53.442240Z", "fetched_at": "2025-07-15T14:23:24.795075+00:00", "symbol": "BTC-USD"}, {"trade_id": 849614908, "side": "buy", "size": "0.01701905", "price": "117817.68000000", "time": "2025-07-15T14:22:53.441684Z", "fetched_at": "2025-07-15T14:23:24.795075+00:00", "symbol": "BTC-USD"}, {"trade_id": 849614907, "side": "buy", "size": "0.00001000", "price": "117819.52000000", "time": "2025-07-15T14:22:53.441684Z", "fetched_at": "2025-07-15T14:23:24.795075+00:00", "symbol": "BTC-USD"}, {"trade_id": 849614906, "side": "buy", "size": "0.00848724", "price": "117823.98000000", "time": "2025-07-15T14:22:53.438746Z", "fetched_at": "2025-07-15T14:23:24.795075+00:00", "symbol": "BTC-USD"}, {"trade_id": 849614905, "side": "buy", "size": "0.00008142", "price": "117824.00000000", "time": "2025-07-15T14:22:53.438746Z", "fetched_at": "2025-07-15T14:23:24.795075+00:00", "symbol": "BTC-USD"}, {"trade_id": 849614904, "side": "buy", "size": "0.00234383", "price": "117825.75000000", "time": "2025-07-15T14:22:53.435962Z", "fetched_at": "2025-07-15T14:23:24.795075+00:00", "symbol": "BTC-USD"}, {"trade_id": 849614903, "side": "buy", "size": "0.00856866", "price": "117825.75000000", "time": "2025-07-15T14:22:53.434870Z", "fetched_at": "2025-07-15T14:23:24.795075+00:00", "symbol": "BTC-USD"}, {"trade_id": 849614902, "side": "buy", "size": "0.13819634", "price": "117825.75000000", "time": "2025-07-15T14:22:53.434853Z", "fetched_at": "2025-07-15T14:23:24.795075+00:00", "symbol": "BTC-USD"}, {"trade_id": 849614901, "side": "buy", "size": "0.00363833", "price": "117825.75000000", "time": "2025-07-15T14:22:53.434853Z", "fetched_at": "2025-07-15T14:23:24.795075+00:00", "symbol": "BTC-USD"}, {"trade_id": 849614900, "side": "buy", "size": "0.12172014", "price": "117825.75000000", "time": "2025-07-15T14:22:53.434853Z", "fetched_at": "2025-07-15T14:23:24.795075+00:00", "symbol": "BTC-USD"}, {"trade_id": 849614899, "side": "buy", "size": "0.00848710", "price": "117825.76000000", "time": "2025-07-15T14:22:53.434853Z", "fetched_at": "2025-07-15T14:23:24.795075+00:00", "symbol": "BTC-USD"}, {"trade_id": 849614898, "side": "buy", "size": "0.00002110", "price": "117827.35000000", "time": "2025-07-15T14:22:53.434853Z", "fetched_at": "2025-07-15T14:23:24.795075+00:00", "symbol": "BTC-USD"}, {"trade_id": 849614897, "side": "buy", "size": "0.00155911", "price": "117825.75000000", "time": "2025-07-15T14:22:52.309915Z", "fetched_at": "2025-07-15T14:23:24.795075+00:00", "symbol": "BTC-USD"}, {"trade_id": 849614896, "side": "buy", "size": "0.00006594", "price": "117825.75000000", "time": "2025-07-15T14:22:51.857333Z", "fetched_at": "2025-07-15T14:23:24.795075+00:00", "symbol": "BTC-USD"}, {"trade_id": 849614895, "side": "buy", "size": "0.00002134", "price": "117825.75000000", "time": "2025-07-15T14:22:51.857333Z", "fetched_at": "2025-07-15T14:23:24.795075+00:00", "symbol": "BTC-USD"}, {"trade_id": 849614894, "side": "sell", "size": "0.00000968", "price": "117825.76000000", "time": "2025-07-15T14:22:51.712397Z", "fetched_at": "2025-07-15T14:23:24.795075+00:00", "symbol": "BTC-USD"}, {"trade_id": 849614893, "side": "buy", "size": "0.00041858", "price": "117824.00000000", "time": "2025-07-15T14:22:50.917709Z", "fetched_at": "2025-07-15T14:23:24.795075+00:00", "symbol": "BTC-USD"}, {"trade_id": 849614892, "side": "buy", "size": "0.00001103", "price": "117827.36000000", "time": "2025-07-15T14:22:50.917709Z", "fetched_at": "2025-07-15T14:23:24.795075+00:00", "symbol": "BTC-USD"}, {"trade_id": 849614891, "side": "buy", "size": "0.00000144", "price": "117828.36000000", "time": "2025-07-15T14:22:50.917709Z", "fetched_at": "2025-07-15T14:23:24.795075+00:00", "symbol": "BTC-USD"}, {"trade_id": 849614890, "side": "buy", "size": "0.00001000", "price": "117828.36000000", "time": "2025-07-15T14:22:50.917709Z", "fetched_at": "2025-07-15T14:23:24.795075+00:00", "symbol": "BTC-USD"}, {"trade_id": 849614889, "side": "buy", "size": "0.00848668", "price": "117831.64000000", "time": "2025-07-15T14:22:50.591944Z", "fetched_at": "2025-07-15T14:23:24.795075+00:00", "symbol": "BTC-USD"}, {"trade_id": 849614888, "side": "buy", "size": "0.00144415", "price": "117833.41000000", "time": "2025-07-15T14:22:50.584564Z", "fetched_at": "2025-07-15T14:23:24.795075+00:00", "symbol": "BTC-USD"}, {"trade_id": 849614887, "side": "buy", "size": "0.00375657", "price": "117833.41000000", "time": "2025-07-15T14:22:50.584564Z", "fetched_at": "2025-07-15T14:23:24.795075+00:00", "symbol": "BTC-USD"}, {"trade_id": 849614886, "side": "buy", "size": "0.00000424", "price": "117833.41000000", "time": "2025-07-15T14:22:50.584564Z", "fetched_at": "2025-07-15T14:23:24.795075+00:00", "symbol": "BTC-USD"}, {"trade_id": 849614885, "side": "buy", "size": "0.08342632", "price": "117833.41000000", "time": "2025-07-15T14:22:50.584564Z", "fetched_at": "2025-07-15T14:23:24.795075+00:00", "symbol": "BTC-USD"}, {"trade_id": 849614884, "side": "buy", "size": "0.21110975", "price": "117833.41000000", "time": "2025-07-15T14:22:50.581315Z", "fetched_at": "2025-07-15T14:23:24.795075+00:00", "symbol": "BTC-USD"}, {"trade_id": 849614883, "side": "buy", "size": "0.23182567", "price": "117833.41000000", "time": "2025-07-15T14:22:50.581315Z", "fetched_at": "2025-07-15T14:23:24.795075+00:00", "symbol": "BTC-USD"}, {"trade_id": 849614882, "side": "buy", "size": "0.00464054", "price": "117833.41000000", "time": "2025-07-15T14:22:50.001804Z", "fetched_at": "2025-07-15T14:23:24.795075+00:00", "symbol": "BTC-USD"}, {"trade_id": 849614881, "side": "buy", "size": "0.00000008", "price": "117833.41000000", "time": "2025-07-15T14:22:50.001804Z", "fetched_at": "2025-07-15T14:23:24.795075+00:00", "symbol": "BTC-USD"}, {"trade_id": 849614880, "side": "sell", "size": "0.00012367", "price": "117833.42000000", "time": "2025-07-15T14:22:49.878466Z", "fetched_at": "2025-07-15T14:23:24.795075+00:00", "symbol": "BTC-USD"}, {"trade_id": 849614879, "side": "sell", "size": "0.00044000", "price": "117833.42000000", "time": "2025-07-15T14:22:49.421092Z", "fetched_at": "2025-07-15T14:23:24.795075+00:00", "symbol": "BTC-USD"}, {"trade_id": 849614878, "side": "sell", "size": "0.05000000", "price": "117833.42000000", "time": "2025-07-15T14:22:49.136657Z", "fetched_at": "2025-07-15T14:23:24.795075+00:00", "symbol": "BTC-USD"}, {"trade_id": 849614877, "side": "sell", "size": "0.00812000", "price": "117833.42000000", "time": "2025-07-15T14:22:49.129571Z", "fetched_at": "2025-07-15T14:23:24.795075+00:00", "symbol": "BTC-USD"}, {"trade_id": 849614876, "side": "sell", "size": "0.00424252", "price": "117833.42000000", "time": "2025-07-15T14:22:48.675846Z", "fetched_at": "2025-07-15T14:23:24.795075+00:00", "symbol": "BTC-USD"}, {"trade_id": 849614875, "side": "sell", "size": "0.00839954", "price": "117833.42000000", "time": "2025-07-15T14:22:47.579941Z", "fetched_at": "2025-07-15T14:23:24.795075+00:00", "symbol": "BTC-USD"}, {"trade_id": 849614874, "side": "sell", "size": "0.00412281", "price": "117833.42000000", "time": "2025-07-15T14:22:47.063828Z", "fetched_at": "2025-07-15T14:23:24.795075+00:00", "symbol": "BTC-USD"}, {"trade_id": 849614873, "side": "sell", "size": "0.00019000", "price": "117833.42000000", "time": "2025-07-15T14:22:47.059741Z", "fetched_at": "2025-07-15T14:23:24.795075+00:00", "symbol": "BTC-USD"}, {"trade_id": 849614872, "side": "sell", "size": "0.00293997", "price": "117833.42000000", "time": "2025-07-15T14:22:45.910169Z", "fetched_at": "2025-07-15T14:23:24.795075+00:00", "symbol": "BTC-USD"}, {"trade_id": 849614871, "side": "sell", "size": "0.00208387", "price": "117833.43000000", "time": "2025-07-15T14:22:45.821898Z", "fetched_at": "2025-07-15T14:23:24.795075+00:00", "symbol": "BTC-USD"}, {"trade_id": 849614870, "side": "sell", "size": "0.00010034", "price": "117832.43000000", "time": "2025-07-15T14:22:45.821898Z", "fetched_at": "2025-07-15T14:23:24.795075+00:00", "symbol": "BTC-USD"}, {"trade_id": 849614869, "side": "sell", "size": "0.00000373", "price": "117832.40000000", "time": "2025-07-15T14:22:45.821898Z", "fetched_at": "2025-07-15T14:23:24.795075+00:00", "symbol": "BTC-USD"}, {"trade_id": 849614868, "side": "sell", "size": "0.00009206", "price": "117832.40000000", "time": "2025-07-15T14:22:45.821898Z", "fetched_at": "2025-07-15T14:23:24.795075+00:00", "symbol": "BTC-USD"}, {"trade_id": 849614867, "side": "buy", "size": "0.09382754", "price": "117838.10000000", "time": "2025-07-15T14:22:45.236532Z", "fetched_at": "2025-07-15T14:23:24.795075+00:00", "symbol": "BTC-USD"}, {"trade_id": 849614866, "side": "buy", "size": "0.26743565", "price": "117838.10000000", "time": "2025-07-15T14:22:45.236532Z", "fetched_at": "2025-07-15T14:23:24.795075+00:00", "symbol": "BTC-USD"}, {"trade_id": 849614865, "side": "buy", "size": "0.00000118", "price": "117838.10000000", "time": "2025-07-15T14:22:45.236532Z", "fetched_at": "2025-07-15T14:23:24.795075+00:00", "symbol": "BTC-USD"}, {"trade_id": 849614864, "side": "sell", "size": "0.00082475", "price": "117838.11000000", "time": "2025-07-15T14:22:44.940726Z", "fetched_at": "2025-07-15T14:23:24.795075+00:00", "symbol": "BTC-USD"}, {"trade_id": 849614863, "side": "buy", "size": "0.00003090", "price": "117828.38000000", "time": "2025-07-15T14:22:44.554411Z", "fetched_at": "2025-07-15T14:23:24.795075+00:00", "symbol": "BTC-USD"}, {"trade_id": 849614862, "side": "buy", "size": "0.00848603", "price": "117840.73000000", "time": "2025-07-15T14:22:44.548405Z", "fetched_at": "2025-07-15T14:23:24.795075+00:00", "symbol": "BTC-USD"}, {"trade_id": 849614861, "side": "buy", "size": "0.00002196", "price": "117842.50000000", "time": "2025-07-15T14:22:44.548405Z", "fetched_at": "2025-07-15T14:23:24.795075+00:00", "symbol": "BTC-USD"}, {"trade_id": 849614860, "side": "buy", "size": "0.00000280", "price": "117842.50000000", "time": "2025-07-15T14:22:44.548405Z", "fetched_at": "2025-07-15T14:23:24.795075+00:00", "symbol": "BTC-USD"}, {"trade_id": 849614859, "side": "buy", "size": "0.04700000", "price": "117842.50000000", "time": "2025-07-15T14:22:44.548405Z", "fetched_at": "2025-07-15T14:23:24.795075+00:00", "symbol": "BTC-USD"}, {"trade_id": 849614858, "side": "buy", "size": "0.00004577", "price": "117842.50000000", "time": "2025-07-15T14:22:44.548405Z", "fetched_at": "2025-07-15T14:23:24.795075+00:00", "symbol": "BTC-USD"}, {"trade_id": 849614857, "side": "buy", "size": "0.00000237", "price": "117842.50000000", "time": "2025-07-15T14:22:44.548405Z", "fetched_at": "2025-07-15T14:23:24.795075+00:00", "symbol": "BTC-USD"}, {"trade_id": 849614856, "side": "buy", "size": "0.07298692", "price": "117842.50000000", "time": "2025-07-15T14:22:44.548405Z", "fetched_at": "2025-07-15T14:23:24.795075+00:00", "symbol": "BTC-USD"}, {"trade_id": 849614855, "side": "buy", "size": "0.02694000", "price": "117842.50000000", "time": "2025-07-15T14:22:44.524458Z", "fetched_at": "2025-07-15T14:23:24.795075+00:00", "symbol": "BTC-USD"}, {"trade_id": 849614854, "side": "buy", "size": "0.00082000", "price": "117842.50000000", "time": "2025-07-15T14:22:44.522983Z", "fetched_at": "2025-07-15T14:23:24.795075+00:00", "symbol": "BTC-USD"}, {"trade_id": 849614853, "side": "buy", "size": "0.00185000", "price": "117842.50000000", "time": "2025-07-15T14:22:44.522853Z", "fetched_at": "2025-07-15T14:23:24.795075+00:00", "symbol": "BTC-USD"}, {"trade_id": 849614852, "side": "buy", "size": "0.01321000", "price": "117842.50000000", "time": "2025-07-15T14:22:44.522727Z", "fetched_at": "2025-07-15T14:23:24.795075+00:00", "symbol": "BTC-USD"}, {"trade_id": 849614851, "side": "buy", "size": "0.00154000", "price": "117842.50000000", "time": "2025-07-15T14:22:44.521776Z", "fetched_at": "2025-07-15T14:23:24.795075+00:00", "symbol": "BTC-USD"}, {"trade_id": 849614850, "side": "buy", "size": "0.05325000", "price": "117842.50000000", "time": "2025-07-15T14:22:44.520436Z", "fetched_at": "2025-07-15T14:23:24.795075+00:00", "symbol": "BTC-USD"}, {"trade_id": 849614849, "side": "buy", "size": "0.00596000", "price": "117842.50000000", "time": "2025-07-15T14:22:44.520391Z", "fetched_at": "2025-07-15T14:23:24.795075+00:00", "symbol": "BTC-USD"}, {"trade_id": 849614848, "side": "buy", "size": "0.00200000", "price": "117842.50000000", "time": "2025-07-15T14:22:44.520311Z", "fetched_at": "2025-07-15T14:23:24.795075+00:00", "symbol": "BTC-USD"}, {"trade_id": 849614847, "side": "buy", "size": "0.05884000", "price": "117842.50000000", "time": "2025-07-15T14:22:44.515063Z", "fetched_at": "2025-07-15T14:23:24.795075+00:00", "symbol": "BTC-USD"}, {"trade_id": 849614846, "side": "buy", "size": "0.08381384", "price": "117842.50000000", "time": "2025-07-15T14:22:44.323150Z", "fetched_at": "2025-07-15T14:23:24.795075+00:00", "symbol": "BTC-USD"}, {"trade_id": 849614845, "side": "buy", "size": "0.27181008", "price": "117842.50000000", "time": "2025-07-15T14:22:44.323150Z", "fetched_at": "2025-07-15T14:23:24.795075+00:00", "symbol": "BTC-USD"}, {"trade_id": 849614844, "side": "buy", "size": "0.00000695", "price": "117842.50000000", "time": "2025-07-15T14:22:44.323150Z", "fetched_at": "2025-07-15T14:23:24.795075+00:00", "symbol": "BTC-USD"}, {"trade_id": 849614843, "side": "buy", "size": "0.00004889", "price": "117842.50000000", "time": "2025-07-15T14:22:44.323150Z", "fetched_at": "2025-07-15T14:23:24.795075+00:00", "symbol": "BTC-USD"}, {"trade_id": 849614842, "side": "buy", "size": "0.00083894", "price": "117837.97000000", "time": "2025-07-15T14:22:43.776179Z", "fetched_at": "2025-07-15T14:23:24.795075+00:00", "symbol": "BTC-USD"}, {"trade_id": 849614841, "side": "buy", "size": "0.00004889", "price": "117842.50000000", "time": "2025-07-15T14:22:43.776179Z", "fetched_at": "2025-07-15T14:23:24.795075+00:00", "symbol": "BTC-USD"}, {"trade_id": 849614840, "side": "buy", "size": "0.00008486", "price": "117842.81000000", "time": "2025-07-15T14:22:43.338407Z", "fetched_at": "2025-07-15T14:23:24.795075+00:00", "symbol": "BTC-USD"}, {"trade_id": 849614839, "side": "sell", "size": "0.00041000", "price": "117840.74000000", "time": "2025-07-15T14:22:43.156622Z", "fetched_at": "2025-07-15T14:23:24.795075+00:00", "symbol": "BTC-USD"}, {"trade_id": 849614838, "side": "sell", "size": "0.00598000", "price": "117849.38000000", "time": "2025-07-15T14:22:43.149285Z", "fetched_at": "2025-07-15T14:23:24.795075+00:00", "symbol": "BTC-USD"}, {"trade_id": 849614837, "side": "sell", "size": "0.02512000", "price": "117849.30000000", "time": "2025-07-15T14:22:43.149285Z", "fetched_at": "2025-07-15T14:23:24.795075+00:00", "symbol": "BTC-USD"}, {"trade_id": 849614836, "side": "sell", "size": "0.00033020", "price": "117848.68000000", "time": "2025-07-15T14:22:43.149285Z", "fetched_at": "2025-07-15T14:23:24.795075+00:00", "symbol": "BTC-USD"}, {"trade_id": 849614835, "side": "sell", "size": "0.00024765", "price": "117842.98000000", "time": "2025-07-15T14:22:43.149285Z", "fetched_at": "2025-07-15T14:23:24.795075+00:00", "symbol": "BTC-USD"}, {"trade_id": 849614834, "side": "sell", "size": "0.12805702", "price": "117841.50000000", "time": "2025-07-15T14:22:43.149285Z", "fetched_at": "2025-07-15T14:23:24.795075+00:00", "symbol": "BTC-USD"}, {"trade_id": 849614833, "side": "sell", "size": "0.00424298", "price": "117841.50000000", "time": "2025-07-15T14:22:43.148572Z", "fetched_at": "2025-07-15T14:23:24.795075+00:00", "symbol": "BTC-USD"}, {"trade_id": 849614832, "side": "buy", "size": "0.11679932", "price": "117841.24000000", "time": "2025-07-15T14:22:43.145181Z", "fetched_at": "2025-07-15T14:23:24.795075+00:00", "symbol": "BTC-USD"}, {"trade_id": 849614831, "side": "buy", "size": "0.00848581", "price": "117843.73000000", "time": "2025-07-15T14:22:43.145181Z", "fetched_at": "2025-07-15T14:23:24.795075+00:00", "symbol": "BTC-USD"}, {"trade_id": 849614830, "side": "buy", "size": "0.22634649", "price": "117831.52000000", "time": "2025-07-15T14:22:43.138803Z", "fetched_at": "2025-07-15T14:23:24.795075+00:00", "symbol": "BTC-USD"}, {"trade_id": 849614829, "side": "buy", "size": "0.11251273", "price": "117831.52000000", "time": "2025-07-15T14:22:43.137822Z", "fetched_at": "2025-07-15T14:23:24.795075+00:00", "symbol": "BTC-USD"}, {"trade_id": 849614828, "side": "buy", "size": "0.05093278", "price": "117831.52000000", "time": "2025-07-15T14:22:43.137822Z", "fetched_at": "2025-07-15T14:23:24.795075+00:00", "symbol": "BTC-USD"}, {"trade_id": 849614827, "side": "buy", "size": "0.05000000", "price": "117832.62000000", "time": "2025-07-15T14:22:43.137822Z", "fetched_at": "2025-07-15T14:23:24.795075+00:00", "symbol": "BTC-USD"}, {"trade_id": 849614826, "side": "buy", "size": "0.00001000", "price": "117837.20000000", "time": "2025-07-15T14:22:43.137822Z", "fetched_at": "2025-07-15T14:23:24.795075+00:00", "symbol": "BTC-USD"}, {"trade_id": 849614825, "side": "buy", "size": "0.13993382", "price": "117837.20000000", "time": "2025-07-15T14:22:43.137822Z", "fetched_at": "2025-07-15T14:23:24.795075+00:00", "symbol": "BTC-USD"}, {"trade_id": 849614824, "side": "buy", "size": "0.10498208", "price": "117837.20000000", "time": "2025-07-15T14:22:43.137822Z", "fetched_at": "2025-07-15T14:23:24.795075+00:00", "symbol": "BTC-USD"}, {"trade_id": 849614823, "side": "buy", "size": "0.12736323", "price": "117840.75000000", "time": "2025-07-15T14:22:43.137822Z", "fetched_at": "2025-07-15T14:23:24.795075+00:00", "symbol": "BTC-USD"}, {"trade_id": 849614822, "side": "buy", "size": "0.02000000", "price": "117841.20000000", "time": "2025-07-15T14:22:43.137822Z", "fetched_at": "2025-07-15T14:23:24.795075+00:00", "symbol": "BTC-USD"}, {"trade_id": 849614821, "side": "buy", "size": "0.08000000", "price": "117841.20000000", "time": "2025-07-15T14:22:43.137822Z", "fetched_at": "2025-07-15T14:23:24.795075+00:00", "symbol": "BTC-USD"}, {"trade_id": 849614820, "side": "buy", "size": "0.04000000", "price": "117841.20000000", "time": "2025-07-15T14:22:43.137822Z", "fetched_at": "2025-07-15T14:23:24.795075+00:00", "symbol": "BTC-USD"}, {"trade_id": 849614819, "side": "buy", "size": "0.01730626", "price": "117841.23000000", "time": "2025-07-15T14:22:43.137822Z", "fetched_at": "2025-07-15T14:23:24.795075+00:00", "symbol": "BTC-USD"}, {"trade_id": 849614818, "side": "buy", "size": "0.01916283", "price": "117841.71000000", "time": "2025-07-15T14:22:43.137822Z", "fetched_at": "2025-07-15T14:23:24.795075+00:00", "symbol": "BTC-USD"}, {"trade_id": 849614817, "side": "buy", "size": "0.04794796", "price": "117843.62000000", "time": "2025-07-15T14:22:43.137822Z", "fetched_at": "2025-07-15T14:23:24.795075+00:00", "symbol": "BTC-USD"}, {"trade_id": 849614816, "side": "buy", "size": "0.09964407", "price": "117843.62000000", "time": "2025-07-15T14:22:43.136442Z", "fetched_at": "2025-07-15T14:23:24.795075+00:00", "symbol": "BTC-USD"}, {"trade_id": 849614815, "side": "buy", "size": "0.00137843", "price": "117843.62000000", "time": "2025-07-15T14:22:43.136442Z", "fetched_at": "2025-07-15T14:23:24.795075+00:00", "symbol": "BTC-USD"}, {"trade_id": 849614814, "side": "buy", "size": "0.00000364", "price": "117843.62000000", "time": "2025-07-15T14:22:43.136442Z", "fetched_at": "2025-07-15T14:23:24.795075+00:00", "symbol": "BTC-USD"}, {"trade_id": 849614813, "side": "buy", "size": "0.00275678", "price": "117843.62000000", "time": "2025-07-15T14:22:43.136442Z", "fetched_at": "2025-07-15T14:23:24.795075+00:00", "symbol": "BTC-USD"}, {"trade_id": 849614812, "side": "buy", "size": "0.00000203", "price": "117843.62000000", "time": "2025-07-15T14:22:43.136442Z", "fetched_at": "2025-07-15T14:23:24.795075+00:00", "symbol": "BTC-USD"}, {"trade_id": 849614811, "side": "buy", "size": "0.00379976", "price": "117843.62000000", "time": "2025-07-15T14:22:43.136442Z", "fetched_at": "2025-07-15T14:23:24.795075+00:00", "symbol": "BTC-USD"}, {"trade_id": 849614810, "side": "buy", "size": "0.03482585", "price": "117843.90000000", "time": "2025-07-15T14:22:43.136442Z", "fetched_at": "2025-07-15T14:23:24.795075+00:00", "symbol": "BTC-USD"}, {"trade_id": 849614809, "side": "buy", "size": "0.00001000", "price": "117846.04000000", "time": "2025-07-15T14:22:43.136442Z", "fetched_at": "2025-07-15T14:23:24.795075+00:00", "symbol": "BTC-USD"}, {"trade_id": 849614808, "side": "buy", "size": "0.04386449", "price": "117852.32000000", "time": "2025-07-15T14:22:43.136442Z", "fetched_at": "2025-07-15T14:23:24.795075+00:00", "symbol": "BTC-USD"}, {"trade_id": 849614807, "side": "buy", "size": "0.00113551", "price": "117852.32000000", "time": "2025-07-15T14:22:43.135513Z", "fetched_at": "2025-07-15T14:23:24.795075+00:00", "symbol": "BTC-USD"}, {"trade_id": 849614806, "side": "buy", "size": "0.04344960", "price": "117853.01000000", "time": "2025-07-15T14:22:43.135513Z", "fetched_at": "2025-07-15T14:23:24.795075+00:00", "symbol": "BTC-USD"}, {"trade_id": 849614805, "side": "buy", "size": "0.00008486", "price": "117854.85000000", "time": "2025-07-15T14:22:43.135513Z", "fetched_at": "2025-07-15T14:23:24.795075+00:00", "symbol": "BTC-USD"}, {"trade_id": 849614804, "side": "buy", "size": "0.09774059", "price": "117854.85000000", "time": "2025-07-15T14:22:43.135513Z", "fetched_at": "2025-07-15T14:23:24.795075+00:00", "symbol": "BTC-USD"}, {"trade_id": 849614803, "side": "buy", "size": "0.02828211", "price": "117854.85000000", "time": "2025-07-15T14:22:43.029872Z", "fetched_at": "2025-07-15T14:23:24.795075+00:00", "symbol": "BTC-USD"}, {"trade_id": 849614802, "side": "buy", "size": "0.00848470", "price": "117859.25000000", "time": "2025-07-15T14:22:43.028854Z", "fetched_at": "2025-07-15T14:23:24.795075+00:00", "symbol": "BTC-USD"}, {"trade_id": 849614801, "side": "buy", "size": "0.00008485", "price": "117861.02000000", "time": "2025-07-15T14:22:43.028759Z", "fetched_at": "2025-07-15T14:23:24.795075+00:00", "symbol": "BTC-USD"}, {"trade_id": 849614800, "side": "buy", "size": "0.04995392", "price": "117861.02000000", "time": "2025-07-15T14:22:43.028759Z", "fetched_at": "2025-07-15T14:23:24.795075+00:00", "symbol": "BTC-USD"}, {"trade_id": 849614799, "side": "buy", "size": "0.00004608", "price": "117861.02000000", "time": "2025-07-15T14:22:42.376133Z", "fetched_at": "2025-07-15T14:23:24.795075+00:00", "symbol": "BTC-USD"}, {"trade_id": 849614798, "side": "buy", "size": "0.00848456", "price": "117861.03000000", "time": "2025-07-15T14:22:42.231184Z", "fetched_at": "2025-07-15T14:23:24.795075+00:00", "symbol": "BTC-USD"}, {"trade_id": 849614797, "side": "buy", "size": "0.00008485", "price": "117862.70000000", "time": "2025-07-15T14:22:42.231184Z", "fetched_at": "2025-07-15T14:23:24.795075+00:00", "symbol": "BTC-USD"}, {"trade_id": 849614796, "side": "sell", "size": "0.00084339", "price": "117861.03000000", "time": "2025-07-15T14:22:42.022159Z", "fetched_at": "2025-07-15T14:23:24.795075+00:00", "symbol": "BTC-USD"}, {"trade_id": 849614795, "side": "sell", "size": "0.00247426", "price": "117861.03000000", "time": "2025-07-15T14:22:42.004359Z", "fetched_at": "2025-07-15T14:23:24.795075+00:00", "symbol": "BTC-USD"}, {"trade_id": 849614794, "side": "buy", "size": "0.00008485", "price": "117864.48000000", "time": "2025-07-15T14:22:41.914335Z", "fetched_at": "2025-07-15T14:23:24.795075+00:00", "symbol": "BTC-USD"}, {"trade_id": 849614793, "side": "sell", "size": "0.00011621", "price": "117864.49000000", "time": "2025-07-15T14:22:41.664317Z", "fetched_at": "2025-07-15T14:23:24.795075+00:00", "symbol": "BTC-USD"}, {"trade_id": 849614792, "side": "sell", "size": "0.00164937", "price": "117864.49000000", "time": "2025-07-15T14:22:41.526835Z", "fetched_at": "2025-07-15T14:23:24.795075+00:00", "symbol": "BTC-USD"}, {"trade_id": 849614791, "side": "sell", "size": "0.00016765", "price": "117864.49000000", "time": "2025-07-15T14:22:41.466125Z", "fetched_at": "2025-07-15T14:23:24.795075+00:00", "symbol": "BTC-USD"}, {"trade_id": 849614790, "side": "buy", "size": "0.00008485", "price": "117864.48000000", "time": "2025-07-15T14:22:41.459965Z", "fetched_at": "2025-07-15T14:23:24.795075+00:00", "symbol": "BTC-USD"}, {"trade_id": 849614789, "side": "sell", "size": "0.00003101", "price": "117863.62000000", "time": "2025-07-15T14:22:40.894294Z", "fetched_at": "2025-07-15T14:23:24.795075+00:00", "symbol": "BTC-USD"}, {"trade_id": 849614788, "side": "sell", "size": "0.00001992", "price": "117863.62000000", "time": "2025-07-15T14:22:40.894294Z", "fetched_at": "2025-07-15T14:23:24.795075+00:00", "symbol": "BTC-USD"}, {"trade_id": 849614787, "side": "sell", "size": "0.00000050", "price": "117863.62000000", "time": "2025-07-15T14:22:40.894294Z", "fetched_at": "2025-07-15T14:23:24.795075+00:00", "symbol": "BTC-USD"}, {"trade_id": 849614786, "side": "sell", "size": "0.00848447", "price": "117862.43000000", "time": "2025-07-15T14:22:40.894294Z", "fetched_at": "2025-07-15T14:23:24.795075+00:00", "symbol": "BTC-USD"}, {"trade_id": 849614785, "side": "sell", "size": "0.00021679", "price": "117860.66000000", "time": "2025-07-15T14:22:40.867348Z", "fetched_at": "2025-07-15T14:23:24.795075+00:00", "symbol": "BTC-USD"}, {"trade_id": 849614784, "side": "sell", "size": "0.50045519", "price": "117860.66000000", "time": "2025-07-15T14:22:40.867348Z", "fetched_at": "2025-07-15T14:23:24.795075+00:00", "symbol": "BTC-USD"}, {"trade_id": 849614783, "side": "sell", "size": "0.00687170", "price": "117860.66000000", "time": "2025-07-15T14:22:40.866822Z", "fetched_at": "2025-07-15T14:23:24.795075+00:00", "symbol": "BTC-USD"}, {"trade_id": 849614782, "side": "sell", "size": "0.01813769", "price": "117860.66000000", "time": "2025-07-15T14:22:40.861785Z", "fetched_at": "2025-07-15T14:23:24.795075+00:00", "symbol": "BTC-USD"}, {"trade_id": 849614781, "side": "sell", "size": "0.01928763", "price": "117860.66000000", "time": "2025-07-15T14:22:40.858402Z", "fetched_at": "2025-07-15T14:23:24.795075+00:00", "symbol": "BTC-USD"}, {"trade_id": 849614780, "side": "sell", "size": "0.02534199", "price": "117860.66000000", "time": "2025-07-15T14:22:40.855649Z", "fetched_at": "2025-07-15T14:23:24.795075+00:00", "symbol": "BTC-USD"}, {"trade_id": 849614779, "side": "sell", "size": "0.01225400", "price": "117860.66000000", "time": "2025-07-15T14:22:40.851925Z", "fetched_at": "2025-07-15T14:23:24.795075+00:00", "symbol": "BTC-USD"}, {"trade_id": 849614778, "side": "sell", "size": "0.19863410", "price": "117860.66000000", "time": "2025-07-15T14:22:40.848698Z", "fetched_at": "2025-07-15T14:23:24.795075+00:00", "symbol": "BTC-USD"}, {"trade_id": 849614777, "side": "sell", "size": "0.03834479", "price": "117860.66000000", "time": "2025-07-15T14:22:40.845508Z", "fetched_at": "2025-07-15T14:23:24.795075+00:00", "symbol": "BTC-USD"}, {"trade_id": 849614776, "side": "sell", "size": "0.05425447", "price": "117860.66000000", "time": "2025-07-15T14:22:40.840568Z", "fetched_at": "2025-07-15T14:23:24.795075+00:00", "symbol": "BTC-USD"}, {"trade_id": 849614775, "side": "sell", "size": "0.10537595", "price": "117860.66000000", "time": "2025-07-15T14:22:40.833173Z", "fetched_at": "2025-07-15T14:23:24.795075+00:00", "symbol": "BTC-USD"}, {"trade_id": 849614774, "side": "buy", "size": "0.00008485", "price": "117860.66000000", "time": "2025-07-15T14:22:40.673594Z", "fetched_at": "2025-07-15T14:23:24.795075+00:00", "symbol": "BTC-USD"}, {"trade_id": 849614773, "side": "buy", "size": "0.00848472", "price": "117858.89000000", "time": "2025-07-15T14:22:40.594512Z", "fetched_at": "2025-07-15T14:23:24.795075+00:00", "symbol": "BTC-USD"}, {"trade_id": 849614772, "side": "buy", "size": "0.00848459", "price": "117860.65000000", "time": "2025-07-15T14:22:40.594512Z", "fetched_at": "2025-07-15T14:23:24.795075+00:00", "symbol": "BTC-USD"}, {"trade_id": 849614771, "side": "buy", "size": "0.00008485", "price": "117860.66000000", "time": "2025-07-15T14:22:40.594512Z", "fetched_at": "2025-07-15T14:23:24.795075+00:00", "symbol": "BTC-USD"}, {"trade_id": 849614770, "side": "sell", "size": "0.00167681", "price": "117860.67000000", "time": "2025-07-15T14:22:40.530623Z", "fetched_at": "2025-07-15T14:23:24.795075+00:00", "symbol": "BTC-USD"}, {"trade_id": 849614769, "side": "buy", "size": "0.00007812", "price": "117852.34000000", "time": "2025-07-15T14:22:39.920807Z", "fetched_at": "2025-07-15T14:23:24.795075+00:00", "symbol": "BTC-USD"}, {"trade_id": 849614768, "side": "buy", "size": "0.00008485", "price": "117860.66000000", "time": "2025-07-15T14:22:39.920807Z", "fetched_at": "2025-07-15T14:23:24.795075+00:00", "symbol": "BTC-USD"}, {"trade_id": 849614767, "side": "buy", "size": "0.00008485", "price": "117860.66000000", "time": "2025-07-15T14:22:39.599548Z", "fetched_at": "2025-07-15T14:23:24.795075+00:00", "symbol": "BTC-USD"}, {"trade_id": 849614766, "side": "buy", "size": "0.00008485", "price": "117860.66000000", "time": "2025-07-15T14:22:39.508031Z", "fetched_at": "2025-07-15T14:23:24.795075+00:00", "symbol": "BTC-USD"}, {"trade_id": 849614765, "side": "buy", "size": "0.00008485", "price": "117860.66000000", "time": "2025-07-15T14:22:38.753448Z", "fetched_at": "2025-07-15T14:23:24.795075+00:00", "symbol": "BTC-USD"}, {"trade_id": 849614764, "side": "buy", "size": "0.00848459", "price": "117860.66000000", "time": "2025-07-15T14:22:38.753448Z", "fetched_at": "2025-07-15T14:23:24.795075+00:00", "symbol": "BTC-USD"}, {"trade_id": 849614763, "side": "buy", "size": "0.00008485", "price": "117860.66000000", "time": "2025-07-15T14:22:38.656116Z", "fetched_at": "2025-07-15T14:23:24.795075+00:00", "symbol": "BTC-USD"}, {"trade_id": 849614762, "side": "buy", "size": "0.00848463", "price": "117860.18000000", "time": "2025-07-15T14:22:38.547905Z", "fetched_at": "2025-07-15T14:23:24.795075+00:00", "symbol": "BTC-USD"}, {"trade_id": 849614761, "side": "buy", "size": "0.04400000", "price": "117861.02000000", "time": "2025-07-15T14:22:38.547905Z", "fetched_at": "2025-07-15T14:23:24.795075+00:00", "symbol": "BTC-USD"}, {"trade_id": 849614760, "side": "buy", "size": "0.00848438", "price": "117863.61000000", "time": "2025-07-15T14:22:38.547905Z", "fetched_at": "2025-07-15T14:23:24.795075+00:00", "symbol": "BTC-USD"}, {"trade_id": 849614759, "side": "buy", "size": "0.00008485", "price": "117863.61000000", "time": "2025-07-15T14:22:38.547905Z", "fetched_at": "2025-07-15T14:23:24.795075+00:00", "symbol": "BTC-USD"}, {"trade_id": 849614758, "side": "sell", "size": "0.01306028", "price": "117863.62000000", "time": "2025-07-15T14:22:38.411854Z", "fetched_at": "2025-07-15T14:23:24.795075+00:00", "symbol": "BTC-USD"}, {"trade_id": 849614757, "side": "sell", "size": "0.00260557", "price": "117863.62000000", "time": "2025-07-15T14:22:38.411854Z", "fetched_at": "2025-07-15T14:23:24.795075+00:00", "symbol": "BTC-USD"}, {"trade_id": 849614756, "side": "sell", "size": "0.00082464", "price": "117863.62000000", "time": "2025-07-15T14:22:38.023791Z", "fetched_at": "2025-07-15T14:23:24.795075+00:00", "symbol": "BTC-USD"}, {"trade_id": 849614755, "side": "sell", "size": "0.00004025", "price": "117863.62000000", "time": "2025-07-15T14:22:37.973420Z", "fetched_at": "2025-07-15T14:23:24.795075+00:00", "symbol": "BTC-USD"}, {"trade_id": 849614754, "side": "sell", "size": "0.00003562", "price": "117863.62000000", "time": "2025-07-15T14:22:37.568346Z", "fetched_at": "2025-07-15T14:23:24.795075+00:00", "symbol": "BTC-USD"}, {"trade_id": 849614753, "side": "sell", "size": "0.00247392", "price": "117863.62000000", "time": "2025-07-15T14:22:37.527792Z", "fetched_at": "2025-07-15T14:23:24.795075+00:00", "symbol": "BTC-USD"}, {"trade_id": 849614752, "side": "buy", "size": "0.00008485", "price": "117864.06000000", "time": "2025-07-15T14:22:37.419330Z", "fetched_at": "2025-07-15T14:23:24.795075+00:00", "symbol": "BTC-USD"}, {"trade_id": 849614751, "side": "buy", "size": "0.00013007", "price": "117865.84000000", "time": "2025-07-15T14:22:36.777208Z", "fetched_at": "2025-07-15T14:23:24.795075+00:00", "symbol": "BTC-USD"}, {"trade_id": 849614750, "side": "buy", "size": "0.00008485", "price": "117865.85000000", "time": "2025-07-15T14:22:36.777208Z", "fetched_at": "2025-07-15T14:23:24.795075+00:00", "symbol": "BTC-USD"}, {"trade_id": 849614749, "side": "sell", "size": "0.00001033", "price": "117866.21000000", "time": "2025-07-15T14:22:36.699938Z", "fetched_at": "2025-07-15T14:23:24.795075+00:00", "symbol": "BTC-USD"}, {"trade_id": 849614748, "side": "sell", "size": "0.00000664", "price": "117866.21000000", "time": "2025-07-15T14:22:36.699938Z", "fetched_at": "2025-07-15T14:23:24.795075+00:00", "symbol": "BTC-USD"}, {"trade_id": 849614747, "side": "sell", "size": "0.00002376", "price": "117863.72000000", "time": "2025-07-15T14:22:36.658851Z", "fetched_at": "2025-07-15T14:23:24.795075+00:00", "symbol": "BTC-USD"}, {"trade_id": 849614746, "side": "sell", "size": "0.00001000", "price": "117863.72000000", "time": "2025-07-15T14:22:36.658851Z", "fetched_at": "2025-07-15T14:23:24.795075+00:00", "symbol": "BTC-USD"}, {"trade_id": 849614745, "side": "sell", "size": "0.40000000", "price": "117863.53000000", "time": "2025-07-15T14:22:36.658851Z", "fetched_at": "2025-07-15T14:23:24.795075+00:00", "symbol": "BTC-USD"}, {"trade_id": 849614744, "side": "sell", "size": "0.00000424", "price": "117863.53000000", "time": "2025-07-15T14:22:36.658851Z", "fetched_at": "2025-07-15T14:23:24.795075+00:00", "symbol": "BTC-USD"}, {"trade_id": 849614743, "side": "sell", "size": "0.25751048", "price": "117863.53000000", "time": "2025-07-15T14:22:36.658851Z", "fetched_at": "2025-07-15T14:23:24.795075+00:00", "symbol": "BTC-USD"}, {"trade_id": 849614742, "side": "sell", "size": "0.01058517", "price": "117863.53000000", "time": "2025-07-15T14:22:36.656253Z", "fetched_at": "2025-07-15T14:23:24.795075+00:00", "symbol": "BTC-USD"}, {"trade_id": 849614741, "side": "sell", "size": "0.06120053", "price": "117863.53000000", "time": "2025-07-15T14:22:36.624692Z", "fetched_at": "2025-07-15T14:23:24.795075+00:00", "symbol": "BTC-USD"}, {"trade_id": 849614740, "side": "sell", "size": "0.04975579", "price": "117863.53000000", "time": "2025-07-15T14:22:36.621050Z", "fetched_at": "2025-07-15T14:23:24.795075+00:00", "symbol": "BTC-USD"}, {"trade_id": 849614739, "side": "sell", "size": "0.09363803", "price": "117863.53000000", "time": "2025-07-15T14:22:36.617396Z", "fetched_at": "2025-07-15T14:23:24.795075+00:00", "symbol": "BTC-USD"}, {"trade_id": 849614738, "side": "buy", "size": "0.00004243", "price": "117863.52000000", "time": "2025-07-15T14:22:36.610100Z", "fetched_at": "2025-07-15T14:23:24.795075+00:00", "symbol": "BTC-USD"}, {"trade_id": 849614737, "side": "sell", "size": "0.00424219", "price": "117863.53000000", "time": "2025-07-15T14:22:36.582780Z", "fetched_at": "2025-07-15T14:23:24.795075+00:00", "symbol": "BTC-USD"}, {"trade_id": 849614736, "side": "sell", "size": "0.00164950", "price": "117863.53000000", "time": "2025-07-15T14:22:35.563124Z", "fetched_at": "2025-07-15T14:23:24.795075+00:00", "symbol": "BTC-USD"}, {"trade_id": 849614735, "side": "buy", "size": "0.00008485", "price": "117863.71000000", "time": "2025-07-15T14:22:35.491446Z", "fetched_at": "2025-07-15T14:23:24.795075+00:00", "symbol": "BTC-USD"}, {"trade_id": 849614734, "side": "buy", "size": "0.00598000", "price": "117863.71000000", "time": "2025-07-15T14:22:35.491446Z", "fetched_at": "2025-07-15T14:23:24.795075+00:00", "symbol": "BTC-USD"}, {"trade_id": 849614733, "side": "sell", "size": "0.00020256", "price": "117861.57000000", "time": "2025-07-15T14:22:35.415630Z", "fetched_at": "2025-07-15T14:23:24.795075+00:00", "symbol": "BTC-USD"}, {"trade_id": 849614732, "side": "sell", "size": "0.25462145", "price": "117861.57000000", "time": "2025-07-15T14:22:35.415630Z", "fetched_at": "2025-07-15T14:23:24.795075+00:00", "symbol": "BTC-USD"}, {"trade_id": 849614731, "side": "sell", "size": "0.48266566", "price": "117860.87000000", "time": "2025-07-15T14:22:35.415630Z", "fetched_at": "2025-07-15T14:23:24.795075+00:00", "symbol": "BTC-USD"}, {"trade_id": 849614730, "side": "sell", "size": "0.00712762", "price": "117860.87000000", "time": "2025-07-15T14:22:35.415599Z", "fetched_at": "2025-07-15T14:23:24.795075+00:00", "symbol": "BTC-USD"}, {"trade_id": 849614729, "side": "buy", "size": "0.00008485", "price": "117861.56000000", "time": "2025-07-15T14:22:35.411176Z", "fetched_at": "2025-07-15T14:23:24.795075+00:00", "symbol": "BTC-USD"}, {"trade_id": 849614728, "side": "buy", "size": "0.00598000", "price": "117861.56000000", "time": "2025-07-15T14:22:35.411176Z", "fetched_at": "2025-07-15T14:23:24.795075+00:00", "symbol": "BTC-USD"}, {"trade_id": 849614727, "side": "sell", "size": "0.00500539", "price": "117860.17000000", "time": "2025-07-15T14:22:35.398540Z", "fetched_at": "2025-07-15T14:23:24.795075+00:00", "symbol": "BTC-USD"}, {"trade_id": 849614726, "side": "sell", "size": "0.10344401", "price": "117860.17000000", "time": "2025-07-15T14:22:35.394078Z", "fetched_at": "2025-07-15T14:23:24.795075+00:00", "symbol": "BTC-USD"}, {"trade_id": 849614725, "side": "sell", "size": "0.00927129", "price": "117860.17000000", "time": "2025-07-15T14:22:35.390318Z", "fetched_at": "2025-07-15T14:23:24.795075+00:00", "symbol": "BTC-USD"}, {"trade_id": 849614724, "side": "sell", "size": "0.00672903", "price": "117860.17000000", "time": "2025-07-15T14:22:35.385304Z", "fetched_at": "2025-07-15T14:23:24.795075+00:00", "symbol": "BTC-USD"}, {"trade_id": 849614723, "side": "sell", "size": "0.00632361", "price": "117860.17000000", "time": "2025-07-15T14:22:35.381626Z", "fetched_at": "2025-07-15T14:23:24.795075+00:00", "symbol": "BTC-USD"}, {"trade_id": 849614722, "side": "buy", "size": "0.00008485", "price": "117861.56000000", "time": "2025-07-15T14:22:35.377533Z", "fetched_at": "2025-07-15T14:23:24.795075+00:00", "symbol": "BTC-USD"}, {"trade_id": 849614721, "side": "sell", "size": "0.00295278", "price": "117860.17000000", "time": "2025-07-15T14:22:35.320433Z", "fetched_at": "2025-07-15T14:23:24.795075+00:00", "symbol": "BTC-USD"}, {"trade_id": 849614720, "side": "sell", "size": "0.00405418", "price": "117860.17000000", "time": "2025-07-15T14:22:35.317243Z", "fetched_at": "2025-07-15T14:23:24.795075+00:00", "symbol": "BTC-USD"}, {"trade_id": 849614719, "side": "sell", "size": "0.00336342", "price": "117860.17000000", "time": "2025-07-15T14:22:35.313073Z", "fetched_at": "2025-07-15T14:23:24.795075+00:00", "symbol": "BTC-USD"}, {"trade_id": 849614718, "side": "sell", "size": "0.00301714", "price": "117860.17000000", "time": "2025-07-15T14:22:35.308181Z", "fetched_at": "2025-07-15T14:23:24.795075+00:00", "symbol": "BTC-USD"}, {"trade_id": 849614717, "side": "sell", "size": "0.01536586", "price": "117860.17000000", "time": "2025-07-15T14:22:35.304394Z", "fetched_at": "2025-07-15T14:23:24.795075+00:00", "symbol": "BTC-USD"}, {"trade_id": 849614716, "side": "sell", "size": "0.00319495", "price": "117860.17000000", "time": "2025-07-15T14:22:35.300886Z", "fetched_at": "2025-07-15T14:23:24.795075+00:00", "symbol": "BTC-USD"}, {"trade_id": 849614715, "side": "sell", "size": "0.03806037", "price": "117860.17000000", "time": "2025-07-15T14:22:35.297017Z", "fetched_at": "2025-07-15T14:23:24.795075+00:00", "symbol": "BTC-USD"}, {"trade_id": 849614714, "side": "buy", "size": "0.13230000", "price": "117860.22000000", "time": "2025-07-15T14:22:35.263438Z", "fetched_at": "2025-07-15T14:23:24.795075+00:00", "symbol": "BTC-USD"}, {"trade_id": 849614713, "side": "buy", "size": "0.13230000", "price": "117861.56000000", "time": "2025-07-15T14:22:35.263438Z", "fetched_at": "2025-07-15T14:23:24.795075+00:00", "symbol": "BTC-USD"}, {"trade_id": 849614712, "side": "buy", "size": "0.02160389", "price": "117861.56000000", "time": "2025-07-15T14:22:35.263438Z", "fetched_at": "2025-07-15T14:23:24.795075+00:00", "symbol": "BTC-USD"}, {"trade_id": 849614711, "side": "buy", "size": "0.00008485", "price": "117861.56000000", "time": "2025-07-15T14:22:35.263438Z", "fetched_at": "2025-07-15T14:23:24.795075+00:00", "symbol": "BTC-USD"}, {"trade_id": 849614710, "side": "buy", "size": "0.00598000", "price": "117861.56000000", "time": "2025-07-15T14:22:35.263438Z", "fetched_at": "2025-07-15T14:23:24.795075+00:00", "symbol": "BTC-USD"}, {"trade_id": 849614709, "side": "sell", "size": "0.01583509", "price": "117861.57000000", "time": "2025-07-15T14:22:35.228969Z", "fetched_at": "2025-07-15T14:23:24.795075+00:00", "symbol": "BTC-USD"}, {"trade_id": 849614708, "side": "sell", "size": "0.00295846", "price": "117861.57000000", "time": "2025-07-15T14:22:35.225822Z", "fetched_at": "2025-07-15T14:23:24.795075+00:00", "symbol": "BTC-USD"}, {"trade_id": 849614707, "side": "sell", "size": "0.12658500", "price": "117861.57000000", "time": "2025-07-15T14:22:35.220379Z", "fetched_at": "2025-07-15T14:23:24.795075+00:00", "symbol": "BTC-USD"}, {"trade_id": 849614706, "side": "sell", "size": "0.00000212", "price": "117860.17000000", "time": "2025-07-15T14:22:35.220379Z", "fetched_at": "2025-07-15T14:23:24.795075+00:00", "symbol": "BTC-USD"}, {"trade_id": 849614705, "side": "sell", "size": "0.00848550", "price": "117848.12000000", "time": "2025-07-15T14:22:35.138130Z", "fetched_at": "2025-07-15T14:23:24.795075+00:00", "symbol": "BTC-USD"}, {"trade_id": 849614704, "side": "sell", "size": "0.46097651", "price": "117846.93000000", "time": "2025-07-15T14:22:35.126217Z", "fetched_at": "2025-07-15T14:23:24.795075+00:00", "symbol": "BTC-USD"}, {"trade_id": 849614703, "side": "sell", "size": "0.00041000", "price": "117846.93000000", "time": "2025-07-15T14:22:35.126056Z", "fetched_at": "2025-07-15T14:23:24.795075+00:00", "symbol": "BTC-USD"}, {"trade_id": 849614702, "side": "sell", "size": "0.00020742", "price": "117846.93000000", "time": "2025-07-15T14:22:35.125846Z", "fetched_at": "2025-07-15T14:23:24.795075+00:00", "symbol": "BTC-USD"}, {"trade_id": 849614701, "side": "sell", "size": "0.00020258", "price": "117846.70000000", "time": "2025-07-15T14:22:35.125846Z", "fetched_at": "2025-07-15T14:23:24.795075+00:00", "symbol": "BTC-USD"}, {"trade_id": 849614700, "side": "sell", "size": "0.00082475", "price": "117846.70000000", "time": "2025-07-15T14:22:35.008427Z", "fetched_at": "2025-07-15T14:23:24.795075+00:00", "symbol": "BTC-USD"}, {"trade_id": 849614699, "side": "sell", "size": "0.13552019", "price": "117846.70000000", "time": "2025-07-15T14:22:34.923347Z", "fetched_at": "2025-07-15T14:23:24.795075+00:00", "symbol": "BTC-USD"}, {"trade_id": 849614698, "side": "sell", "size": "0.00009274", "price": "117846.70000000", "time": "2025-07-15T14:22:34.831521Z", "fetched_at": "2025-07-15T14:23:24.795075+00:00", "symbol": "BTC-USD"}, {"trade_id": 849614697, "side": "sell", "size": "0.00283813", "price": "117846.70000000", "time": "2025-07-15T14:22:34.430730Z", "fetched_at": "2025-07-15T14:23:24.795075+00:00", "symbol": "BTC-USD"}, {"trade_id": 849614696, "side": "sell", "size": "0.00001072", "price": "117846.69000000", "time": "2025-07-15T14:22:34.430730Z", "fetched_at": "2025-07-15T14:23:24.795075+00:00", "symbol": "BTC-USD"}, {"trade_id": 849614695, "side": "sell", "size": "0.00020619", "price": "117846.70000000", "time": "2025-07-15T14:22:34.348907Z", "fetched_at": "2025-07-15T14:23:24.795075+00:00", "symbol": "BTC-USD"}, {"trade_id": 849614694, "side": "buy", "size": "0.00000075", "price": "117846.69000000", "time": "2025-07-15T14:22:34.084063Z", "fetched_at": "2025-07-15T14:23:24.795075+00:00", "symbol": "BTC-USD"}, {"trade_id": 849614693, "side": "sell", "size": "0.01725741", "price": "117846.35000000", "time": "2025-07-15T14:22:33.848070Z", "fetched_at": "2025-07-15T14:23:24.795075+00:00", "symbol": "BTC-USD"}, {"trade_id": 849614692, "side": "sell", "size": "0.01363853", "price": "117846.35000000", "time": "2025-07-15T14:22:33.844289Z", "fetched_at": "2025-07-15T14:23:24.795075+00:00", "symbol": "BTC-USD"}, {"trade_id": 849614691, "side": "sell", "size": "0.01540070", "price": "117846.35000000", "time": "2025-07-15T14:22:33.828773Z", "fetched_at": "2025-07-15T14:23:24.795075+00:00", "symbol": "BTC-USD"}, {"trade_id": 849614690, "side": "sell", "size": "0.02789413", "price": "117846.35000000", "time": "2025-07-15T14:22:33.809593Z", "fetched_at": "2025-07-15T14:23:24.795075+00:00", "symbol": "BTC-USD"}, {"trade_id": 849614689, "side": "sell", "size": "0.02858457", "price": "117846.35000000", "time": "2025-07-15T14:22:33.772095Z", "fetched_at": "2025-07-15T14:23:24.795075+00:00", "symbol": "BTC-USD"}, {"trade_id": 849614688, "side": "sell", "size": "0.03247709", "price": "117846.35000000", "time": "2025-07-15T14:22:33.726575Z", "fetched_at": "2025-07-15T14:23:24.795075+00:00", "symbol": "BTC-USD"}, {"trade_id": 849614687, "side": "sell", "size": "0.01659007", "price": "117846.35000000", "time": "2025-07-15T14:22:33.717922Z", "fetched_at": "2025-07-15T14:23:24.795075+00:00", "symbol": "BTC-USD"}, {"trade_id": 849614686, "side": "sell", "size": "0.13298149", "price": "117846.35000000", "time": "2025-07-15T14:22:33.714056Z", "fetched_at": "2025-07-15T14:23:24.795075+00:00", "symbol": "BTC-USD"}, {"trade_id": 849614685, "side": "sell", "size": "0.09468600", "price": "117846.97000000", "time": "2025-07-15T14:22:33.505236Z", "fetched_at": "2025-07-15T14:23:24.795075+00:00", "symbol": "BTC-USD"}, {"trade_id": 849614684, "side": "buy", "size": "0.00008486", "price": "117850.91000000", "time": "2025-07-15T14:22:33.431630Z", "fetched_at": "2025-07-15T14:23:24.795075+00:00", "symbol": "BTC-USD"}, {"trade_id": 849614683, "side": "sell", "size": "0.00012365", "price": "117850.92000000", "time": "2025-07-15T14:22:33.431619Z", "fetched_at": "2025-07-15T14:23:24.795075+00:00", "symbol": "BTC-USD"}, {"trade_id": 849614682, "side": "sell", "size": "0.00004025", "price": "117849.15000000", "time": "2025-07-15T14:22:33.359870Z", "fetched_at": "2025-07-15T14:23:24.795075+00:00", "symbol": "BTC-USD"}, {"trade_id": 849614681, "side": "sell", "size": "0.00063274", "price": "117849.15000000", "time": "2025-07-15T14:22:33.337064Z", "fetched_at": "2025-07-15T14:23:24.795075+00:00", "symbol": "BTC-USD"}, {"trade_id": 849614680, "side": "buy", "size": "0.00008486", "price": "117853.28000000", "time": "2025-07-15T14:22:33.258735Z", "fetched_at": "2025-07-15T14:23:24.795075+00:00", "symbol": "BTC-USD"}, {"trade_id": 849614679, "side": "sell", "size": "0.00000360", "price": "117853.29000000", "time": "2025-07-15T14:22:33.078842Z", "fetched_at": "2025-07-15T14:23:24.795075+00:00", "symbol": "BTC-USD"}, {"trade_id": 849614678, "side": "sell", "size": "0.00020258", "price": "117851.48000000", "time": "2025-07-15T14:22:33.078842Z", "fetched_at": "2025-07-15T14:23:24.795075+00:00", "symbol": "BTC-USD"}, {"trade_id": 849614677, "side": "sell", "size": "0.35583244", "price": "117848.30000000", "time": "2025-07-15T14:22:33.007309Z", "fetched_at": "2025-07-15T14:23:24.795075+00:00", "symbol": "BTC-USD"}, {"trade_id": 849614676, "side": "sell", "size": "0.03083377", "price": "117848.30000000", "time": "2025-07-15T14:22:33.006935Z", "fetched_at": "2025-07-15T14:23:24.795075+00:00", "symbol": "BTC-USD"}, {"trade_id": 849614675, "side": "sell", "size": "0.01648642", "price": "117848.30000000", "time": "2025-07-15T14:22:33.003750Z", "fetched_at": "2025-07-15T14:23:24.795075+00:00", "symbol": "BTC-USD"}, {"trade_id": 849614674, "side": "sell", "size": "0.00448116", "price": "117848.30000000", "time": "2025-07-15T14:22:32.994530Z", "fetched_at": "2025-07-15T14:23:24.795075+00:00", "symbol": "BTC-USD"}, {"trade_id": 849614673, "side": "sell", "size": "0.02534480", "price": "117848.30000000", "time": "2025-07-15T14:22:32.989943Z", "fetched_at": "2025-07-15T14:23:24.795075+00:00", "symbol": "BTC-USD"}, {"trade_id": 849614672, "side": "sell", "size": "0.06059558", "price": "117848.30000000", "time": "2025-07-15T14:22:32.986112Z", "fetched_at": "2025-07-15T14:23:24.795075+00:00", "symbol": "BTC-USD"}, {"trade_id": 849614671, "side": "sell", "size": "0.10783158", "price": "117848.30000000", "time": "2025-07-15T14:22:32.982412Z", "fetched_at": "2025-07-15T14:23:24.795075+00:00", "symbol": "BTC-USD"}, {"trade_id": 849614670, "side": "buy", "size": "0.00008486", "price": "117851.47000000", "time": "2025-07-15T14:22:32.760217Z", "fetched_at": "2025-07-15T14:23:24.795075+00:00", "symbol": "BTC-USD"}, {"trade_id": 849614669, "side": "buy", "size": "0.00008486", "price": "117851.47000000", "time": "2025-07-15T14:22:32.730861Z", "fetched_at": "2025-07-15T14:23:24.795075+00:00", "symbol": "BTC-USD"}, {"trade_id": 849614668, "side": "buy", "size": "0.00008486", "price": "117851.47000000", "time": "2025-07-15T14:22:32.706952Z", "fetched_at": "2025-07-15T14:23:24.795075+00:00", "symbol": "BTC-USD"}, {"trade_id": 849614667, "side": "buy", "size": "0.00008486", "price": "117851.47000000", "time": "2025-07-15T14:22:32.501002Z", "fetched_at": "2025-07-15T14:23:24.795075+00:00", "symbol": "BTC-USD"}, {"trade_id": 849614666, "side": "buy", "size": "0.00008486", "price": "117851.47000000", "time": "2025-07-15T14:22:32.472577Z", "fetched_at": "2025-07-15T14:23:24.795075+00:00", "symbol": "BTC-USD"}, {"trade_id": 849614665, "side": "buy", "size": "0.00008486", "price": "117851.47000000", "time": "2025-07-15T14:22:32.414954Z", "fetched_at": "2025-07-15T14:23:24.795075+00:00", "symbol": "BTC-USD"}, {"trade_id": 849614664, "side": "sell", "size": "0.00024744", "price": "117851.48000000", "time": "2025-07-15T14:22:32.380191Z", "fetched_at": "2025-07-15T14:23:24.795075+00:00", "symbol": "BTC-USD"}, {"trade_id": 849614663, "side": "sell", "size": "0.00008402", "price": "117851.48000000", "time": "2025-07-15T14:22:32.349902Z", "fetched_at": "2025-07-15T14:23:24.795075+00:00", "symbol": "BTC-USD"}, {"trade_id": 849614662, "side": "buy", "size": "0.00008486", "price": "117851.47000000", "time": "2025-07-15T14:22:32.315108Z", "fetched_at": "2025-07-15T14:23:24.795075+00:00", "symbol": "BTC-USD"}, {"trade_id": 849614661, "side": "buy", "size": "0.00008486", "price": "117851.47000000", "time": "2025-07-15T14:22:32.302965Z", "fetched_at": "2025-07-15T14:23:24.795075+00:00", "symbol": "BTC-USD"}, {"trade_id": 849614660, "side": "buy", "size": "0.00008486", "price": "117851.47000000", "time": "2025-07-15T14:22:32.108678Z", "fetched_at": "2025-07-15T14:23:24.795075+00:00", "symbol": "BTC-USD"}, {"trade_id": 849614659, "side": "buy", "size": "0.00068917", "price": "117851.47000000", "time": "2025-07-15T14:22:32.108678Z", "fetched_at": "2025-07-15T14:23:24.795075+00:00", "symbol": "BTC-USD"}, {"trade_id": 849614658, "side": "sell", "size": "0.06714020", "price": "117851.48000000", "time": "2025-07-15T14:22:32.021540Z", "fetched_at": "2025-07-15T14:23:24.795075+00:00", "symbol": "BTC-USD"}, {"trade_id": 849614657, "side": "buy", "size": "0.00602500", "price": "117851.47000000", "time": "2025-07-15T14:22:32.016657Z", "fetched_at": "2025-07-15T14:23:24.795075+00:00", "symbol": "BTC-USD"}, {"trade_id": 849614656, "side": "buy", "size": "0.00008486", "price": "117851.47000000", "time": "2025-07-15T14:22:32.016657Z", "fetched_at": "2025-07-15T14:23:24.795075+00:00", "symbol": "BTC-USD"}, {"trade_id": 849614655, "side": "sell", "size": "0.03290599", "price": "117851.48000000", "time": "2025-07-15T14:22:31.941918Z", "fetched_at": "2025-07-15T14:23:24.795075+00:00", "symbol": "BTC-USD"}, {"trade_id": 849614654, "side": "sell", "size": "0.08556979", "price": "117851.48000000", "time": "2025-07-15T14:22:31.937848Z", "fetched_at": "2025-07-15T14:23:24.795075+00:00", "symbol": "BTC-USD"}, {"trade_id": 849614653, "side": "buy", "size": "0.00008486", "price": "117851.47000000", "time": "2025-07-15T14:22:31.862231Z", "fetched_at": "2025-07-15T14:23:24.795075+00:00", "symbol": "BTC-USD"}, {"trade_id": 849614652, "side": "sell", "size": "0.00016493", "price": "117851.48000000", "time": "2025-07-15T14:22:31.814887Z", "fetched_at": "2025-07-15T14:23:24.795075+00:00", "symbol": "BTC-USD"}, {"trade_id": 849614651, "side": "sell", "size": "0.00014412", "price": "117851.48000000", "time": "2025-07-15T14:22:31.775414Z", "fetched_at": "2025-07-15T14:23:24.795075+00:00", "symbol": "BTC-USD"}, {"trade_id": 849614650, "side": "sell", "size": "0.09524415", "price": "117855.25000000", "time": "2025-07-15T14:22:31.593662Z", "fetched_at": "2025-07-15T14:23:24.795075+00:00", "symbol": "BTC-USD"}, {"trade_id": 849614649, "side": "buy", "size": "0.00840016", "price": "117854.70000000", "time": "2025-07-15T14:22:31.587029Z", "fetched_at": "2025-07-15T14:23:24.795075+00:00", "symbol": "BTC-USD"}, {"trade_id": 849614648, "side": "buy", "size": "0.00008486", "price": "117854.71000000", "time": "2025-07-15T14:22:31.587029Z", "fetched_at": "2025-07-15T14:23:24.795075+00:00", "symbol": "BTC-USD"}, {"trade_id": 849614647, "side": "sell", "size": "0.00127721", "price": "117855.80000000", "time": "2025-07-15T14:22:31.529569Z", "fetched_at": "2025-07-15T14:23:24.795075+00:00", "symbol": "BTC-USD"}, {"trade_id": 849614646, "side": "buy", "size": "0.00054041", "price": "117843.63000000", "time": "2025-07-15T14:22:31.277101Z", "fetched_at": "2025-07-15T14:23:24.795075+00:00", "symbol": "BTC-USD"}, {"trade_id": 849614645, "side": "buy", "size": "0.00008486", "price": "117845.39000000", "time": "2025-07-15T14:22:31.277101Z", "fetched_at": "2025-07-15T14:23:24.795075+00:00", "symbol": "BTC-USD"}, {"trade_id": 849614644, "side": "sell", "size": "0.00020257", "price": "117843.64000000", "time": "2025-07-15T14:22:31.255363Z", "fetched_at": "2025-07-15T14:23:24.795075+00:00", "symbol": "BTC-USD"}, {"trade_id": 849614643, "side": "sell", "size": "0.36874400", "price": "117843.63000000", "time": "2025-07-15T14:22:31.255363Z", "fetched_at": "2025-07-15T14:23:24.795075+00:00", "symbol": "BTC-USD"}, {"trade_id": 849614642, "side": "sell", "size": "0.93243002", "price": "117843.63000000", "time": "2025-07-15T14:22:31.255363Z", "fetched_at": "2025-07-15T14:23:24.795075+00:00", "symbol": "BTC-USD"}, {"trade_id": 849614641, "side": "sell", "size": "0.26076403", "price": "117843.63000000", "time": "2025-07-15T14:22:31.255363Z", "fetched_at": "2025-07-15T14:23:24.795075+00:00", "symbol": "BTC-USD"}, {"trade_id": 849614640, "side": "sell", "size": "0.01801334", "price": "117843.63000000", "time": "2025-07-15T14:22:31.199668Z", "fetched_at": "2025-07-15T14:23:24.795075+00:00", "symbol": "BTC-USD"}, {"trade_id": 849614639, "side": "sell", "size": "0.10917405", "price": "117843.63000000", "time": "2025-07-15T14:22:31.195472Z", "fetched_at": "2025-07-15T14:23:24.795075+00:00", "symbol": "BTC-USD"}, {"trade_id": 849614638, "side": "buy", "size": "0.00171381", "price": "117843.62000000", "time": "2025-07-15T14:22:30.895694Z", "fetched_at": "2025-07-15T14:23:24.795075+00:00", "symbol": "BTC-USD"}, {"trade_id": 849614637, "side": "sell", "size": "0.00041237", "price": "117843.63000000", "time": "2025-07-15T14:22:30.648284Z", "fetched_at": "2025-07-15T14:23:24.795075+00:00", "symbol": "BTC-USD"}, {"trade_id": 849614636, "side": "sell", "size": "0.00013529", "price": "117843.63000000", "time": "2025-07-15T14:22:30.441750Z", "fetched_at": "2025-07-15T14:23:24.795075+00:00", "symbol": "BTC-USD"}, {"trade_id": 849614635, "side": "sell", "size": "0.00008402", "price": "117843.63000000", "time": "2025-07-15T14:22:30.051748Z", "fetched_at": "2025-07-15T14:23:24.795075+00:00", "symbol": "BTC-USD"}, {"trade_id": 849614634, "side": "sell", "size": "0.00049489", "price": "117843.63000000", "time": "2025-07-15T14:22:29.929283Z", "fetched_at": "2025-07-15T14:23:24.795075+00:00", "symbol": "BTC-USD"}, {"trade_id": 849614633, "side": "sell", "size": "0.00021005", "price": "117843.63000000", "time": "2025-07-15T14:22:29.912107Z", "fetched_at": "2025-07-15T14:23:24.795075+00:00", "symbol": "BTC-USD"}, {"trade_id": 849614632, "side": "sell", "size": "0.00020619", "price": "117843.63000000", "time": "2025-07-15T14:22:29.586290Z", "fetched_at": "2025-07-15T14:23:24.795075+00:00", "symbol": "BTC-USD"}, {"trade_id": 849614631, "side": "sell", "size": "0.00042011", "price": "117843.63000000", "time": "2025-07-15T14:22:29.473003Z", "fetched_at": "2025-07-15T14:23:24.795075+00:00", "symbol": "BTC-USD"}, {"trade_id": 849614630, "side": "sell", "size": "0.00588149", "price": "117843.63000000", "time": "2025-07-15T14:22:29.322834Z", "fetched_at": "2025-07-15T14:23:24.795075+00:00", "symbol": "BTC-USD"}, {"trade_id": 849614629, "side": "sell", "size": "0.00412368", "price": "117843.63000000", "time": "2025-07-15T14:22:28.906074Z", "fetched_at": "2025-07-15T14:23:24.795075+00:00", "symbol": "BTC-USD"}, {"trade_id": 849614628, "side": "sell", "size": "0.00008049", "price": "117843.63000000", "time": "2025-07-15T14:22:28.552003Z", "fetched_at": "2025-07-15T14:23:24.795075+00:00", "symbol": "BTC-USD"}, {"trade_id": 849614627, "side": "sell", "size": "0.62232832", "price": "117837.21000000", "time": "2025-07-15T14:22:28.357420Z", "fetched_at": "2025-07-15T14:23:24.795075+00:00", "symbol": "BTC-USD"}, {"trade_id": 849614626, "side": "sell", "size": "0.03042989", "price": "117837.21000000", "time": "2025-07-15T14:22:28.338225Z", "fetched_at": "2025-07-15T14:23:24.795075+00:00", "symbol": "BTC-USD"}, {"trade_id": 849614625, "side": "sell", "size": "0.01145682", "price": "117837.21000000", "time": "2025-07-15T14:22:28.323545Z", "fetched_at": "2025-07-15T14:23:24.795075+00:00", "symbol": "BTC-USD"}, {"trade_id": 849614624, "side": "sell", "size": "0.04413966", "price": "117837.21000000", "time": "2025-07-15T14:22:28.319281Z", "fetched_at": "2025-07-15T14:23:24.795075+00:00", "symbol": "BTC-USD"}, {"trade_id": 849614623, "side": "sell", "size": "0.00897178", "price": "117837.21000000", "time": "2025-07-15T14:22:28.314925Z", "fetched_at": "2025-07-15T14:23:24.795075+00:00", "symbol": "BTC-USD"}, {"trade_id": 849614622, "side": "sell", "size": "0.16208599", "price": "117837.21000000", "time": "2025-07-15T14:22:28.310021Z", "fetched_at": "2025-07-15T14:23:24.795075+00:00", "symbol": "BTC-USD"}, {"trade_id": 849614621, "side": "buy", "size": "0.00822385", "price": "117837.20000000", "time": "2025-07-15T14:22:28.283418Z", "fetched_at": "2025-07-15T14:23:24.795075+00:00", "symbol": "BTC-USD"}, {"trade_id": 849614620, "side": "buy", "size": "0.00008487", "price": "117837.20000000", "time": "2025-07-15T14:22:28.283418Z", "fetched_at": "2025-07-15T14:23:24.795075+00:00", "symbol": "BTC-USD"}, {"trade_id": 849614619, "side": "buy", "size": "0.00000246", "price": "117837.20000000", "time": "2025-07-15T14:22:28.283418Z", "fetched_at": "2025-07-15T14:23:24.795075+00:00", "symbol": "BTC-USD"}, {"trade_id": 849614618, "side": "buy", "size": "0.00001000", "price": "117837.20000000", "time": "2025-07-15T14:22:28.283418Z", "fetched_at": "2025-07-15T14:23:24.795075+00:00", "symbol": "BTC-USD"}, {"trade_id": 849614617, "side": "sell", "size": "0.00008049", "price": "117837.21000000", "time": "2025-07-15T14:22:28.114760Z", "fetched_at": "2025-07-15T14:23:24.795075+00:00", "symbol": "BTC-USD"}, {"trade_id": 849614616, "side": "sell", "size": "0.00041236", "price": "117837.21000000", "time": "2025-07-15T14:22:28.062260Z", "fetched_at": "2025-07-15T14:23:24.795075+00:00", "symbol": "BTC-USD"}, {"trade_id": 849614615, "side": "sell", "size": "0.00040243", "price": "117837.21000000", "time": "2025-07-15T14:22:28.015897Z", "fetched_at": "2025-07-15T14:23:24.795075+00:00", "symbol": "BTC-USD"}, {"trade_id": 849614614, "side": "sell", "size": "0.00041238", "price": "117837.21000000", "time": "2025-07-15T14:22:27.939259Z", "fetched_at": "2025-07-15T14:23:24.795075+00:00", "symbol": "BTC-USD"}, {"trade_id": 849614613, "side": "sell", "size": "0.00008192", "price": "117837.21000000", "time": "2025-07-15T14:22:27.939031Z", "fetched_at": "2025-07-15T14:23:24.795075+00:00", "symbol": "BTC-USD"}