[{"trade_id": 849612707, "side": "sell", "size": "0.00075558", "price": "117863.73000000", "time": "2025-07-15T14:20:19.624316Z", "fetched_at": "2025-07-15T14:20:22.002106+00:00", "symbol": "BTC-USD"}, {"trade_id": 849612706, "side": "sell", "size": "0.00091476", "price": "117863.73000000", "time": "2025-07-15T14:20:19.359447Z", "fetched_at": "2025-07-15T14:20:22.002106+00:00", "symbol": "BTC-USD"}, {"trade_id": 849612705, "side": "sell", "size": "0.00001679", "price": "117863.73000000", "time": "2025-07-15T14:20:19.296144Z", "fetched_at": "2025-07-15T14:20:22.002106+00:00", "symbol": "BTC-USD"}, {"trade_id": 849612704, "side": "sell", "size": "0.00123613", "price": "117863.73000000", "time": "2025-07-15T14:20:19.279339Z", "fetched_at": "2025-07-15T14:20:22.002106+00:00", "symbol": "BTC-USD"}, {"trade_id": 849612703, "side": "sell", "size": "0.00008185", "price": "117863.73000000", "time": "2025-07-15T14:20:19.128129Z", "fetched_at": "2025-07-15T14:20:22.002106+00:00", "symbol": "BTC-USD"}, {"trade_id": 849612702, "side": "sell", "size": "0.00008043", "price": "117863.73000000", "time": "2025-07-15T14:20:19.013351Z", "fetched_at": "2025-07-15T14:20:22.002106+00:00", "symbol": "BTC-USD"}, {"trade_id": 849612701, "side": "sell", "size": "0.00003988", "price": "117863.73000000", "time": "2025-07-15T14:20:18.898390Z", "fetched_at": "2025-07-15T14:20:22.002106+00:00", "symbol": "BTC-USD"}, {"trade_id": 849612700, "side": "buy", "size": "0.00848381", "price": "117871.62000000", "time": "2025-07-15T14:20:18.676071Z", "fetched_at": "2025-07-15T14:20:22.002106+00:00", "symbol": "BTC-USD"}, {"trade_id": 849612699, "side": "buy", "size": "0.00001000", "price": "117872.56000000", "time": "2025-07-15T14:20:18.671731Z", "fetched_at": "2025-07-15T14:20:22.002106+00:00", "symbol": "BTC-USD"}, {"trade_id": 849612698, "side": "buy", "size": "0.03576736", "price": "117873.39000000", "time": "2025-07-15T14:20:18.671731Z", "fetched_at": "2025-07-15T14:20:22.002106+00:00", "symbol": "BTC-USD"}, {"trade_id": 849612697, "side": "buy", "size": "0.02627022", "price": "117873.39000000", "time": "2025-07-15T14:20:18.671731Z", "fetched_at": "2025-07-15T14:20:22.002106+00:00", "symbol": "BTC-USD"}, {"trade_id": 849612696, "side": "buy", "size": "0.00239680", "price": "117873.39000000", "time": "2025-07-15T14:20:18.671731Z", "fetched_at": "2025-07-15T14:20:22.002106+00:00", "symbol": "BTC-USD"}, {"trade_id": 849612695, "side": "sell", "size": "0.00082402", "price": "117873.40000000", "time": "2025-07-15T14:20:18.406789Z", "fetched_at": "2025-07-15T14:20:22.002106+00:00", "symbol": "BTC-USD"}, {"trade_id": 849612694, "side": "sell", "size": "0.00020602", "price": "117873.41000000", "time": "2025-07-15T14:20:18.355194Z", "fetched_at": "2025-07-15T14:20:22.002106+00:00", "symbol": "BTC-USD"}, {"trade_id": 849612693, "side": "sell", "size": "0.00098881", "price": "117872.57000000", "time": "2025-07-15T14:20:18.347184Z", "fetched_at": "2025-07-15T14:20:22.002106+00:00", "symbol": "BTC-USD"}, {"trade_id": 849612692, "side": "buy", "size": "0.00001000", "price": "117881.40000000", "time": "2025-07-15T14:20:18.064886Z", "fetched_at": "2025-07-15T14:20:22.002106+00:00", "symbol": "BTC-USD"}, {"trade_id": 849612691, "side": "buy", "size": "0.00848286", "price": "117884.76000000", "time": "2025-07-15T14:20:18.024969Z", "fetched_at": "2025-07-15T14:20:22.002106+00:00", "symbol": "BTC-USD"}, {"trade_id": 849612690, "side": "buy", "size": "0.00084307", "price": "117886.40000000", "time": "2025-07-15T14:20:18.024969Z", "fetched_at": "2025-07-15T14:20:22.002106+00:00", "symbol": "BTC-USD"}, {"trade_id": 849612689, "side": "buy", "size": "0.00000475", "price": "117886.53000000", "time": "2025-07-15T14:20:18.024969Z", "fetched_at": "2025-07-15T14:20:22.002106+00:00", "symbol": "BTC-USD"}, {"trade_id": 849612688, "side": "sell", "size": "0.00016791", "price": "117886.54000000", "time": "2025-07-15T14:20:17.853413Z", "fetched_at": "2025-07-15T14:20:22.002106+00:00", "symbol": "BTC-USD"}, {"trade_id": 849612687, "side": "sell", "size": "0.00008185", "price": "117886.54000000", "time": "2025-07-15T14:20:17.780982Z", "fetched_at": "2025-07-15T14:20:22.002106+00:00", "symbol": "BTC-USD"}, {"trade_id": 849612686, "side": "sell", "size": "0.00061807", "price": "117886.54000000", "time": "2025-07-15T14:20:17.713936Z", "fetched_at": "2025-07-15T14:20:22.002106+00:00", "symbol": "BTC-USD"}, {"trade_id": 849612685, "side": "buy", "size": "0.00006360", "price": "117889.39000000", "time": "2025-07-15T14:20:17.549346Z", "fetched_at": "2025-07-15T14:20:22.002106+00:00", "symbol": "BTC-USD"}, {"trade_id": 849612684, "side": "sell", "size": "0.00020601", "price": "117890.25000000", "time": "2025-07-15T14:20:17.543532Z", "fetched_at": "2025-07-15T14:20:22.002106+00:00", "symbol": "BTC-USD"}, {"trade_id": 849612683, "side": "buy", "size": "0.00841893", "price": "117889.39000000", "time": "2025-07-15T14:20:17.543318Z", "fetched_at": "2025-07-15T14:20:22.002106+00:00", "symbol": "BTC-USD"}, {"trade_id": 849612682, "side": "buy", "size": "0.00021121", "price": "117890.00000000", "time": "2025-07-15T14:20:17.541637Z", "fetched_at": "2025-07-15T14:20:22.002106+00:00", "symbol": "BTC-USD"}, {"trade_id": 849612681, "side": "buy", "size": "0.00001000", "price": "117890.24000000", "time": "2025-07-15T14:20:17.541637Z", "fetched_at": "2025-07-15T14:20:22.002106+00:00", "symbol": "BTC-USD"}, {"trade_id": 849612680, "side": "buy", "size": "0.00000033", "price": "117891.14000000", "time": "2025-07-15T14:20:17.538130Z", "fetched_at": "2025-07-15T14:20:22.002106+00:00", "symbol": "BTC-USD"}, {"trade_id": 849612679, "side": "buy", "size": "0.07878115", "price": "117891.14000000", "time": "2025-07-15T14:20:17.538130Z", "fetched_at": "2025-07-15T14:20:22.002106+00:00", "symbol": "BTC-USD"}, {"trade_id": 849612678, "side": "buy", "size": "0.00312847", "price": "117891.14000000", "time": "2025-07-15T14:20:17.538130Z", "fetched_at": "2025-07-15T14:20:22.002106+00:00", "symbol": "BTC-USD"}, {"trade_id": 849612677, "side": "buy", "size": "0.02373437", "price": "117891.14000000", "time": "2025-07-15T14:20:17.538130Z", "fetched_at": "2025-07-15T14:20:22.002106+00:00", "symbol": "BTC-USD"}, {"trade_id": 849612676, "side": "buy", "size": "0.09647080", "price": "117891.15000000", "time": "2025-07-15T14:20:17.538130Z", "fetched_at": "2025-07-15T14:20:22.002106+00:00", "symbol": "BTC-USD"}, {"trade_id": 849612675, "side": "sell", "size": "0.00025186", "price": "117891.16000000", "time": "2025-07-15T14:20:17.410360Z", "fetched_at": "2025-07-15T14:20:22.002106+00:00", "symbol": "BTC-USD"}, {"trade_id": 849612674, "side": "sell", "size": "0.00082409", "price": "117891.16000000", "time": "2025-07-15T14:20:17.338362Z", "fetched_at": "2025-07-15T14:20:22.002106+00:00", "symbol": "BTC-USD"}, {"trade_id": 849612673, "side": "buy", "size": "0.00001848", "price": "117891.15000000", "time": "2025-07-15T14:20:17.264373Z", "fetched_at": "2025-07-15T14:20:22.002106+00:00", "symbol": "BTC-USD"}, {"trade_id": 849612672, "side": "sell", "size": "0.00024724", "price": "117891.16000000", "time": "2025-07-15T14:20:17.021975Z", "fetched_at": "2025-07-15T14:20:22.002106+00:00", "symbol": "BTC-USD"}, {"trade_id": 849612671, "side": "buy", "size": "0.00248484", "price": "117891.15000000", "time": "2025-07-15T14:20:16.850753Z", "fetched_at": "2025-07-15T14:20:22.002106+00:00", "symbol": "BTC-USD"}, {"trade_id": 849612670, "side": "buy", "size": "0.00008483", "price": "117891.16000000", "time": "2025-07-15T14:20:16.850753Z", "fetched_at": "2025-07-15T14:20:22.002106+00:00", "symbol": "BTC-USD"}, {"trade_id": 849612669, "side": "sell", "size": "0.00461000", "price": "117894.84000000", "time": "2025-07-15T14:20:16.312514Z", "fetched_at": "2025-07-15T14:20:22.002106+00:00", "symbol": "BTC-USD"}, {"trade_id": 849612668, "side": "sell", "size": "0.00007997", "price": "117898.54000000", "time": "2025-07-15T14:20:15.397687Z", "fetched_at": "2025-07-15T14:20:22.002106+00:00", "symbol": "BTC-USD"}, {"trade_id": 849612667, "side": "sell", "size": "0.00008483", "price": "117898.53000000", "time": "2025-07-15T14:20:15.397687Z", "fetched_at": "2025-07-15T14:20:22.002106+00:00", "symbol": "BTC-USD"}, {"trade_id": 849612666, "side": "buy", "size": "0.00021195", "price": "117891.15000000", "time": "2025-07-15T14:20:15.296265Z", "fetched_at": "2025-07-15T14:20:22.002106+00:00", "symbol": "BTC-USD"}, {"trade_id": 849612665, "side": "buy", "size": "0.00008483", "price": "117891.16000000", "time": "2025-07-15T14:20:15.296265Z", "fetched_at": "2025-07-15T14:20:22.002106+00:00", "symbol": "BTC-USD"}, {"trade_id": 849612664, "side": "sell", "size": "0.08237928", "price": "117891.16000000", "time": "2025-07-15T14:20:14.519606Z", "fetched_at": "2025-07-15T14:20:22.002106+00:00", "symbol": "BTC-USD"}, {"trade_id": 849612663, "side": "sell", "size": "0.00013444", "price": "117891.16000000", "time": "2025-07-15T14:20:14.242557Z", "fetched_at": "2025-07-15T14:20:22.002106+00:00", "symbol": "BTC-USD"}, {"trade_id": 849612662, "side": "sell", "size": "0.00008043", "price": "117891.16000000", "time": "2025-07-15T14:20:14.213971Z", "fetched_at": "2025-07-15T14:20:22.002106+00:00", "symbol": "BTC-USD"}, {"trade_id": 849612661, "side": "sell", "size": "0.00082409", "price": "117891.16000000", "time": "2025-07-15T14:20:13.903436Z", "fetched_at": "2025-07-15T14:20:22.002106+00:00", "symbol": "BTC-USD"}, {"trade_id": 849612660, "side": "sell", "size": "0.00004122", "price": "117891.16000000", "time": "2025-07-15T14:20:13.622888Z", "fetched_at": "2025-07-15T14:20:22.002106+00:00", "symbol": "BTC-USD"}, {"trade_id": 849612659, "side": "sell", "size": "0.00082409", "price": "117891.16000000", "time": "2025-07-15T14:20:13.457281Z", "fetched_at": "2025-07-15T14:20:22.002106+00:00", "symbol": "BTC-USD"}, {"trade_id": 849612658, "side": "sell", "size": "0.00206006", "price": "117891.16000000", "time": "2025-07-15T14:20:13.430748Z", "fetched_at": "2025-07-15T14:20:22.002106+00:00", "symbol": "BTC-USD"}, {"trade_id": 849612657, "side": "sell", "size": "0.00121000", "price": "117891.16000000", "time": "2025-07-15T14:20:13.362065Z", "fetched_at": "2025-07-15T14:20:22.002106+00:00", "symbol": "BTC-USD"}, {"trade_id": 849612656, "side": "sell", "size": "0.00000850", "price": "117891.16000000", "time": "2025-07-15T14:20:13.278917Z", "fetched_at": "2025-07-15T14:20:22.002106+00:00", "symbol": "BTC-USD"}, {"trade_id": 849612655, "side": "sell", "size": "0.00125930", "price": "117891.16000000", "time": "2025-07-15T14:20:13.271427Z", "fetched_at": "2025-07-15T14:20:22.002106+00:00", "symbol": "BTC-USD"}, {"trade_id": 849612654, "side": "sell", "size": "0.00247226", "price": "117891.16000000", "time": "2025-07-15T14:20:13.157300Z", "fetched_at": "2025-07-15T14:20:22.002106+00:00", "symbol": "BTC-USD"}, {"trade_id": 849612653, "side": "sell", "size": "0.00164819", "price": "117891.16000000", "time": "2025-07-15T14:20:13.082304Z", "fetched_at": "2025-07-15T14:20:22.002106+00:00", "symbol": "BTC-USD"}, {"trade_id": 849612652, "side": "sell", "size": "0.00000040", "price": "117891.16000000", "time": "2025-07-15T14:20:13.066142Z", "fetched_at": "2025-07-15T14:20:22.002106+00:00", "symbol": "BTC-USD"}, {"trade_id": 849612651, "side": "sell", "size": "0.00020602", "price": "117891.16000000", "time": "2025-07-15T14:20:12.983883Z", "fetched_at": "2025-07-15T14:20:22.002106+00:00", "symbol": "BTC-USD"}, {"trade_id": 849612650, "side": "sell", "size": "0.00206049", "price": "117891.16000000", "time": "2025-07-15T14:20:12.970349Z", "fetched_at": "2025-07-15T14:20:22.002106+00:00", "symbol": "BTC-USD"}, {"trade_id": 849612649, "side": "sell", "size": "0.00053000", "price": "117891.16000000", "time": "2025-07-15T14:20:10.876134Z", "fetched_at": "2025-07-15T14:20:22.002106+00:00", "symbol": "BTC-USD"}, {"trade_id": 849612648, "side": "buy", "size": "0.00001000", "price": "117899.08000000", "time": "2025-07-15T14:20:10.799708Z", "fetched_at": "2025-07-15T14:20:22.002106+00:00", "symbol": "BTC-USD"}, {"trade_id": 849612647, "side": "buy", "size": "0.00000288", "price": "117901.16000000", "time": "2025-07-15T14:20:10.766584Z", "fetched_at": "2025-07-15T14:20:22.002106+00:00", "symbol": "BTC-USD"}, {"trade_id": 849612646, "side": "buy", "size": "0.00848159", "price": "117902.44000000", "time": "2025-07-15T14:20:10.766584Z", "fetched_at": "2025-07-15T14:20:22.002106+00:00", "symbol": "BTC-USD"}, {"trade_id": 849612645, "side": "buy", "size": "0.02078751", "price": "117904.20000000", "time": "2025-07-15T14:20:10.764745Z", "fetched_at": "2025-07-15T14:20:22.002106+00:00", "symbol": "BTC-USD"}, {"trade_id": 849612644, "side": "buy", "size": "0.10517216", "price": "117904.20000000", "time": "2025-07-15T14:20:10.760996Z", "fetched_at": "2025-07-15T14:20:22.002106+00:00", "symbol": "BTC-USD"}, {"trade_id": 849612643, "side": "buy", "size": "0.00025502", "price": "117909.27000000", "time": "2025-07-15T14:20:10.760996Z", "fetched_at": "2025-07-15T14:20:22.002106+00:00", "symbol": "BTC-USD"}, {"trade_id": 849612642, "side": "buy", "size": "0.02901408", "price": "117909.27000000", "time": "2025-07-15T14:20:10.760996Z", "fetched_at": "2025-07-15T14:20:22.002106+00:00", "symbol": "BTC-USD"}, {"trade_id": 849612641, "side": "buy", "size": "0.01037722", "price": "117909.27000000", "time": "2025-07-15T14:20:10.757553Z", "fetched_at": "2025-07-15T14:20:22.002106+00:00", "symbol": "BTC-USD"}, {"trade_id": 849612640, "side": "buy", "size": "0.00000347", "price": "117909.27000000", "time": "2025-07-15T14:20:10.757553Z", "fetched_at": "2025-07-15T14:20:22.002106+00:00", "symbol": "BTC-USD"}, {"trade_id": 849612639, "side": "buy", "size": "0.00000016", "price": "117909.27000000", "time": "2025-07-15T14:20:10.757553Z", "fetched_at": "2025-07-15T14:20:22.002106+00:00", "symbol": "BTC-USD"}, {"trade_id": 849612638, "side": "sell", "size": "0.00000084", "price": "117909.28000000", "time": "2025-07-15T14:20:10.463115Z", "fetched_at": "2025-07-15T14:20:22.002106+00:00", "symbol": "BTC-USD"}, {"trade_id": 849612637, "side": "buy", "size": "0.00848043", "price": "117918.49000000", "time": "2025-07-15T14:20:10.336684Z", "fetched_at": "2025-07-15T14:20:22.002106+00:00", "symbol": "BTC-USD"}, {"trade_id": 849612636, "side": "buy", "size": "0.00001399", "price": "117920.25000000", "time": "2025-07-15T14:20:10.329293Z", "fetched_at": "2025-07-15T14:20:22.002106+00:00", "symbol": "BTC-USD"}, {"trade_id": 849612635, "side": "buy", "size": "0.05843768", "price": "117920.25000000", "time": "2025-07-15T14:20:10.329293Z", "fetched_at": "2025-07-15T14:20:22.002106+00:00", "symbol": "BTC-USD"}, {"trade_id": 849612634, "side": "buy", "size": "0.11196120", "price": "117920.25000000", "time": "2025-07-15T14:20:10.326347Z", "fetched_at": "2025-07-15T14:20:22.002106+00:00", "symbol": "BTC-USD"}, {"trade_id": 849612633, "side": "buy", "size": "0.15060010", "price": "117920.25000000", "time": "2025-07-15T14:20:10.325414Z", "fetched_at": "2025-07-15T14:20:22.002106+00:00", "symbol": "BTC-USD"}, {"trade_id": 849612632, "side": "buy", "size": "0.00000703", "price": "117920.25000000", "time": "2025-07-15T14:20:10.325414Z", "fetched_at": "2025-07-15T14:20:22.002106+00:00", "symbol": "BTC-USD"}, {"trade_id": 849612631, "side": "buy", "size": "0.00050296", "price": "117920.25000000", "time": "2025-07-15T14:20:10.325414Z", "fetched_at": "2025-07-15T14:20:22.002106+00:00", "symbol": "BTC-USD"}, {"trade_id": 849612630, "side": "buy", "size": "0.22046279", "price": "117904.01000000", "time": "2025-07-15T14:20:09.737394Z", "fetched_at": "2025-07-15T14:20:22.002106+00:00", "symbol": "BTC-USD"}, {"trade_id": 849612629, "side": "buy", "size": "0.12438443", "price": "117904.20000000", "time": "2025-07-15T14:20:09.737394Z", "fetched_at": "2025-07-15T14:20:22.002106+00:00", "symbol": "BTC-USD"}, {"trade_id": 849612628, "side": "buy", "size": "0.00000568", "price": "117905.34000000", "time": "2025-07-15T14:20:09.737394Z", "fetched_at": "2025-07-15T14:20:22.002106+00:00", "symbol": "BTC-USD"}, {"trade_id": 849612627, "side": "buy", "size": "0.09694005", "price": "117905.34000000", "time": "2025-07-15T14:20:09.737394Z", "fetched_at": "2025-07-15T14:20:22.002106+00:00", "symbol": "BTC-USD"}, {"trade_id": 849612626, "side": "buy", "size": "0.16017145", "price": "117905.34000000", "time": "2025-07-15T14:20:09.737394Z", "fetched_at": "2025-07-15T14:20:22.002106+00:00", "symbol": "BTC-USD"}, {"trade_id": 849612625, "side": "buy", "size": "0.00000271", "price": "117905.34000000", "time": "2025-07-15T14:20:09.737394Z", "fetched_at": "2025-07-15T14:20:22.002106+00:00", "symbol": "BTC-USD"}, {"trade_id": 849612624, "side": "buy", "size": "0.00083139", "price": "117905.35000000", "time": "2025-07-15T14:20:09.737394Z", "fetched_at": "2025-07-15T14:20:22.002106+00:00", "symbol": "BTC-USD"}, {"trade_id": 849612623, "side": "buy", "size": "0.00829541", "price": "117906.13000000", "time": "2025-07-15T14:20:09.737394Z", "fetched_at": "2025-07-15T14:20:22.002106+00:00", "symbol": "BTC-USD"}, {"trade_id": 849612622, "side": "buy", "size": "0.00001000", "price": "117907.92000000", "time": "2025-07-15T14:20:09.737394Z", "fetched_at": "2025-07-15T14:20:22.002106+00:00", "symbol": "BTC-USD"}, {"trade_id": 849612621, "side": "buy", "size": "0.13230000", "price": "117910.21000000", "time": "2025-07-15T14:20:09.737394Z", "fetched_at": "2025-07-15T14:20:22.002106+00:00", "symbol": "BTC-USD"}, {"trade_id": 849612620, "side": "buy", "size": "0.00006744", "price": "117910.22000000", "time": "2025-07-15T14:20:09.737394Z", "fetched_at": "2025-07-15T14:20:22.002106+00:00", "symbol": "BTC-USD"}, {"trade_id": 849612619, "side": "buy", "size": "0.00848046", "price": "117918.10000000", "time": "2025-07-15T14:20:09.737394Z", "fetched_at": "2025-07-15T14:20:22.002106+00:00", "symbol": "BTC-USD"}, {"trade_id": 849612618, "side": "buy", "size": "0.00848031", "price": "117920.25000000", "time": "2025-07-15T14:20:09.737394Z", "fetched_at": "2025-07-15T14:20:22.002106+00:00", "symbol": "BTC-USD"}, {"trade_id": 849612617, "side": "buy", "size": "0.10244007", "price": "117922.01000000", "time": "2025-07-15T14:20:09.737394Z", "fetched_at": "2025-07-15T14:20:22.002106+00:00", "symbol": "BTC-USD"}, {"trade_id": 849612616, "side": "sell", "size": "0.01166643", "price": "117931.86000000", "time": "2025-07-15T14:20:09.629001Z", "fetched_at": "2025-07-15T14:20:22.002106+00:00", "symbol": "BTC-USD"}, {"trade_id": 849612615, "side": "sell", "size": "0.05676767", "price": "117931.85000000", "time": "2025-07-15T14:20:09.629001Z", "fetched_at": "2025-07-15T14:20:22.002106+00:00", "symbol": "BTC-USD"}, {"trade_id": 849612614, "side": "sell", "size": "0.00039373", "price": "117931.45000000", "time": "2025-07-15T14:20:09.629001Z", "fetched_at": "2025-07-15T14:20:22.002106+00:00", "symbol": "BTC-USD"}, {"trade_id": 849612613, "side": "sell", "size": "0.00001992", "price": "117931.45000000", "time": "2025-07-15T14:20:09.629001Z", "fetched_at": "2025-07-15T14:20:22.002106+00:00", "symbol": "BTC-USD"}, {"trade_id": 849612612, "side": "sell", "size": "0.00000635", "price": "117931.45000000", "time": "2025-07-15T14:20:09.629001Z", "fetched_at": "2025-07-15T14:20:22.002106+00:00", "symbol": "BTC-USD"}, {"trade_id": 849612611, "side": "sell", "size": "0.00004134", "price": "117931.38000000", "time": "2025-07-15T14:20:09.629001Z", "fetched_at": "2025-07-15T14:20:22.002106+00:00", "symbol": "BTC-USD"}, {"trade_id": 849612610, "side": "sell", "size": "0.00424006", "price": "117927.80000000", "time": "2025-07-15T14:20:09.629001Z", "fetched_at": "2025-07-15T14:20:22.002106+00:00", "symbol": "BTC-USD"}, {"trade_id": 849612609, "side": "sell", "size": "0.00848005", "price": "117923.79000000", "time": "2025-07-15T14:20:09.629001Z", "fetched_at": "2025-07-15T14:20:22.002106+00:00", "symbol": "BTC-USD"}, {"trade_id": 849612608, "side": "sell", "size": "0.40000000", "price": "117922.93000000", "time": "2025-07-15T14:20:09.629001Z", "fetched_at": "2025-07-15T14:20:22.002106+00:00", "symbol": "BTC-USD"}, {"trade_id": 849612607, "side": "sell", "size": "0.00006618", "price": "117922.02000000", "time": "2025-07-15T14:20:09.629001Z", "fetched_at": "2025-07-15T14:20:22.002106+00:00", "symbol": "BTC-USD"}, {"trade_id": 849612606, "side": "sell", "size": "0.06131827", "price": "117922.02000000", "time": "2025-07-15T14:20:09.629001Z", "fetched_at": "2025-07-15T14:20:22.002106+00:00", "symbol": "BTC-USD"}, {"trade_id": 849612605, "side": "sell", "size": "0.00800000", "price": "117922.02000000", "time": "2025-07-15T14:20:09.629001Z", "fetched_at": "2025-07-15T14:20:22.002106+00:00", "symbol": "BTC-USD"}, {"trade_id": 849612604, "side": "sell", "size": "0.00020989", "price": "117922.94000000", "time": "2025-07-15T14:20:09.010386Z", "fetched_at": "2025-07-15T14:20:22.002106+00:00", "symbol": "BTC-USD"}, {"trade_id": 849612603, "side": "sell", "size": "0.00099841", "price": "117931.36000000", "time": "2025-07-15T14:20:08.520432Z", "fetched_at": "2025-07-15T14:20:22.002106+00:00", "symbol": "BTC-USD"}, {"trade_id": 849612602, "side": "buy", "size": "0.17471207", "price": "117912.23000000", "time": "2025-07-15T14:20:08.084716Z", "fetched_at": "2025-07-15T14:20:22.002106+00:00", "symbol": "BTC-USD"}, {"trade_id": 849612601, "side": "buy", "size": "0.16085871", "price": "117912.23000000", "time": "2025-07-15T14:20:08.084716Z", "fetched_at": "2025-07-15T14:20:22.002106+00:00", "symbol": "BTC-USD"}, {"trade_id": 849612600, "side": "buy", "size": "0.00707915", "price": "117912.23000000", "time": "2025-07-15T14:20:08.084716Z", "fetched_at": "2025-07-15T14:20:22.002106+00:00", "symbol": "BTC-USD"}, {"trade_id": 849612599, "side": "buy", "size": "0.04258000", "price": "117912.24000000", "time": "2025-07-15T14:20:08.084716Z", "fetched_at": "2025-07-15T14:20:22.002106+00:00", "symbol": "BTC-USD"}, {"trade_id": 849612598, "side": "buy", "size": "0.13230000", "price": "117912.65000000", "time": "2025-07-15T14:20:08.084716Z", "fetched_at": "2025-07-15T14:20:22.002106+00:00", "symbol": "BTC-USD"}, {"trade_id": 849612597, "side": "buy", "size": "0.03502470", "price": "117912.66000000", "time": "2025-07-15T14:20:08.084716Z", "fetched_at": "2025-07-15T14:20:22.002106+00:00", "symbol": "BTC-USD"}, {"trade_id": 849612596, "side": "buy", "size": "0.06031111", "price": "117916.64000000", "time": "2025-07-15T14:20:08.084716Z", "fetched_at": "2025-07-15T14:20:22.002106+00:00", "symbol": "BTC-USD"}, {"trade_id": 849612595, "side": "buy", "size": "0.01000000", "price": "117916.67000000", "time": "2025-07-15T14:20:08.084716Z", "fetched_at": "2025-07-15T14:20:22.002106+00:00", "symbol": "BTC-USD"}, {"trade_id": 849612594, "side": "buy", "size": "0.04533640", "price": "117916.68000000", "time": "2025-07-15T14:20:08.084716Z", "fetched_at": "2025-07-15T14:20:22.002106+00:00", "symbol": "BTC-USD"}, {"trade_id": 849612593, "side": "buy", "size": "0.00008481", "price": "117916.69000000", "time": "2025-07-15T14:20:08.084716Z", "fetched_at": "2025-07-15T14:20:22.002106+00:00", "symbol": "BTC-USD"}, {"trade_id": 849612592, "side": "buy", "size": "0.00847967", "price": "117929.01000000", "time": "2025-07-15T14:20:08.084716Z", "fetched_at": "2025-07-15T14:20:22.002106+00:00", "symbol": "BTC-USD"}, {"trade_id": 849612591, "side": "buy", "size": "0.00847964", "price": "117929.60000000", "time": "2025-07-15T14:20:08.084716Z", "fetched_at": "2025-07-15T14:20:22.002106+00:00", "symbol": "BTC-USD"}, {"trade_id": 849612590, "side": "buy", "size": "0.02258000", "price": "117931.37000000", "time": "2025-07-15T14:20:08.084716Z", "fetched_at": "2025-07-15T14:20:22.002106+00:00", "symbol": "BTC-USD"}, {"trade_id": 849612589, "side": "sell", "size": "0.00848000", "price": "117924.46000000", "time": "2025-07-15T14:20:07.653035Z", "fetched_at": "2025-07-15T14:20:22.002106+00:00", "symbol": "BTC-USD"}, {"trade_id": 849612588, "side": "buy", "size": "0.00046930", "price": "117924.45000000", "time": "2025-07-15T14:20:07.526339Z", "fetched_at": "2025-07-15T14:20:22.002106+00:00", "symbol": "BTC-USD"}, {"trade_id": 849612587, "side": "sell", "size": "0.00013815", "price": "117922.92000000", "time": "2025-07-15T14:20:07.441056Z", "fetched_at": "2025-07-15T14:20:22.002106+00:00", "symbol": "BTC-USD"}, {"trade_id": 849612586, "side": "buy", "size": "0.00120216", "price": "117922.25000000", "time": "2025-07-15T14:20:07.385776Z", "fetched_at": "2025-07-15T14:20:22.002106+00:00", "symbol": "BTC-USD"}, {"trade_id": 849612585, "side": "buy", "size": "0.08055665", "price": "117912.24000000", "time": "2025-07-15T14:20:06.776365Z", "fetched_at": "2025-07-15T14:20:22.002106+00:00", "symbol": "BTC-USD"}, {"trade_id": 849612584, "side": "buy", "size": "0.02309213", "price": "117912.25000000", "time": "2025-07-15T14:20:06.776365Z", "fetched_at": "2025-07-15T14:20:22.002106+00:00", "symbol": "BTC-USD"}, {"trade_id": 849612583, "side": "buy", "size": "0.15800000", "price": "117917.80000000", "time": "2025-07-15T14:20:06.776365Z", "fetched_at": "2025-07-15T14:20:22.002106+00:00", "symbol": "BTC-USD"}, {"trade_id": 849612582, "side": "buy", "size": "0.00008481", "price": "117917.81000000", "time": "2025-07-15T14:20:06.776365Z", "fetched_at": "2025-07-15T14:20:22.002106+00:00", "symbol": "BTC-USD"}, {"trade_id": 849612581, "side": "buy", "size": "0.00848029", "price": "117920.50000000", "time": "2025-07-15T14:20:06.776365Z", "fetched_at": "2025-07-15T14:20:22.002106+00:00", "symbol": "BTC-USD"}, {"trade_id": 849612580, "side": "buy", "size": "0.00848027", "price": "117920.76000000", "time": "2025-07-15T14:20:06.776365Z", "fetched_at": "2025-07-15T14:20:22.002106+00:00", "symbol": "BTC-USD"}, {"trade_id": 849612579, "side": "buy", "size": "0.05015794", "price": "117920.97000000", "time": "2025-07-15T14:20:06.776365Z", "fetched_at": "2025-07-15T14:20:22.002106+00:00", "symbol": "BTC-USD"}, {"trade_id": 849612578, "side": "buy", "size": "0.00004449", "price": "117922.27000000", "time": "2025-07-15T14:20:06.776365Z", "fetched_at": "2025-07-15T14:20:22.002106+00:00", "symbol": "BTC-USD"}, {"trade_id": 849612577, "side": "buy", "size": "0.02654204", "price": "117922.27000000", "time": "2025-07-15T14:20:06.776365Z", "fetched_at": "2025-07-15T14:20:22.002106+00:00", "symbol": "BTC-USD"}, {"trade_id": 849612576, "side": "buy", "size": "0.00657000", "price": "117922.27000000", "time": "2025-07-15T14:20:06.776365Z", "fetched_at": "2025-07-15T14:20:22.002106+00:00", "symbol": "BTC-USD"}, {"trade_id": 849612575, "side": "buy", "size": "0.02258000", "price": "117922.27000000", "time": "2025-07-15T14:20:06.776365Z", "fetched_at": "2025-07-15T14:20:22.002106+00:00", "symbol": "BTC-USD"}, {"trade_id": 849612574, "side": "sell", "size": "0.00000149", "price": "117922.46000000", "time": "2025-07-15T14:20:05.809394Z", "fetched_at": "2025-07-15T14:20:22.002106+00:00", "symbol": "BTC-USD"}, {"trade_id": 849612573, "side": "sell", "size": "0.00083961", "price": "117922.76000000", "time": "2025-07-15T14:20:04.582214Z", "fetched_at": "2025-07-15T14:20:22.002106+00:00", "symbol": "BTC-USD"}, {"trade_id": 849612572, "side": "sell", "size": "0.00000831", "price": "117922.76000000", "time": "2025-07-15T14:20:04.473648Z", "fetched_at": "2025-07-15T14:20:22.002106+00:00", "symbol": "BTC-USD"}, {"trade_id": 849612571, "side": "sell", "size": "0.00965297", "price": "117922.76000000", "time": "2025-07-15T14:20:04.300876Z", "fetched_at": "2025-07-15T14:20:22.002106+00:00", "symbol": "BTC-USD"}, {"trade_id": 849612570, "side": "sell", "size": "0.00040217", "price": "117922.76000000", "time": "2025-07-15T14:20:04.220333Z", "fetched_at": "2025-07-15T14:20:22.002106+00:00", "symbol": "BTC-USD"}, {"trade_id": 849612569, "side": "sell", "size": "0.00083961", "price": "117922.84000000", "time": "2025-07-15T14:20:03.444818Z", "fetched_at": "2025-07-15T14:20:22.002106+00:00", "symbol": "BTC-USD"}, {"trade_id": 849612568, "side": "sell", "size": "0.00020107", "price": "117922.84000000", "time": "2025-07-15T14:20:02.649038Z", "fetched_at": "2025-07-15T14:20:22.002106+00:00", "symbol": "BTC-USD"}, {"trade_id": 849612567, "side": "sell", "size": "0.00000455", "price": "117922.89000000", "time": "2025-07-15T14:20:02.233979Z", "fetched_at": "2025-07-15T14:20:22.002106+00:00", "symbol": "BTC-USD"}, {"trade_id": 849612566, "side": "sell", "size": "0.00825246", "price": "117922.94000000", "time": "2025-07-15T14:20:01.897322Z", "fetched_at": "2025-07-15T14:20:22.002106+00:00", "symbol": "BTC-USD"}, {"trade_id": 849612565, "side": "sell", "size": "0.00008188", "price": "117922.96000000", "time": "2025-07-15T14:20:01.811397Z", "fetched_at": "2025-07-15T14:20:22.002106+00:00", "symbol": "BTC-USD"}, {"trade_id": 849612564, "side": "sell", "size": "0.00004486", "price": "117919.58000000", "time": "2025-07-15T14:20:01.313013Z", "fetched_at": "2025-07-15T14:20:22.002106+00:00", "symbol": "BTC-USD"}, {"trade_id": 849612563, "side": "sell", "size": "0.00004486", "price": "117919.58000000", "time": "2025-07-15T14:20:01.270820Z", "fetched_at": "2025-07-15T14:20:22.002106+00:00", "symbol": "BTC-USD"}, {"trade_id": 849612562, "side": "sell", "size": "0.00004486", "price": "117919.58000000", "time": "2025-07-15T14:20:01.256144Z", "fetched_at": "2025-07-15T14:20:22.002106+00:00", "symbol": "BTC-USD"}, {"trade_id": 849612561, "side": "sell", "size": "0.00004486", "price": "117919.58000000", "time": "2025-07-15T14:20:01.239089Z", "fetched_at": "2025-07-15T14:20:22.002106+00:00", "symbol": "BTC-USD"}, {"trade_id": 849612560, "side": "sell", "size": "0.00052520", "price": "117919.58000000", "time": "2025-07-15T14:20:01.196603Z", "fetched_at": "2025-07-15T14:20:22.002106+00:00", "symbol": "BTC-USD"}, {"trade_id": 849612559, "side": "sell", "size": "0.00795516", "price": "117919.58000000", "time": "2025-07-15T14:20:01.179951Z", "fetched_at": "2025-07-15T14:20:22.002106+00:00", "symbol": "BTC-USD"}, {"trade_id": 849612558, "side": "sell", "size": "0.00004484", "price": "117917.81000000", "time": "2025-07-15T14:20:01.179951Z", "fetched_at": "2025-07-15T14:20:22.002106+00:00", "symbol": "BTC-USD"}, {"trade_id": 849612557, "side": "sell", "size": "0.00800000", "price": "117917.81000000", "time": "2025-07-15T14:20:01.163301Z", "fetched_at": "2025-07-15T14:20:22.002106+00:00", "symbol": "BTC-USD"}, {"trade_id": 849612556, "side": "sell", "size": "0.00004484", "price": "117917.81000000", "time": "2025-07-15T14:20:01.163301Z", "fetched_at": "2025-07-15T14:20:22.002106+00:00", "symbol": "BTC-USD"}, {"trade_id": 849612555, "side": "buy", "size": "0.00003500", "price": "117920.96000000", "time": "2025-07-15T14:20:00.637120Z", "fetched_at": "2025-07-15T14:20:22.002106+00:00", "symbol": "BTC-USD"}, {"trade_id": 849612554, "side": "sell", "size": "0.01514677", "price": "117931.75000000", "time": "2025-07-15T14:20:00.610697Z", "fetched_at": "2025-07-15T14:20:22.002106+00:00", "symbol": "BTC-USD"}, {"trade_id": 849612553, "side": "sell", "size": "0.00568200", "price": "117931.44000000", "time": "2025-07-15T14:20:00.610697Z", "fetched_at": "2025-07-15T14:20:22.002106+00:00", "symbol": "BTC-USD"}, {"trade_id": 849612552, "side": "sell", "size": "0.00004473", "price": "117931.44000000", "time": "2025-07-15T14:20:00.610697Z", "fetched_at": "2025-07-15T14:20:22.002106+00:00", "symbol": "BTC-USD"}, {"trade_id": 849612551, "side": "buy", "size": "0.00014721", "price": "117923.26000000", "time": "2025-07-15T14:20:00.085781Z", "fetched_at": "2025-07-15T14:20:22.002106+00:00", "symbol": "BTC-USD"}, {"trade_id": 849612550, "side": "sell", "size": "0.00001033", "price": "117929.13000000", "time": "2025-07-15T14:19:59.627106Z", "fetched_at": "2025-07-15T14:20:22.002106+00:00", "symbol": "BTC-USD"}, {"trade_id": 849612549, "side": "sell", "size": "0.00001000", "price": "117925.60000000", "time": "2025-07-15T14:19:59.605131Z", "fetched_at": "2025-07-15T14:20:22.002106+00:00", "symbol": "BTC-USD"}, {"trade_id": 849612548, "side": "sell", "size": "0.00000212", "price": "117921.19000000", "time": "2025-07-15T14:19:59.596276Z", "fetched_at": "2025-07-15T14:20:22.002106+00:00", "symbol": "BTC-USD"}, {"trade_id": 849612547, "side": "sell", "size": "0.00000664", "price": "117921.19000000", "time": "2025-07-15T14:19:59.596276Z", "fetched_at": "2025-07-15T14:20:22.002106+00:00", "symbol": "BTC-USD"}, {"trade_id": 849612546, "side": "sell", "size": "0.00017979", "price": "117921.19000000", "time": "2025-07-15T14:19:59.596276Z", "fetched_at": "2025-07-15T14:20:22.002106+00:00", "symbol": "BTC-USD"}, {"trade_id": 849612545, "side": "sell", "size": "0.00000026", "price": "117920.96000000", "time": "2025-07-15T14:19:59.596276Z", "fetched_at": "2025-07-15T14:20:22.002106+00:00", "symbol": "BTC-USD"}, {"trade_id": 849612544, "side": "sell", "size": "0.00848000", "price": "117920.96000000", "time": "2025-07-15T14:19:59.595004Z", "fetched_at": "2025-07-15T14:20:22.002106+00:00", "symbol": "BTC-USD"}, {"trade_id": 849612543, "side": "sell", "size": "0.00169584", "price": "117919.17000000", "time": "2025-07-15T14:19:59.589768Z", "fetched_at": "2025-07-15T14:20:22.002106+00:00", "symbol": "BTC-USD"}, {"trade_id": 849612542, "side": "sell", "size": "0.00830416", "price": "117919.17000000", "time": "2025-07-15T14:19:59.588885Z", "fetched_at": "2025-07-15T14:20:22.002106+00:00", "symbol": "BTC-USD"}, {"trade_id": 849612541, "side": "sell", "size": "0.00693288", "price": "117919.17000000", "time": "2025-07-15T14:19:59.588147Z", "fetched_at": "2025-07-15T14:20:22.002106+00:00", "symbol": "BTC-USD"}, {"trade_id": 849612540, "side": "sell", "size": "0.01464358", "price": "117919.17000000", "time": "2025-07-15T14:19:59.584104Z", "fetched_at": "2025-07-15T14:20:22.002106+00:00", "symbol": "BTC-USD"}, {"trade_id": 849612539, "side": "sell", "size": "0.03679664", "price": "117919.17000000", "time": "2025-07-15T14:19:59.583382Z", "fetched_at": "2025-07-15T14:20:22.002106+00:00", "symbol": "BTC-USD"}, {"trade_id": 849612538, "side": "sell", "size": "0.03324610", "price": "117919.17000000", "time": "2025-07-15T14:19:59.582232Z", "fetched_at": "2025-07-15T14:20:22.002106+00:00", "symbol": "BTC-USD"}, {"trade_id": 849612537, "side": "sell", "size": "0.02515413", "price": "117919.17000000", "time": "2025-07-15T14:19:59.581544Z", "fetched_at": "2025-07-15T14:20:22.002106+00:00", "symbol": "BTC-USD"}, {"trade_id": 849612536, "side": "sell", "size": "0.03023111", "price": "117919.17000000", "time": "2025-07-15T14:19:59.581334Z", "fetched_at": "2025-07-15T14:20:22.002106+00:00", "symbol": "BTC-USD"}, {"trade_id": 849612535, "side": "sell", "size": "0.02396888", "price": "117919.17000000", "time": "2025-07-15T14:19:59.580702Z", "fetched_at": "2025-07-15T14:20:22.002106+00:00", "symbol": "BTC-USD"}, {"trade_id": 849612534, "side": "sell", "size": "0.00924194", "price": "117919.17000000", "time": "2025-07-15T14:19:59.580459Z", "fetched_at": "2025-07-15T14:20:22.002106+00:00", "symbol": "BTC-USD"}, {"trade_id": 849612533, "side": "sell", "size": "0.00206052", "price": "117919.17000000", "time": "2025-07-15T14:19:59.303464Z", "fetched_at": "2025-07-15T14:20:22.002106+00:00", "symbol": "BTC-USD"}, {"trade_id": 849612532, "side": "sell", "size": "0.00017737", "price": "117919.17000000", "time": "2025-07-15T14:19:59.166704Z", "fetched_at": "2025-07-15T14:20:22.002106+00:00", "symbol": "BTC-USD"}, {"trade_id": 849612531, "side": "sell", "size": "0.00206049", "price": "117919.17000000", "time": "2025-07-15T14:19:58.949655Z", "fetched_at": "2025-07-15T14:20:22.002106+00:00", "symbol": "BTC-USD"}, {"trade_id": 849612530, "side": "sell", "size": "0.05670323", "price": "117919.17000000", "time": "2025-07-15T14:19:58.695316Z", "fetched_at": "2025-07-15T14:20:22.002106+00:00", "symbol": "BTC-USD"}, {"trade_id": 849612529, "side": "buy", "size": "0.00152543", "price": "117919.16000000", "time": "2025-07-15T14:19:58.273042Z", "fetched_at": "2025-07-15T14:20:22.002106+00:00", "symbol": "BTC-USD"}, {"trade_id": 849612528, "side": "sell", "size": "0.00010266", "price": "117919.17000000", "time": "2025-07-15T14:19:58.083286Z", "fetched_at": "2025-07-15T14:20:22.002106+00:00", "symbol": "BTC-USD"}, {"trade_id": 849612527, "side": "sell", "size": "0.00003831", "price": "117919.16000000", "time": "2025-07-15T14:19:58.083286Z", "fetched_at": "2025-07-15T14:20:22.002106+00:00", "symbol": "BTC-USD"}, {"trade_id": 849612526, "side": "sell", "size": "0.00117451", "price": "117919.17000000", "time": "2025-07-15T14:19:58.039644Z", "fetched_at": "2025-07-15T14:20:22.002106+00:00", "symbol": "BTC-USD"}, {"trade_id": 849612525, "side": "sell", "size": "0.00003222", "price": "117919.16000000", "time": "2025-07-15T14:19:58.039644Z", "fetched_at": "2025-07-15T14:20:22.002106+00:00", "symbol": "BTC-USD"}, {"trade_id": 849612524, "side": "sell", "size": "0.00003690", "price": "117919.43000000", "time": "2025-07-15T14:19:57.462649Z", "fetched_at": "2025-07-15T14:20:22.002106+00:00", "symbol": "BTC-USD"}, {"trade_id": 849612523, "side": "sell", "size": "0.00003102", "price": "117919.43000000", "time": "2025-07-15T14:19:57.451230Z", "fetched_at": "2025-07-15T14:20:22.002106+00:00", "symbol": "BTC-USD"}, {"trade_id": 849612522, "side": "sell", "size": "0.00004932", "price": "117919.29000000", "time": "2025-07-15T14:19:57.451230Z", "fetched_at": "2025-07-15T14:20:22.002106+00:00", "symbol": "BTC-USD"}, {"trade_id": 849612521, "side": "sell", "size": "0.00001100", "price": "117919.49000000", "time": "2025-07-15T14:19:57.266112Z", "fetched_at": "2025-07-15T14:20:22.002106+00:00", "symbol": "BTC-USD"}, {"trade_id": 849612520, "side": "sell", "size": "0.00681496", "price": "117915.77000000", "time": "2025-07-15T14:19:56.838833Z", "fetched_at": "2025-07-15T14:20:22.002106+00:00", "symbol": "BTC-USD"}, {"trade_id": 849612519, "side": "sell", "size": "0.01000000", "price": "117914.00000000", "time": "2025-07-15T14:19:56.838833Z", "fetched_at": "2025-07-15T14:20:22.002106+00:00", "symbol": "BTC-USD"}, {"trade_id": 849612518, "side": "sell", "size": "0.00012356", "price": "117914.00000000", "time": "2025-07-15T14:19:55.874300Z", "fetched_at": "2025-07-15T14:20:22.002106+00:00", "symbol": "BTC-USD"}, {"trade_id": 849612517, "side": "buy", "size": "0.00038461", "price": "117913.99000000", "time": "2025-07-15T14:19:55.285663Z", "fetched_at": "2025-07-15T14:20:22.002106+00:00", "symbol": "BTC-USD"}, {"trade_id": 849612516, "side": "buy", "size": "0.00000075", "price": "117912.23000000", "time": "2025-07-15T14:19:54.998494Z", "fetched_at": "2025-07-15T14:20:22.002106+00:00", "symbol": "BTC-USD"}, {"trade_id": 849612515, "side": "sell", "size": "0.00083949", "price": "117912.24000000", "time": "2025-07-15T14:19:53.315155Z", "fetched_at": "2025-07-15T14:20:22.002106+00:00", "symbol": "BTC-USD"}, {"trade_id": 849612514, "side": "sell", "size": "0.00259401", "price": "117912.24000000", "time": "2025-07-15T14:19:52.781337Z", "fetched_at": "2025-07-15T14:20:22.002106+00:00", "symbol": "BTC-USD"}, {"trade_id": 849612513, "side": "sell", "size": "0.00580213", "price": "117912.24000000", "time": "2025-07-15T14:19:52.781337Z", "fetched_at": "2025-07-15T14:20:22.002106+00:00", "symbol": "BTC-USD"}, {"trade_id": 849612512, "side": "buy", "size": "0.00063419", "price": "117912.23000000", "time": "2025-07-15T14:19:52.749539Z", "fetched_at": "2025-07-15T14:20:22.002106+00:00", "symbol": "BTC-USD"}, {"trade_id": 849612511, "side": "sell", "size": "0.02066255", "price": "117912.24000000", "time": "2025-07-15T14:19:52.550100Z", "fetched_at": "2025-07-15T14:20:22.002106+00:00", "symbol": "BTC-USD"}, {"trade_id": 849612510, "side": "sell", "size": "0.02054677", "price": "117912.24000000", "time": "2025-07-15T14:19:52.550100Z", "fetched_at": "2025-07-15T14:20:22.002106+00:00", "symbol": "BTC-USD"}, {"trade_id": 849612509, "side": "sell", "size": "0.00001612", "price": "117912.24000000", "time": "2025-07-15T14:19:52.487879Z", "fetched_at": "2025-07-15T14:20:22.002106+00:00", "symbol": "BTC-USD"}, {"trade_id": 849612508, "side": "sell", "size": "0.00024711", "price": "117912.24000000", "time": "2025-07-15T14:19:52.305275Z", "fetched_at": "2025-07-15T14:20:22.002106+00:00", "symbol": "BTC-USD"}, {"trade_id": 849612507, "side": "buy", "size": "0.00074559", "price": "117912.23000000", "time": "2025-07-15T14:19:52.209603Z", "fetched_at": "2025-07-15T14:20:22.002106+00:00", "symbol": "BTC-USD"}, {"trade_id": 849612506, "side": "sell", "size": "0.00816155", "price": "117918.38000000", "time": "2025-07-15T14:19:51.175364Z", "fetched_at": "2025-07-15T14:20:22.002106+00:00", "symbol": "BTC-USD"}, {"trade_id": 849612505, "side": "sell", "size": "0.00160787", "price": "117919.36000000", "time": "2025-07-15T14:19:51.012195Z", "fetched_at": "2025-07-15T14:20:22.002106+00:00", "symbol": "BTC-USD"}, {"trade_id": 849612504, "side": "buy", "size": "0.00021298", "price": "117906.80000000", "time": "2025-07-15T14:19:50.471506Z", "fetched_at": "2025-07-15T14:20:22.002106+00:00", "symbol": "BTC-USD"}, {"trade_id": 849612503, "side": "buy", "size": "0.00007625", "price": "117915.01000000", "time": "2025-07-15T14:19:50.471506Z", "fetched_at": "2025-07-15T14:20:22.002106+00:00", "symbol": "BTC-USD"}, {"trade_id": 849612502, "side": "sell", "size": "0.02338021", "price": "117921.17000000", "time": "2025-07-15T14:19:49.429763Z", "fetched_at": "2025-07-15T14:20:22.002106+00:00", "symbol": "BTC-USD"}, {"trade_id": 849612501, "side": "sell", "size": "0.01000000", "price": "117921.16000000", "time": "2025-07-15T14:19:49.429763Z", "fetched_at": "2025-07-15T14:20:22.002106+00:00", "symbol": "BTC-USD"}, {"trade_id": 849612500, "side": "sell", "size": "0.00068413", "price": "117922.78000000", "time": "2025-07-15T14:19:48.951413Z", "fetched_at": "2025-07-15T14:20:22.002106+00:00", "symbol": "BTC-USD"}, {"trade_id": 849612499, "side": "sell", "size": "0.00000212", "price": "117921.19000000", "time": "2025-07-15T14:19:48.951413Z", "fetched_at": "2025-07-15T14:20:22.002106+00:00", "symbol": "BTC-USD"}, {"trade_id": 849612498, "side": "sell", "size": "0.00000664", "price": "117921.19000000", "time": "2025-07-15T14:19:48.951413Z", "fetched_at": "2025-07-15T14:20:22.002106+00:00", "symbol": "BTC-USD"}, {"trade_id": 849612497, "side": "sell", "size": "0.00015701", "price": "117921.19000000", "time": "2025-07-15T14:19:48.951413Z", "fetched_at": "2025-07-15T14:20:22.002106+00:00", "symbol": "BTC-USD"}, {"trade_id": 849612496, "side": "sell", "size": "0.00191354", "price": "117908.71000000", "time": "2025-07-15T14:19:48.339340Z", "fetched_at": "2025-07-15T14:20:22.002106+00:00", "symbol": "BTC-USD"}, {"trade_id": 849612495, "side": "sell", "size": "0.00656760", "price": "117908.71000000", "time": "2025-07-15T14:19:48.333835Z", "fetched_at": "2025-07-15T14:20:22.002106+00:00", "symbol": "BTC-USD"}, {"trade_id": 849612494, "side": "sell", "size": "0.02191674", "price": "117906.64000000", "time": "2025-07-15T14:19:48.332659Z", "fetched_at": "2025-07-15T14:20:22.002106+00:00", "symbol": "BTC-USD"}, {"trade_id": 849612493, "side": "sell", "size": "0.00488510", "price": "117906.64000000", "time": "2025-07-15T14:19:48.332363Z", "fetched_at": "2025-07-15T14:20:22.002106+00:00", "symbol": "BTC-USD"}, {"trade_id": 849612492, "side": "sell", "size": "0.02324246", "price": "117906.64000000", "time": "2025-07-15T14:19:48.332120Z", "fetched_at": "2025-07-15T14:20:22.002106+00:00", "symbol": "BTC-USD"}, {"trade_id": 849612491, "side": "sell", "size": "0.00451936", "price": "117906.64000000", "time": "2025-07-15T14:19:48.331916Z", "fetched_at": "2025-07-15T14:20:22.002106+00:00", "symbol": "BTC-USD"}, {"trade_id": 849612490, "side": "sell", "size": "0.01355076", "price": "117906.64000000", "time": "2025-07-15T14:19:48.331355Z", "fetched_at": "2025-07-15T14:20:22.002106+00:00", "symbol": "BTC-USD"}, {"trade_id": 849612489, "side": "sell", "size": "0.01120254", "price": "117906.64000000", "time": "2025-07-15T14:19:48.329657Z", "fetched_at": "2025-07-15T14:20:22.002106+00:00", "symbol": "BTC-USD"}, {"trade_id": 849612488, "side": "sell", "size": "0.01879872", "price": "117906.64000000", "time": "2025-07-15T14:19:48.329371Z", "fetched_at": "2025-07-15T14:20:22.002106+00:00", "symbol": "BTC-USD"}, {"trade_id": 849612487, "side": "sell", "size": "0.01244966", "price": "117906.64000000", "time": "2025-07-15T14:19:48.329084Z", "fetched_at": "2025-07-15T14:20:22.002106+00:00", "symbol": "BTC-USD"}, {"trade_id": 849612486, "side": "sell", "size": "0.13652534", "price": "117906.64000000", "time": "2025-07-15T14:19:48.328952Z", "fetched_at": "2025-07-15T14:20:22.002106+00:00", "symbol": "BTC-USD"}, {"trade_id": 849612485, "side": "sell", "size": "0.00589387", "price": "117906.64000000", "time": "2025-07-15T14:19:48.328780Z", "fetched_at": "2025-07-15T14:20:22.002106+00:00", "symbol": "BTC-USD"}, {"trade_id": 849612484, "side": "sell", "size": "0.06314990", "price": "117906.64000000", "time": "2025-07-15T14:19:48.327327Z", "fetched_at": "2025-07-15T14:20:22.002106+00:00", "symbol": "BTC-USD"}, {"trade_id": 849612483, "side": "sell", "size": "0.01865810", "price": "117906.64000000", "time": "2025-07-15T14:19:48.326643Z", "fetched_at": "2025-07-15T14:20:22.002106+00:00", "symbol": "BTC-USD"}, {"trade_id": 849612482, "side": "sell", "size": "0.01579989", "price": "117906.64000000", "time": "2025-07-15T14:19:48.325929Z", "fetched_at": "2025-07-15T14:20:22.002106+00:00", "symbol": "BTC-USD"}, {"trade_id": 849612481, "side": "sell", "size": "0.00995675", "price": "117906.64000000", "time": "2025-07-15T14:19:48.325912Z", "fetched_at": "2025-07-15T14:20:22.002106+00:00", "symbol": "BTC-USD"}, {"trade_id": 849612480, "side": "sell", "size": "0.02144955", "price": "117906.64000000", "time": "2025-07-15T14:19:48.325864Z", "fetched_at": "2025-07-15T14:20:22.002106+00:00", "symbol": "BTC-USD"}, {"trade_id": 849612479, "side": "sell", "size": "0.01667915", "price": "117906.64000000", "time": "2025-07-15T14:19:48.325494Z", "fetched_at": "2025-07-15T14:20:22.002106+00:00", "symbol": "BTC-USD"}, {"trade_id": 849612478, "side": "sell", "size": "0.00092000", "price": "117906.64000000", "time": "2025-07-15T14:19:48.225265Z", "fetched_at": "2025-07-15T14:20:22.002106+00:00", "symbol": "BTC-USD"}, {"trade_id": 849612477, "side": "sell", "size": "0.00040211", "price": "117906.64000000", "time": "2025-07-15T14:19:48.060478Z", "fetched_at": "2025-07-15T14:20:22.002106+00:00", "symbol": "BTC-USD"}, {"trade_id": 849612476, "side": "buy", "size": "0.00003290", "price": "117906.65000000", "time": "2025-07-15T14:19:47.910800Z", "fetched_at": "2025-07-15T14:20:22.002106+00:00", "symbol": "BTC-USD"}, {"trade_id": 849612475, "side": "sell", "size": "0.00091750", "price": "117906.70000000", "time": "2025-07-15T14:19:47.424281Z", "fetched_at": "2025-07-15T14:20:22.002106+00:00", "symbol": "BTC-USD"}, {"trade_id": 849612474, "side": "buy", "size": "0.00032176", "price": "117905.34000000", "time": "2025-07-15T14:19:46.913260Z", "fetched_at": "2025-07-15T14:20:22.002106+00:00", "symbol": "BTC-USD"}, {"trade_id": 849612473, "side": "sell", "size": "0.01472114", "price": "117906.76000000", "time": "2025-07-15T14:19:46.906190Z", "fetched_at": "2025-07-15T14:20:22.002106+00:00", "symbol": "BTC-USD"}, {"trade_id": 849612472, "side": "sell", "size": "0.01000000", "price": "117906.75000000", "time": "2025-07-15T14:19:46.906190Z", "fetched_at": "2025-07-15T14:20:22.002106+00:00", "symbol": "BTC-USD"}, {"trade_id": 849612471, "side": "buy", "size": "0.00023680", "price": "117905.34000000", "time": "2025-07-15T14:19:46.216545Z", "fetched_at": "2025-07-15T14:20:22.002106+00:00", "symbol": "BTC-USD"}, {"trade_id": 849612470, "side": "buy", "size": "0.00000111", "price": "117905.36000000", "time": "2025-07-15T14:19:45.810473Z", "fetched_at": "2025-07-15T14:20:22.002106+00:00", "symbol": "BTC-USD"}, {"trade_id": 849612469, "side": "sell", "size": "0.00084601", "price": "117905.35000000", "time": "2025-07-15T14:19:45.771521Z", "fetched_at": "2025-07-15T14:20:22.002106+00:00", "symbol": "BTC-USD"}, {"trade_id": 849612468, "side": "sell", "size": "0.00121214", "price": "117906.95000000", "time": "2025-07-15T14:19:44.824164Z", "fetched_at": "2025-07-15T14:20:22.002106+00:00", "symbol": "BTC-USD"}, {"trade_id": 849612467, "side": "sell", "size": "0.00000003", "price": "117905.35000000", "time": "2025-07-15T14:19:44.298221Z", "fetched_at": "2025-07-15T14:20:22.002106+00:00", "symbol": "BTC-USD"}, {"trade_id": 849612466, "side": "sell", "size": "0.04200000", "price": "117905.35000000", "time": "2025-07-15T14:19:44.113035Z", "fetched_at": "2025-07-15T14:20:22.002106+00:00", "symbol": "BTC-USD"}, {"trade_id": 849612465, "side": "sell", "size": "0.00011781", "price": "117905.35000000", "time": "2025-07-15T14:19:43.046759Z", "fetched_at": "2025-07-15T14:20:22.002106+00:00", "symbol": "BTC-USD"}, {"trade_id": 849612464, "side": "sell", "size": "0.00070639", "price": "117905.35000000", "time": "2025-07-15T14:19:43.046759Z", "fetched_at": "2025-07-15T14:20:22.002106+00:00", "symbol": "BTC-USD"}, {"trade_id": 849612463, "side": "sell", "size": "0.00001680", "price": "117905.35000000", "time": "2025-07-15T14:19:43.042433Z", "fetched_at": "2025-07-15T14:20:22.002106+00:00", "symbol": "BTC-USD"}, {"trade_id": 849612462, "side": "sell", "size": "0.00419820", "price": "117905.35000000", "time": "2025-07-15T14:19:42.986702Z", "fetched_at": "2025-07-15T14:20:22.002106+00:00", "symbol": "BTC-USD"}, {"trade_id": 849612461, "side": "sell", "size": "0.00164861", "price": "117905.35000000", "time": "2025-07-15T14:19:42.792486Z", "fetched_at": "2025-07-15T14:20:22.002106+00:00", "symbol": "BTC-USD"}, {"trade_id": 849612460, "side": "buy", "size": "0.00848133", "price": "117906.02000000", "time": "2025-07-15T14:19:42.493299Z", "fetched_at": "2025-07-15T14:20:22.002106+00:00", "symbol": "BTC-USD"}, {"trade_id": 849612459, "side": "buy", "size": "0.00000118", "price": "117907.79000000", "time": "2025-07-15T14:19:42.493299Z", "fetched_at": "2025-07-15T14:20:22.002106+00:00", "symbol": "BTC-USD"}, {"trade_id": 849612458, "side": "buy", "size": "0.04796120", "price": "117907.79000000", "time": "2025-07-15T14:19:42.493299Z", "fetched_at": "2025-07-15T14:20:22.002106+00:00", "symbol": "BTC-USD"}, {"trade_id": 849612457, "side": "buy", "size": "0.06991901", "price": "117907.79000000", "time": "2025-07-15T14:19:42.493299Z", "fetched_at": "2025-07-15T14:20:22.002106+00:00", "symbol": "BTC-USD"}, {"trade_id": 849612456, "side": "buy", "size": "0.00171309", "price": "117907.79000000", "time": "2025-07-15T14:19:42.220949Z", "fetched_at": "2025-07-15T14:20:22.002106+00:00", "symbol": "BTC-USD"}, {"trade_id": 849612455, "side": "buy", "size": "0.00021214", "price": "117907.79000000", "time": "2025-07-15T14:19:41.851739Z", "fetched_at": "2025-07-15T14:20:22.002106+00:00", "symbol": "BTC-USD"}, {"trade_id": 849612454, "side": "buy", "size": "0.00823850", "price": "117907.79000000", "time": "2025-07-15T14:19:41.804514Z", "fetched_at": "2025-07-15T14:20:22.002106+00:00", "symbol": "BTC-USD"}, {"trade_id": 849612453, "side": "buy", "size": "0.10775208", "price": "117907.79000000", "time": "2025-07-15T14:19:41.804514Z", "fetched_at": "2025-07-15T14:20:22.002106+00:00", "symbol": "BTC-USD"}, {"trade_id": 849612452, "side": "buy", "size": "0.00001000", "price": "117907.92000000", "time": "2025-07-15T14:19:41.804514Z", "fetched_at": "2025-07-15T14:20:22.002106+00:00", "symbol": "BTC-USD"}, {"trade_id": 849612451, "side": "buy", "size": "0.00848108", "price": "117909.49000000", "time": "2025-07-15T14:19:41.800131Z", "fetched_at": "2025-07-15T14:20:22.002106+00:00", "symbol": "BTC-USD"}, {"trade_id": 849612450, "side": "buy", "size": "0.00325360", "price": "117911.26000000", "time": "2025-07-15T14:19:41.800131Z", "fetched_at": "2025-07-15T14:20:22.002106+00:00", "symbol": "BTC-USD"}, {"trade_id": 849612449, "side": "sell", "size": "0.00070744", "price": "117911.27000000", "time": "2025-07-15T14:19:41.699803Z", "fetched_at": "2025-07-15T14:20:22.002106+00:00", "symbol": "BTC-USD"}, {"trade_id": 849612448, "side": "buy", "size": "0.00000330", "price": "117915.31000000", "time": "2025-07-15T14:19:41.235798Z", "fetched_at": "2025-07-15T14:20:22.002106+00:00", "symbol": "BTC-USD"}, {"trade_id": 849612447, "side": "buy", "size": "0.00046827", "price": "117916.75000000", "time": "2025-07-15T14:19:41.231729Z", "fetched_at": "2025-07-15T14:20:22.002106+00:00", "symbol": "BTC-USD"}, {"trade_id": 849612446, "side": "buy", "size": "0.06553878", "price": "117916.75000000", "time": "2025-07-15T14:19:41.231729Z", "fetched_at": "2025-07-15T14:20:22.002106+00:00", "symbol": "BTC-USD"}, {"trade_id": 849612445, "side": "buy", "size": "0.00848050", "price": "117917.64000000", "time": "2025-07-15T14:19:41.231729Z", "fetched_at": "2025-07-15T14:20:22.002106+00:00", "symbol": "BTC-USD"}, {"trade_id": 849612444, "side": "buy", "size": "0.00332920", "price": "117919.41000000", "time": "2025-07-15T14:19:41.231729Z", "fetched_at": "2025-07-15T14:20:22.002106+00:00", "symbol": "BTC-USD"}, {"trade_id": 849612443, "side": "buy", "size": "0.00071545", "price": "117919.41000000", "time": "2025-07-15T14:19:40.989301Z", "fetched_at": "2025-07-15T14:20:22.002106+00:00", "symbol": "BTC-USD"}, {"trade_id": 849612442, "side": "buy", "size": "0.00301363", "price": "117921.18000000", "time": "2025-07-15T14:19:40.989301Z", "fetched_at": "2025-07-15T14:20:22.002106+00:00", "symbol": "BTC-USD"}, {"trade_id": 849612441, "side": "sell", "size": "0.00164872", "price": "117921.19000000", "time": "2025-07-15T14:19:40.828222Z", "fetched_at": "2025-07-15T14:20:22.002106+00:00", "symbol": "BTC-USD"}, {"trade_id": 849612440, "side": "sell", "size": "0.00016095", "price": "117921.19000000", "time": "2025-07-15T14:19:40.669086Z", "fetched_at": "2025-07-15T14:20:22.002106+00:00", "symbol": "BTC-USD"}, {"trade_id": 849612439, "side": "sell", "size": "0.00162000", "price": "117921.19000000", "time": "2025-07-15T14:19:40.485903Z", "fetched_at": "2025-07-15T14:20:22.002106+00:00", "symbol": "BTC-USD"}, {"trade_id": 849612438, "side": "sell", "size": "0.00082416", "price": "117921.19000000", "time": "2025-07-15T14:19:40.093319Z", "fetched_at": "2025-07-15T14:20:22.002106+00:00", "symbol": "BTC-USD"}, {"trade_id": 849612437, "side": "buy", "size": "0.00014197", "price": "117921.18000000", "time": "2025-07-15T14:19:39.855062Z", "fetched_at": "2025-07-15T14:20:22.002106+00:00", "symbol": "BTC-USD"}, {"trade_id": 849612436, "side": "sell", "size": "0.00412195", "price": "117921.19000000", "time": "2025-07-15T14:19:39.582540Z", "fetched_at": "2025-07-15T14:20:22.002106+00:00", "symbol": "BTC-USD"}, {"trade_id": 849612435, "side": "buy", "size": "0.00013105", "price": "117921.18000000", "time": "2025-07-15T14:19:39.448858Z", "fetched_at": "2025-07-15T14:20:22.002106+00:00", "symbol": "BTC-USD"}, {"trade_id": 849612434, "side": "sell", "size": "0.00016490", "price": "117921.19000000", "time": "2025-07-15T14:19:39.441228Z", "fetched_at": "2025-07-15T14:20:22.002106+00:00", "symbol": "BTC-USD"}, {"trade_id": 849612433, "side": "sell", "size": "0.00114535", "price": "117916.76000000", "time": "2025-07-15T14:19:38.763935Z", "fetched_at": "2025-07-15T14:20:22.002106+00:00", "symbol": "BTC-USD"}, {"trade_id": 849612432, "side": "sell", "size": "0.00001563", "price": "117916.76000000", "time": "2025-07-15T14:19:38.763935Z", "fetched_at": "2025-07-15T14:20:22.002106+00:00", "symbol": "BTC-USD"}, {"trade_id": 849612431, "side": "buy", "size": "0.00847979", "price": "117927.35000000", "time": "2025-07-15T14:19:38.412475Z", "fetched_at": "2025-07-15T14:20:22.002106+00:00", "symbol": "BTC-USD"}, {"trade_id": 849612430, "side": "buy", "size": "0.00847980", "price": "117927.35000000", "time": "2025-07-15T14:19:38.412475Z", "fetched_at": "2025-07-15T14:20:22.002106+00:00", "symbol": "BTC-USD"}, {"trade_id": 849612429, "side": "buy", "size": "0.00000050", "price": "117929.12000000", "time": "2025-07-15T14:19:38.411564Z", "fetched_at": "2025-07-15T14:20:22.002106+00:00", "symbol": "BTC-USD"}, {"trade_id": 849612428, "side": "buy", "size": "0.07876146", "price": "117929.12000000", "time": "2025-07-15T14:19:38.411564Z", "fetched_at": "2025-07-15T14:20:22.002106+00:00", "symbol": "BTC-USD"}, {"trade_id": 849612427, "side": "buy", "size": "0.00000135", "price": "117929.12000000", "time": "2025-07-15T14:19:38.411564Z", "fetched_at": "2025-07-15T14:20:22.002106+00:00", "symbol": "BTC-USD"}, {"trade_id": 849612426, "side": "buy", "size": "0.00242200", "price": "117929.12000000", "time": "2025-07-15T14:19:38.411564Z", "fetched_at": "2025-07-15T14:20:22.002106+00:00", "symbol": "BTC-USD"}, {"trade_id": 849612425, "side": "sell", "size": "0.00040228", "price": "117929.13000000", "time": "2025-07-15T14:19:37.663258Z", "fetched_at": "2025-07-15T14:20:22.002106+00:00", "symbol": "BTC-USD"}, {"trade_id": 849612424, "side": "buy", "size": "0.00116672", "price": "117927.35000000", "time": "2025-07-15T14:19:37.158177Z", "fetched_at": "2025-07-15T14:20:22.002106+00:00", "symbol": "BTC-USD"}, {"trade_id": 849612423, "side": "buy", "size": "0.00000076", "price": "117929.12000000", "time": "2025-07-15T14:19:37.158177Z", "fetched_at": "2025-07-15T14:20:22.002106+00:00", "symbol": "BTC-USD"}, {"trade_id": 849612422, "side": "buy", "size": "0.00000254", "price": "117929.12000000", "time": "2025-07-15T14:19:37.158177Z", "fetched_at": "2025-07-15T14:20:22.002106+00:00", "symbol": "BTC-USD"}, {"trade_id": 849612421, "side": "buy", "size": "0.00000856", "price": "117929.12000000", "time": "2025-07-15T14:19:37.158177Z", "fetched_at": "2025-07-15T14:20:22.002106+00:00", "symbol": "BTC-USD"}, {"trade_id": 849612420, "side": "buy", "size": "0.00280840", "price": "117929.12000000", "time": "2025-07-15T14:19:37.158177Z", "fetched_at": "2025-07-15T14:20:22.002106+00:00", "symbol": "BTC-USD"}, {"trade_id": 849612419, "side": "sell", "size": "0.00204938", "price": "117929.13000000", "time": "2025-07-15T14:19:36.602882Z", "fetched_at": "2025-07-15T14:20:22.002106+00:00", "symbol": "BTC-USD"}, {"trade_id": 849612418, "side": "sell", "size": "0.00001160", "price": "117929.13000000", "time": "2025-07-15T14:19:36.602882Z", "fetched_at": "2025-07-15T14:20:22.002106+00:00", "symbol": "BTC-USD"}, {"trade_id": 849612417, "side": "sell", "size": "0.00022578", "price": "117937.74000000", "time": "2025-07-15T14:19:36.307197Z", "fetched_at": "2025-07-15T14:20:22.002106+00:00", "symbol": "BTC-USD"}, {"trade_id": 849612416, "side": "sell", "size": "0.00001000", "price": "117934.44000000", "time": "2025-07-15T14:19:36.307197Z", "fetched_at": "2025-07-15T14:20:22.002106+00:00", "symbol": "BTC-USD"}, {"trade_id": 849612415, "side": "sell", "size": "0.00001160", "price": "117929.13000000", "time": "2025-07-15T14:19:36.307197Z", "fetched_at": "2025-07-15T14:20:22.002106+00:00", "symbol": "BTC-USD"}, {"trade_id": 849612414, "side": "sell", "size": "0.00001816", "price": "117929.68000000", "time": "2025-07-15T14:19:35.854688Z", "fetched_at": "2025-07-15T14:20:22.002106+00:00", "symbol": "BTC-USD"}, {"trade_id": 849612413, "side": "sell", "size": "0.00354248", "price": "117930.25000000", "time": "2025-07-15T14:19:35.805040Z", "fetched_at": "2025-07-15T14:20:22.002106+00:00", "symbol": "BTC-USD"}, {"trade_id": 849612412, "side": "sell", "size": "0.00001902", "price": "117929.68000000", "time": "2025-07-15T14:19:35.805040Z", "fetched_at": "2025-07-15T14:20:22.002106+00:00", "symbol": "BTC-USD"}, {"trade_id": 849612411, "side": "sell", "size": "0.00001902", "price": "117928.80000000", "time": "2025-07-15T14:19:35.759733Z", "fetched_at": "2025-07-15T14:20:22.002106+00:00", "symbol": "BTC-USD"}, {"trade_id": 849612410, "side": "sell", "size": "0.00001902", "price": "117925.60000000", "time": "2025-07-15T14:19:35.740048Z", "fetched_at": "2025-07-15T14:20:22.002106+00:00", "symbol": "BTC-USD"}, {"trade_id": 849612409, "side": "sell", "size": "0.00001000", "price": "117925.60000000", "time": "2025-07-15T14:19:35.711265Z", "fetched_at": "2025-07-15T14:20:22.002106+00:00", "symbol": "BTC-USD"}, {"trade_id": 849612408, "side": "sell", "size": "0.00848027", "price": "117920.72000000", "time": "2025-07-15T14:19:35.704368Z", "fetched_at": "2025-07-15T14:20:22.002106+00:00", "symbol": "BTC-USD"}, {"trade_id": 849612407, "side": "sell", "size": "0.00499583", "price": "117919.14000000", "time": "2025-07-15T14:19:35.704368Z", "fetched_at": "2025-07-15T14:20:22.002106+00:00", "symbol": "BTC-USD"}, {"trade_id": 849612406, "side": "sell", "size": "0.00000373", "price": "117916.76000000", "time": "2025-07-15T14:19:35.704368Z", "fetched_at": "2025-07-15T14:20:22.002106+00:00", "symbol": "BTC-USD"}, {"trade_id": 849612405, "side": "sell", "size": "0.00001000", "price": "117916.76000000", "time": "2025-07-15T14:19:35.704368Z", "fetched_at": "2025-07-15T14:20:22.002106+00:00", "symbol": "BTC-USD"}, {"trade_id": 849612404, "side": "sell", "size": "0.00262993", "price": "117915.32000000", "time": "2025-07-15T14:19:35.402755Z", "fetched_at": "2025-07-15T14:20:22.002106+00:00", "symbol": "BTC-USD"}, {"trade_id": 849612403, "side": "sell", "size": "0.00737007", "price": "117915.32000000", "time": "2025-07-15T14:19:35.400285Z", "fetched_at": "2025-07-15T14:20:22.002106+00:00", "symbol": "BTC-USD"}, {"trade_id": 849612402, "side": "sell", "size": "0.13338520", "price": "117915.32000000", "time": "2025-07-15T14:19:35.400285Z", "fetched_at": "2025-07-15T14:20:22.002106+00:00", "symbol": "BTC-USD"}, {"trade_id": 849612401, "side": "sell", "size": "0.00811250", "price": "117915.32000000", "time": "2025-07-15T14:19:35.396680Z", "fetched_at": "2025-07-15T14:20:22.002106+00:00", "symbol": "BTC-USD"}, {"trade_id": 849612400, "side": "sell", "size": "0.04843824", "price": "117915.32000000", "time": "2025-07-15T14:19:35.392858Z", "fetched_at": "2025-07-15T14:20:22.002106+00:00", "symbol": "BTC-USD"}, {"trade_id": 849612399, "side": "sell", "size": "0.01965252", "price": "117915.32000000", "time": "2025-07-15T14:19:35.389565Z", "fetched_at": "2025-07-15T14:20:22.002106+00:00", "symbol": "BTC-USD"}, {"trade_id": 849612398, "side": "sell", "size": "0.08591571", "price": "117915.32000000", "time": "2025-07-15T14:19:35.385420Z", "fetched_at": "2025-07-15T14:20:22.002106+00:00", "symbol": "BTC-USD"}, {"trade_id": 849612397, "side": "sell", "size": "0.00206155", "price": "117915.32000000", "time": "2025-07-15T14:19:35.337377Z", "fetched_at": "2025-07-15T14:20:22.002106+00:00", "symbol": "BTC-USD"}, {"trade_id": 849612396, "side": "sell", "size": "0.09316895", "price": "117915.32000000", "time": "2025-07-15T14:19:35.255827Z", "fetched_at": "2025-07-15T14:20:22.002106+00:00", "symbol": "BTC-USD"}, {"trade_id": 849612395, "side": "sell", "size": "0.00824566", "price": "117915.32000000", "time": "2025-07-15T14:19:35.142462Z", "fetched_at": "2025-07-15T14:20:22.002106+00:00", "symbol": "BTC-USD"}, {"trade_id": 849612394, "side": "sell", "size": "0.00101967", "price": "117915.32000000", "time": "2025-07-15T14:19:35.036998Z", "fetched_at": "2025-07-15T14:20:22.002106+00:00", "symbol": "BTC-USD"}, {"trade_id": 849612393, "side": "sell", "size": "0.00001000", "price": "117907.92000000", "time": "2025-07-15T14:19:35.036998Z", "fetched_at": "2025-07-15T14:20:22.002106+00:00", "symbol": "BTC-USD"}, {"trade_id": 849612392, "side": "sell", "size": "0.00000082", "price": "117907.80000000", "time": "2025-07-15T14:19:35.036998Z", "fetched_at": "2025-07-15T14:20:22.002106+00:00", "symbol": "BTC-USD"}, {"trade_id": 849612391, "side": "sell", "size": "0.00000999", "price": "117907.80000000", "time": "2025-07-15T14:19:35.015301Z", "fetched_at": "2025-07-15T14:20:22.002106+00:00", "symbol": "BTC-USD"}, {"trade_id": 849612390, "side": "sell", "size": "0.00009107", "price": "117907.80000000", "time": "2025-07-15T14:19:35.015301Z", "fetched_at": "2025-07-15T14:20:22.002106+00:00", "symbol": "BTC-USD"}, {"trade_id": 849612389, "side": "sell", "size": "0.00082453", "price": "117907.80000000", "time": "2025-07-15T14:19:33.782906Z", "fetched_at": "2025-07-15T14:20:22.002106+00:00", "symbol": "BTC-USD"}, {"trade_id": 849612388, "side": "sell", "size": "0.00800000", "price": "117907.80000000", "time": "2025-07-15T14:19:33.605997Z", "fetched_at": "2025-07-15T14:20:22.002106+00:00", "symbol": "BTC-USD"}, {"trade_id": 849612387, "side": "sell", "size": "0.00084002", "price": "117907.80000000", "time": "2025-07-15T14:19:33.438267Z", "fetched_at": "2025-07-15T14:20:22.002106+00:00", "symbol": "BTC-USD"}, {"trade_id": 849612386, "side": "sell", "size": "0.00008852", "price": "117907.80000000", "time": "2025-07-15T14:19:33.393356Z", "fetched_at": "2025-07-15T14:20:22.002106+00:00", "symbol": "BTC-USD"}, {"trade_id": 849612385, "side": "sell", "size": "0.04066620", "price": "117901.17000000", "time": "2025-07-15T14:19:33.294103Z", "fetched_at": "2025-07-15T14:20:22.002106+00:00", "symbol": "BTC-USD"}, {"trade_id": 849612384, "side": "sell", "size": "0.01996481", "price": "117901.17000000", "time": "2025-07-15T14:19:33.248460Z", "fetched_at": "2025-07-15T14:20:22.002106+00:00", "symbol": "BTC-USD"}, {"trade_id": 849612383, "side": "sell", "size": "0.01244351", "price": "117901.17000000", "time": "2025-07-15T14:19:33.230092Z", "fetched_at": "2025-07-15T14:20:22.002106+00:00", "symbol": "BTC-USD"}, {"trade_id": 849612382, "side": "sell", "size": "0.00709786", "price": "117899.17000000", "time": "2025-07-15T14:19:33.192937Z", "fetched_at": "2025-07-15T14:20:22.002106+00:00", "symbol": "BTC-USD"}, {"trade_id": 849612381, "side": "sell", "size": "0.00001000", "price": "117899.08000000", "time": "2025-07-15T14:19:33.192937Z", "fetched_at": "2025-07-15T14:20:22.002106+00:00", "symbol": "BTC-USD"}, {"trade_id": 849612380, "side": "sell", "size": "0.01372147", "price": "117897.40000000", "time": "2025-07-15T14:19:33.122902Z", "fetched_at": "2025-07-15T14:20:22.002106+00:00", "symbol": "BTC-USD"}, {"trade_id": 849612379, "side": "sell", "size": "0.01855363", "price": "117897.40000000", "time": "2025-07-15T14:19:33.117717Z", "fetched_at": "2025-07-15T14:20:22.002106+00:00", "symbol": "BTC-USD"}, {"trade_id": 849612378, "side": "sell", "size": "0.01071840", "price": "117897.40000000", "time": "2025-07-15T14:19:33.109706Z", "fetched_at": "2025-07-15T14:20:22.002106+00:00", "symbol": "BTC-USD"}, {"trade_id": 849612377, "side": "sell", "size": "0.00848227", "price": "117892.92000000", "time": "2025-07-15T14:19:33.011833Z", "fetched_at": "2025-07-15T14:20:22.002106+00:00", "symbol": "BTC-USD"}, {"trade_id": 849612376, "side": "sell", "size": "0.00162212", "price": "117891.16000000", "time": "2025-07-15T14:19:33.011833Z", "fetched_at": "2025-07-15T14:20:22.002106+00:00", "symbol": "BTC-USD"}, {"trade_id": 849612375, "side": "buy", "size": "0.00011270", "price": "117886.39000000", "time": "2025-07-15T14:19:32.144421Z", "fetched_at": "2025-07-15T14:20:22.002106+00:00", "symbol": "BTC-USD"}, {"trade_id": 849612374, "side": "sell", "size": "0.00631105", "price": "117890.94000000", "time": "2025-07-15T14:19:32.091744Z", "fetched_at": "2025-07-15T14:20:22.002106+00:00", "symbol": "BTC-USD"}, {"trade_id": 849612373, "side": "sell", "size": "0.00003052", "price": "117890.93000000", "time": "2025-07-15T14:19:32.091744Z", "fetched_at": "2025-07-15T14:20:22.002106+00:00", "symbol": "BTC-USD"}, {"trade_id": 849612372, "side": "sell", "size": "0.00001000", "price": "117890.24000000", "time": "2025-07-15T14:19:32.091744Z", "fetched_at": "2025-07-15T14:20:22.002106+00:00", "symbol": "BTC-USD"}, {"trade_id": 849612371, "side": "sell", "size": "0.00001000", "price": "117881.40000000", "time": "2025-07-15T14:19:32.091744Z", "fetched_at": "2025-07-15T14:20:22.002106+00:00", "symbol": "BTC-USD"}, {"trade_id": 849612370, "side": "sell", "size": "0.00802688", "price": "117879.12000000", "time": "2025-07-15T14:19:32.064623Z", "fetched_at": "2025-07-15T14:20:22.002106+00:00", "symbol": "BTC-USD"}, {"trade_id": 849612369, "side": "sell", "size": "0.00001056", "price": "117877.35000000", "time": "2025-07-15T14:19:32.064623Z", "fetched_at": "2025-07-15T14:20:22.002106+00:00", "symbol": "BTC-USD"}, {"trade_id": 849612368, "side": "sell", "size": "0.00020256", "price": "117877.35000000", "time": "2025-07-15T14:19:32.064623Z", "fetched_at": "2025-07-15T14:20:22.002106+00:00", "symbol": "BTC-USD"}, {"trade_id": 849612367, "side": "sell", "size": "0.00845222", "price": "117877.35000000", "time": "2025-07-15T14:19:31.294184Z", "fetched_at": "2025-07-15T14:20:22.002106+00:00", "symbol": "BTC-USD"}, {"trade_id": 849612366, "side": "sell", "size": "0.00003117", "price": "117877.35000000", "time": "2025-07-15T14:19:31.294184Z", "fetched_at": "2025-07-15T14:20:22.002106+00:00", "symbol": "BTC-USD"}, {"trade_id": 849612365, "side": "sell", "size": "0.00075574", "price": "117877.36000000", "time": "2025-07-15T14:19:30.986800Z", "fetched_at": "2025-07-15T14:20:22.002106+00:00", "symbol": "BTC-USD"}, {"trade_id": 849612364, "side": "sell", "size": "0.00002891", "price": "117877.35000000", "time": "2025-07-15T14:19:30.986800Z", "fetched_at": "2025-07-15T14:20:22.002106+00:00", "symbol": "BTC-USD"}, {"trade_id": 849612363, "side": "sell", "size": "0.00001000", "price": "117872.56000000", "time": "2025-07-15T14:19:30.986800Z", "fetched_at": "2025-07-15T14:20:22.002106+00:00", "symbol": "BTC-USD"}, {"trade_id": 849612362, "side": "sell", "size": "0.00001000", "price": "117863.72000000", "time": "2025-07-15T14:19:30.986800Z", "fetched_at": "2025-07-15T14:20:22.002106+00:00", "symbol": "BTC-USD"}, {"trade_id": 849612361, "side": "sell", "size": "0.00848495", "price": "117855.79000000", "time": "2025-07-15T14:19:30.838401Z", "fetched_at": "2025-07-15T14:20:22.002106+00:00", "symbol": "BTC-USD"}, {"trade_id": 849612360, "side": "sell", "size": "0.01200000", "price": "117854.02000000", "time": "2025-07-15T14:19:30.837813Z", "fetched_at": "2025-07-15T14:20:22.002106+00:00", "symbol": "BTC-USD"}, {"trade_id": 849612359, "side": "sell", "size": "0.00170577", "price": "117854.02000000", "time": "2025-07-15T14:19:30.837813Z", "fetched_at": "2025-07-15T14:20:22.002106+00:00", "symbol": "BTC-USD"}, {"trade_id": 849612358, "side": "sell", "size": "0.00613616", "price": "117854.02000000", "time": "2025-07-15T14:19:30.837674Z", "fetched_at": "2025-07-15T14:20:22.002106+00:00", "symbol": "BTC-USD"}, {"trade_id": 849612357, "side": "sell", "size": "0.10086914", "price": "117854.02000000", "time": "2025-07-15T14:19:30.837632Z", "fetched_at": "2025-07-15T14:20:22.002106+00:00", "symbol": "BTC-USD"}, {"trade_id": 849612356, "side": "sell", "size": "0.01582485", "price": "117854.02000000", "time": "2025-07-15T14:19:30.837565Z", "fetched_at": "2025-07-15T14:20:22.002106+00:00", "symbol": "BTC-USD"}, {"trade_id": 849612355, "side": "sell", "size": "0.14230676", "price": "117854.02000000", "time": "2025-07-15T14:19:30.836787Z", "fetched_at": "2025-07-15T14:20:22.002106+00:00", "symbol": "BTC-USD"}, {"trade_id": 849612354, "side": "sell", "size": "0.05199593", "price": "117854.02000000", "time": "2025-07-15T14:19:30.836071Z", "fetched_at": "2025-07-15T14:20:22.002106+00:00", "symbol": "BTC-USD"}, {"trade_id": 849612353, "side": "sell", "size": "0.02099214", "price": "117854.02000000", "time": "2025-07-15T14:19:30.834563Z", "fetched_at": "2025-07-15T14:20:22.002106+00:00", "symbol": "BTC-USD"}, {"trade_id": 849612352, "side": "sell", "size": "0.00645912", "price": "117854.02000000", "time": "2025-07-15T14:19:30.833077Z", "fetched_at": "2025-07-15T14:20:22.002106+00:00", "symbol": "BTC-USD"}, {"trade_id": 849612351, "side": "sell", "size": "0.01679372", "price": "117854.02000000", "time": "2025-07-15T14:19:30.831678Z", "fetched_at": "2025-07-15T14:20:22.002106+00:00", "symbol": "BTC-USD"}, {"trade_id": 849612350, "side": "sell", "size": "0.03000902", "price": "117854.02000000", "time": "2025-07-15T14:19:30.830033Z", "fetched_at": "2025-07-15T14:20:22.002106+00:00", "symbol": "BTC-USD"}, {"trade_id": 849612349, "side": "sell", "size": "0.00560663", "price": "117854.02000000", "time": "2025-07-15T14:19:30.733278Z", "fetched_at": "2025-07-15T14:20:22.002106+00:00", "symbol": "BTC-USD"}, {"trade_id": 849612348, "side": "sell", "size": "0.00000359", "price": "117854.02000000", "time": "2025-07-15T14:19:30.695015Z", "fetched_at": "2025-07-15T14:20:22.002106+00:00", "symbol": "BTC-USD"}, {"trade_id": 849612347, "side": "sell", "size": "0.00016481", "price": "117854.02000000", "time": "2025-07-15T14:19:30.635469Z", "fetched_at": "2025-07-15T14:20:22.002106+00:00", "symbol": "BTC-USD"}, {"trade_id": 849612346, "side": "sell", "size": "0.00000179", "price": "117854.02000000", "time": "2025-07-15T14:19:30.328377Z", "fetched_at": "2025-07-15T14:20:22.002106+00:00", "symbol": "BTC-USD"}, {"trade_id": 849612345, "side": "sell", "size": "0.00113057", "price": "117854.02000000", "time": "2025-07-15T14:19:30.296101Z", "fetched_at": "2025-07-15T14:20:22.002106+00:00", "symbol": "BTC-USD"}, {"trade_id": 849612344, "side": "sell", "size": "0.00018813", "price": "117854.02000000", "time": "2025-07-15T14:19:30.296101Z", "fetched_at": "2025-07-15T14:20:22.002106+00:00", "symbol": "BTC-USD"}, {"trade_id": 849612343, "side": "sell", "size": "0.00001442", "price": "117854.02000000", "time": "2025-07-15T14:19:30.246471Z", "fetched_at": "2025-07-15T14:20:22.002106+00:00", "symbol": "BTC-USD"}, {"trade_id": 849612342, "side": "buy", "size": "0.00001467", "price": "117854.01000000", "time": "2025-07-15T14:19:30.123754Z", "fetched_at": "2025-07-15T14:20:22.002106+00:00", "symbol": "BTC-USD"}, {"trade_id": 849612341, "side": "buy", "size": "0.07874653", "price": "117834.48000000", "time": "2025-07-15T14:19:29.289484Z", "fetched_at": "2025-07-15T14:20:22.002106+00:00", "symbol": "BTC-USD"}, {"trade_id": 849612340, "side": "buy", "size": "0.00001000", "price": "117837.20000000", "time": "2025-07-15T14:19:29.289484Z", "fetched_at": "2025-07-15T14:20:22.002106+00:00", "symbol": "BTC-USD"}, {"trade_id": 849612339, "side": "buy", "size": "0.00020044", "price": "117837.56000000", "time": "2025-07-15T14:19:29.289484Z", "fetched_at": "2025-07-15T14:20:22.002106+00:00", "symbol": "BTC-USD"}, {"trade_id": 849612338, "side": "buy", "size": "0.00179399", "price": "117837.56000000", "time": "2025-07-15T14:19:29.289484Z", "fetched_at": "2025-07-15T14:20:22.002106+00:00", "symbol": "BTC-USD"}, {"trade_id": 849612337, "side": "buy", "size": "0.00538122", "price": "117837.56000000", "time": "2025-07-15T14:19:29.289484Z", "fetched_at": "2025-07-15T14:20:22.002106+00:00", "symbol": "BTC-USD"}, {"trade_id": 849612336, "side": "buy", "size": "0.00033037", "price": "117837.56000000", "time": "2025-07-15T14:19:29.289484Z", "fetched_at": "2025-07-15T14:20:22.002106+00:00", "symbol": "BTC-USD"}, {"trade_id": 849612335, "side": "buy", "size": "0.00059909", "price": "117844.97000000", "time": "2025-07-15T14:19:29.289484Z", "fetched_at": "2025-07-15T14:20:22.002106+00:00", "symbol": "BTC-USD"}, {"trade_id": 849612334, "side": "buy", "size": "0.07888151", "price": "117844.97000000", "time": "2025-07-15T14:19:29.289484Z", "fetched_at": "2025-07-15T14:20:22.002106+00:00", "symbol": "BTC-USD"}, {"trade_id": 849612333, "side": "buy", "size": "0.01000000", "price": "117844.98000000", "time": "2025-07-15T14:19:29.289484Z", "fetched_at": "2025-07-15T14:20:22.002106+00:00", "symbol": "BTC-USD"}, {"trade_id": 849612332, "side": "buy", "size": "0.03105521", "price": "117845.01000000", "time": "2025-07-15T14:19:29.289484Z", "fetched_at": "2025-07-15T14:20:22.002106+00:00", "symbol": "BTC-USD"}, {"trade_id": 849612331, "side": "buy", "size": "0.00000095", "price": "117846.00000000", "time": "2025-07-15T14:19:29.289484Z", "fetched_at": "2025-07-15T14:20:22.002106+00:00", "symbol": "BTC-USD"}, {"trade_id": 849612330, "side": "buy", "size": "0.06352073", "price": "117846.11000000", "time": "2025-07-15T14:19:29.289484Z", "fetched_at": "2025-07-15T14:20:22.002106+00:00", "symbol": "BTC-USD"}, {"trade_id": 849612329, "side": "buy", "size": "0.00848520", "price": "117852.24000000", "time": "2025-07-15T14:19:29.289484Z", "fetched_at": "2025-07-15T14:20:22.002106+00:00", "symbol": "BTC-USD"}, {"trade_id": 849612328, "side": "buy", "size": "0.04093576", "price": "117852.29000000", "time": "2025-07-15T14:19:29.289484Z", "fetched_at": "2025-07-15T14:20:22.002106+00:00", "symbol": "BTC-USD"}, {"trade_id": 849612327, "side": "buy", "size": "0.00848509", "price": "117853.73000000", "time": "2025-07-15T14:19:29.289484Z", "fetched_at": "2025-07-15T14:20:22.002106+00:00", "symbol": "BTC-USD"}, {"trade_id": 849612326, "side": "buy", "size": "0.00002195", "price": "117854.01000000", "time": "2025-07-15T14:19:29.289484Z", "fetched_at": "2025-07-15T14:20:22.002106+00:00", "symbol": "BTC-USD"}, {"trade_id": 849612325, "side": "buy", "size": "0.02431062", "price": "117854.01000000", "time": "2025-07-15T14:19:29.289484Z", "fetched_at": "2025-07-15T14:20:22.002106+00:00", "symbol": "BTC-USD"}, {"trade_id": 849612324, "side": "buy", "size": "0.00004517", "price": "117854.01000000", "time": "2025-07-15T14:19:29.289484Z", "fetched_at": "2025-07-15T14:20:22.002106+00:00", "symbol": "BTC-USD"}, {"trade_id": 849612323, "side": "buy", "size": "0.02429580", "price": "117854.01000000", "time": "2025-07-15T14:19:29.289484Z", "fetched_at": "2025-07-15T14:20:22.002106+00:00", "symbol": "BTC-USD"}, {"trade_id": 849612322, "side": "buy", "size": "0.09836092", "price": "117854.01000000", "time": "2025-07-15T14:19:29.289484Z", "fetched_at": "2025-07-15T14:20:22.002106+00:00", "symbol": "BTC-USD"}, {"trade_id": 849612321, "side": "buy", "size": "0.00657000", "price": "117854.01000000", "time": "2025-07-15T14:19:29.289484Z", "fetched_at": "2025-07-15T14:20:22.002106+00:00", "symbol": "BTC-USD"}, {"trade_id": 849612320, "side": "buy", "size": "0.00240884", "price": "117854.01000000", "time": "2025-07-15T14:19:29.289484Z", "fetched_at": "2025-07-15T14:20:22.002106+00:00", "symbol": "BTC-USD"}, {"trade_id": 849612319, "side": "sell", "size": "0.00041208", "price": "117854.02000000", "time": "2025-07-15T14:19:29.273551Z", "fetched_at": "2025-07-15T14:20:22.002106+00:00", "symbol": "BTC-USD"}, {"trade_id": 849612318, "side": "sell", "size": "0.00424253", "price": "117854.02000000", "time": "2025-07-15T14:19:29.250129Z", "fetched_at": "2025-07-15T14:20:22.002106+00:00", "symbol": "BTC-USD"}, {"trade_id": 849612317, "side": "sell", "size": "0.00000806", "price": "117854.02000000", "time": "2025-07-15T14:19:29.026463Z", "fetched_at": "2025-07-15T14:20:22.002106+00:00", "symbol": "BTC-USD"}, {"trade_id": 849612316, "side": "sell", "size": "0.00300291", "price": "117854.02000000", "time": "2025-07-15T14:19:28.816024Z", "fetched_at": "2025-07-15T14:20:22.002106+00:00", "symbol": "BTC-USD"}, {"trade_id": 849612315, "side": "sell", "size": "0.00274556", "price": "117854.02000000", "time": "2025-07-15T14:19:28.807328Z", "fetched_at": "2025-07-15T14:20:22.002106+00:00", "symbol": "BTC-USD"}, {"trade_id": 849612314, "side": "sell", "size": "0.00945198", "price": "117854.02000000", "time": "2025-07-15T14:19:28.782885Z", "fetched_at": "2025-07-15T14:20:22.002106+00:00", "symbol": "BTC-USD"}, {"trade_id": 849612313, "side": "sell", "size": "0.14209967", "price": "117854.02000000", "time": "2025-07-15T14:19:28.778688Z", "fetched_at": "2025-07-15T14:20:22.002106+00:00", "symbol": "BTC-USD"}, {"trade_id": 849612312, "side": "sell", "size": "0.00848507", "price": "117854.02000000", "time": "2025-07-15T14:19:28.663938Z", "fetched_at": "2025-07-15T14:20:22.002106+00:00", "symbol": "BTC-USD"}, {"trade_id": 849612311, "side": "buy", "size": "0.00038556", "price": "117854.01000000", "time": "2025-07-15T14:19:28.594916Z", "fetched_at": "2025-07-15T14:20:22.002106+00:00", "symbol": "BTC-USD"}, {"trade_id": 849612310, "side": "sell", "size": "0.01694653", "price": "117854.02000000", "time": "2025-07-15T14:19:28.554089Z", "fetched_at": "2025-07-15T14:20:22.002106+00:00", "symbol": "BTC-USD"}, {"trade_id": 849612309, "side": "sell", "size": "0.00000059", "price": "117846.00000000", "time": "2025-07-15T14:19:27.446269Z", "fetched_at": "2025-07-15T14:20:22.002106+00:00", "symbol": "BTC-USD"}, {"trade_id": 849612308, "side": "sell", "size": "0.00020255", "price": "117845.78000000", "time": "2025-07-15T14:19:27.446269Z", "fetched_at": "2025-07-15T14:20:22.002106+00:00", "symbol": "BTC-USD"}, {"trade_id": 849612307, "side": "sell", "size": "0.00000247", "price": "117845.78000000", "time": "2025-07-15T14:19:27.446269Z", "fetched_at": "2025-07-15T14:20:22.002106+00:00", "symbol": "BTC-USD"}, {"trade_id": 849612306, "side": "sell", "size": "0.00001431", "price": "117845.78000000", "time": "2025-07-15T14:19:27.446269Z", "fetched_at": "2025-07-15T14:20:22.002106+00:00", "symbol": "BTC-USD"}, {"trade_id": 849612305, "side": "sell", "size": "0.23732157", "price": "117845.75000000", "time": "2025-07-15T14:19:27.428392Z", "fetched_at": "2025-07-15T14:20:22.002106+00:00", "symbol": "BTC-USD"}, {"trade_id": 849612304, "side": "sell", "size": "0.01680930", "price": "117845.75000000", "time": "2025-07-15T14:19:27.420244Z", "fetched_at": "2025-07-15T14:20:22.002106+00:00", "symbol": "BTC-USD"}, {"trade_id": 849612303, "side": "sell", "size": "0.05744770", "price": "117845.75000000", "time": "2025-07-15T14:19:27.418911Z", "fetched_at": "2025-07-15T14:20:22.002106+00:00", "symbol": "BTC-USD"}, {"trade_id": 849612302, "side": "sell", "size": "0.00002139", "price": "117844.98000000", "time": "2025-07-15T14:19:27.418911Z", "fetched_at": "2025-07-15T14:20:22.002106+00:00", "symbol": "BTC-USD"}, {"trade_id": 849612301, "side": "sell", "size": "0.00249472", "price": "117844.98000000", "time": "2025-07-15T14:19:27.200276Z", "fetched_at": "2025-07-15T14:20:22.002106+00:00", "symbol": "BTC-USD"}, {"trade_id": 849612300, "side": "sell", "size": "0.00001931", "price": "117844.98000000", "time": "2025-07-15T14:19:27.200276Z", "fetched_at": "2025-07-15T14:20:22.002106+00:00", "symbol": "BTC-USD"}, {"trade_id": 849612299, "side": "sell", "size": "0.00033445", "price": "117837.57000000", "time": "2025-07-15T14:19:26.791495Z", "fetched_at": "2025-07-15T14:20:22.002106+00:00", "symbol": "BTC-USD"}, {"trade_id": 849612298, "side": "sell", "size": "0.00000664", "price": "117837.57000000", "time": "2025-07-15T14:19:26.791495Z", "fetched_at": "2025-07-15T14:20:22.002106+00:00", "symbol": "BTC-USD"}, {"trade_id": 849612297, "side": "sell", "size": "0.00001647", "price": "117837.57000000", "time": "2025-07-15T14:19:26.791495Z", "fetched_at": "2025-07-15T14:20:22.002106+00:00", "symbol": "BTC-USD"}, {"trade_id": 849612296, "side": "sell", "size": "0.00000449", "price": "117837.57000000", "time": "2025-07-15T14:19:26.791495Z", "fetched_at": "2025-07-15T14:20:22.002106+00:00", "symbol": "BTC-USD"}, {"trade_id": 849612295, "side": "buy", "size": "0.00026740", "price": "117837.56000000", "time": "2025-07-15T14:19:26.512296Z", "fetched_at": "2025-07-15T14:20:22.002106+00:00", "symbol": "BTC-USD"}, {"trade_id": 849612294, "side": "buy", "size": "0.00068532", "price": "117837.56000000", "time": "2025-07-15T14:19:26.512296Z", "fetched_at": "2025-07-15T14:20:22.002106+00:00", "symbol": "BTC-USD"}, {"trade_id": 849612293, "side": "sell", "size": "0.00000029", "price": "117837.57000000", "time": "2025-07-15T14:19:26.505725Z", "fetched_at": "2025-07-15T14:20:22.002106+00:00", "symbol": "BTC-USD"}, {"trade_id": 849612292, "side": "buy", "size": "0.00020082", "price": "117837.56000000", "time": "2025-07-15T14:19:26.011155Z", "fetched_at": "2025-07-15T14:20:22.002106+00:00", "symbol": "BTC-USD"}, {"trade_id": 849612291, "side": "sell", "size": "0.00000029", "price": "117837.57000000", "time": "2025-07-15T14:19:25.786131Z", "fetched_at": "2025-07-15T14:20:22.002106+00:00", "symbol": "BTC-USD"}, {"trade_id": 849612290, "side": "sell", "size": "0.00639969", "price": "117846.03000000", "time": "2025-07-15T14:19:25.180083Z", "fetched_at": "2025-07-15T14:20:22.002106+00:00", "symbol": "BTC-USD"}, {"trade_id": 849612289, "side": "sell", "size": "0.00848586", "price": "117843.06000000", "time": "2025-07-15T14:19:25.180083Z", "fetched_at": "2025-07-15T14:20:22.002106+00:00", "symbol": "BTC-USD"}, {"trade_id": 849612288, "side": "sell", "size": "0.00193000", "price": "117837.57000000", "time": "2025-07-15T14:19:25.180083Z", "fetched_at": "2025-07-15T14:20:22.002106+00:00", "symbol": "BTC-USD"}, {"trade_id": 849612287, "side": "sell", "size": "0.01200000", "price": "117837.57000000", "time": "2025-07-15T14:19:25.180083Z", "fetched_at": "2025-07-15T14:20:22.002106+00:00", "symbol": "BTC-USD"}, {"trade_id": 849612286, "side": "sell", "size": "0.00002917", "price": "117837.57000000", "time": "2025-07-15T14:19:25.180083Z", "fetched_at": "2025-07-15T14:20:22.002106+00:00", "symbol": "BTC-USD"}, {"trade_id": 849612285, "side": "sell", "size": "0.00000664", "price": "117837.57000000", "time": "2025-07-15T14:19:25.180083Z", "fetched_at": "2025-07-15T14:20:22.002106+00:00", "symbol": "BTC-USD"}, {"trade_id": 849612284, "side": "sell", "size": "0.00000212", "price": "117837.57000000", "time": "2025-07-15T14:19:25.180083Z", "fetched_at": "2025-07-15T14:20:22.002106+00:00", "symbol": "BTC-USD"}, {"trade_id": 849612283, "side": "buy", "size": "0.00000280", "price": "117846.04000000", "time": "2025-07-15T14:19:24.934866Z", "fetched_at": "2025-07-15T14:20:22.002106+00:00", "symbol": "BTC-USD"}, {"trade_id": 849612282, "side": "buy", "size": "0.00000178", "price": "117846.04000000", "time": "2025-07-15T14:19:24.934866Z", "fetched_at": "2025-07-15T14:20:22.002106+00:00", "symbol": "BTC-USD"}, {"trade_id": 849612281, "side": "buy", "size": "0.00001000", "price": "117846.04000000", "time": "2025-07-15T14:19:24.934866Z", "fetched_at": "2025-07-15T14:20:22.002106+00:00", "symbol": "BTC-USD"}, {"trade_id": 849612280, "side": "sell", "size": "0.00397083", "price": "117846.05000000", "time": "2025-07-15T14:19:24.474213Z", "fetched_at": "2025-07-15T14:20:22.002106+00:00", "symbol": "BTC-USD"}, {"trade_id": 849612279, "side": "sell", "size": "0.00002917", "price": "117846.05000000", "time": "2025-07-15T14:19:24.474213Z", "fetched_at": "2025-07-15T14:20:22.002106+00:00", "symbol": "BTC-USD"}, {"trade_id": 849612278, "side": "buy", "size": "0.00021128", "price": "117850.00000000", "time": "2025-07-15T14:19:23.904698Z", "fetched_at": "2025-07-15T14:20:22.002106+00:00", "symbol": "BTC-USD"}, {"trade_id": 849612277, "side": "buy", "size": "0.00000347", "price": "117851.16000000", "time": "2025-07-15T14:19:23.876692Z", "fetched_at": "2025-07-15T14:20:22.002106+00:00", "symbol": "BTC-USD"}, {"trade_id": 849612276, "side": "buy", "size": "0.09816339", "price": "117851.16000000", "time": "2025-07-15T14:19:23.876692Z", "fetched_at": "2025-07-15T14:20:22.002106+00:00", "symbol": "BTC-USD"}, {"trade_id": 849612275, "side": "buy", "size": "0.00000195", "price": "117851.16000000", "time": "2025-07-15T14:19:23.876692Z", "fetched_at": "2025-07-15T14:20:22.002106+00:00", "symbol": "BTC-USD"}, {"trade_id": 849612274, "side": "buy", "size": "0.00000076", "price": "117851.16000000", "time": "2025-07-15T14:19:23.876692Z", "fetched_at": "2025-07-15T14:20:22.002106+00:00", "symbol": "BTC-USD"}, {"trade_id": 849612273, "side": "buy", "size": "0.00006781", "price": "117851.16000000", "time": "2025-07-15T14:19:23.876692Z", "fetched_at": "2025-07-15T14:20:22.002106+00:00", "symbol": "BTC-USD"}, {"trade_id": 849612272, "side": "sell", "size": "0.00000029", "price": "117851.17000000", "time": "2025-07-15T14:19:23.727710Z", "fetched_at": "2025-07-15T14:20:22.002106+00:00", "symbol": "BTC-USD"}, {"trade_id": 849612271, "side": "buy", "size": "0.00001704", "price": "117851.16000000", "time": "2025-07-15T14:19:23.624091Z", "fetched_at": "2025-07-15T14:20:22.002106+00:00", "symbol": "BTC-USD"}, {"trade_id": 849612270, "side": "sell", "size": "0.00090686", "price": "117851.17000000", "time": "2025-07-15T14:19:23.520063Z", "fetched_at": "2025-07-15T14:20:22.002106+00:00", "symbol": "BTC-USD"}, {"trade_id": 849612269, "side": "buy", "size": "0.00848514", "price": "117853.11000000", "time": "2025-07-15T14:19:23.109985Z", "fetched_at": "2025-07-15T14:20:22.002106+00:00", "symbol": "BTC-USD"}, {"trade_id": 849612268, "side": "buy", "size": "0.02923765", "price": "117854.88000000", "time": "2025-07-15T14:19:23.098946Z", "fetched_at": "2025-07-15T14:20:22.002106+00:00", "symbol": "BTC-USD"}, {"trade_id": 849612267, "side": "buy", "size": "0.00294014", "price": "117854.88000000", "time": "2025-07-15T14:19:23.098073Z", "fetched_at": "2025-07-15T14:20:22.002106+00:00", "symbol": "BTC-USD"}, {"trade_id": 849612266, "side": "buy", "size": "0.04965013", "price": "117854.88000000", "time": "2025-07-15T14:19:23.094931Z", "fetched_at": "2025-07-15T14:20:22.002106+00:00", "symbol": "BTC-USD"}, {"trade_id": 849612265, "side": "buy", "size": "0.03803313", "price": "117854.88000000", "time": "2025-07-15T14:19:23.094931Z", "fetched_at": "2025-07-15T14:20:22.002106+00:00", "symbol": "BTC-USD"}, {"trade_id": 849612264, "side": "buy", "size": "0.00000347", "price": "117854.88000000", "time": "2025-07-15T14:19:23.094931Z", "fetched_at": "2025-07-15T14:20:22.002106+00:00", "symbol": "BTC-USD"}, {"trade_id": 849612263, "side": "buy", "size": "0.00000118", "price": "117854.88000000", "time": "2025-07-15T14:19:23.094931Z", "fetched_at": "2025-07-15T14:20:22.002106+00:00", "symbol": "BTC-USD"}, {"trade_id": 849612262, "side": "buy", "size": "0.00001000", "price": "117854.88000000", "time": "2025-07-15T14:19:23.094931Z", "fetched_at": "2025-07-15T14:20:22.002106+00:00", "symbol": "BTC-USD"}, {"trade_id": 849612261, "side": "sell", "size": "0.00848111", "price": "117854.89000000", "time": "2025-07-15T14:19:22.698518Z", "fetched_at": "2025-07-15T14:20:22.002106+00:00", "symbol": "BTC-USD"}, {"trade_id": 849612260, "side": "sell", "size": "0.00041208", "price": "117858.77000000", "time": "2025-07-15T14:19:22.303743Z", "fetched_at": "2025-07-15T14:20:22.002106+00:00", "symbol": "BTC-USD"}, {"trade_id": 849612259, "side": "sell", "size": "0.00008186", "price": "117858.83000000", "time": "2025-07-15T14:19:22.078064Z", "fetched_at": "2025-07-15T14:20:22.002106+00:00", "symbol": "BTC-USD"}, {"trade_id": 849612258, "side": "buy", "size": "0.12607122", "price": "117861.90000000", "time": "2025-07-15T14:19:21.779993Z", "fetched_at": "2025-07-15T14:20:22.002106+00:00", "symbol": "BTC-USD"}, {"trade_id": 849612257, "side": "buy", "size": "0.00848445", "price": "117862.64000000", "time": "2025-07-15T14:19:21.779782Z", "fetched_at": "2025-07-15T14:20:22.002106+00:00", "symbol": "BTC-USD"}, {"trade_id": 849612256, "side": "buy", "size": "0.00008485", "price": "117863.90000000", "time": "2025-07-15T14:19:21.779782Z", "fetched_at": "2025-07-15T14:20:22.002106+00:00", "symbol": "BTC-USD"}, {"trade_id": 849612255, "side": "buy", "size": "0.00001000", "price": "117863.72000000", "time": "2025-07-15T14:19:21.775714Z", "fetched_at": "2025-07-15T14:20:22.002106+00:00", "symbol": "BTC-USD"}, {"trade_id": 849612254, "side": "buy", "size": "0.07220765", "price": "117863.89000000", "time": "2025-07-15T14:19:21.775714Z", "fetched_at": "2025-07-15T14:20:22.002106+00:00", "symbol": "BTC-USD"}, {"trade_id": 849612253, "side": "buy", "size": "0.02779235", "price": "117863.89000000", "time": "2025-07-15T14:19:21.772065Z", "fetched_at": "2025-07-15T14:20:22.002106+00:00", "symbol": "BTC-USD"}, {"trade_id": 849612252, "side": "buy", "size": "0.00008485", "price": "117863.90000000", "time": "2025-07-15T14:19:21.772065Z", "fetched_at": "2025-07-15T14:20:22.002106+00:00", "symbol": "BTC-USD"}, {"trade_id": 849612251, "side": "buy", "size": "0.00001000", "price": "117872.56000000", "time": "2025-07-15T14:19:21.772025Z", "fetched_at": "2025-07-15T14:20:22.002106+00:00", "symbol": "BTC-USD"}, {"trade_id": 849612250, "side": "buy", "size": "0.00607516", "price": "117873.65000000", "time": "2025-07-15T14:19:21.387616Z", "fetched_at": "2025-07-15T14:20:22.002106+00:00", "symbol": "BTC-USD"}, {"trade_id": 849612249, "side": "buy", "size": "0.00008484", "price": "117873.66000000", "time": "2025-07-15T14:19:21.387616Z", "fetched_at": "2025-07-15T14:20:22.002106+00:00", "symbol": "BTC-USD"}, {"trade_id": 849612248, "side": "buy", "size": "0.00169000", "price": "117873.65000000", "time": "2025-07-15T14:19:21.385426Z", "fetched_at": "2025-07-15T14:20:22.002106+00:00", "symbol": "BTC-USD"}, {"trade_id": 849612247, "side": "buy", "size": "0.04992025", "price": "117873.65000000", "time": "2025-07-15T14:19:21.379932Z", "fetched_at": "2025-07-15T14:20:22.002106+00:00", "symbol": "BTC-USD"}, {"trade_id": 849612246, "side": "buy", "size": "0.00647302", "price": "117873.65000000", "time": "2025-07-15T14:19:21.379821Z", "fetched_at": "2025-07-15T14:20:22.002106+00:00", "symbol": "BTC-USD"}, {"trade_id": 849612245, "side": "buy", "size": "0.00000030", "price": "117873.75000000", "time": "2025-07-15T14:19:21.379821Z", "fetched_at": "2025-07-15T14:20:22.002106+00:00", "symbol": "BTC-USD"}, {"trade_id": 849612244, "side": "buy", "size": "0.00000089", "price": "117873.75000000", "time": "2025-07-15T14:19:21.379821Z", "fetched_at": "2025-07-15T14:20:22.002106+00:00", "symbol": "BTC-USD"}, {"trade_id": 849612243, "side": "buy", "size": "0.00000432", "price": "117875.61000000", "time": "2025-07-15T14:19:21.379821Z", "fetched_at": "2025-07-15T14:20:22.002106+00:00", "symbol": "BTC-USD"}, {"trade_id": 849612242, "side": "buy", "size": "0.00847886", "price": "117875.61000000", "time": "2025-07-15T14:19:21.379821Z", "fetched_at": "2025-07-15T14:20:22.002106+00:00", "symbol": "BTC-USD"}, {"trade_id": 849612241, "side": "buy", "size": "0.00848339", "price": "117877.37000000", "time": "2025-07-15T14:19:21.379801Z", "fetched_at": "2025-07-15T14:20:22.002106+00:00", "symbol": "BTC-USD"}, {"trade_id": 849612240, "side": "buy", "size": "0.00337577", "price": "117879.14000000", "time": "2025-07-15T14:19:21.379801Z", "fetched_at": "2025-07-15T14:20:22.002106+00:00", "symbol": "BTC-USD"}, {"trade_id": 849612239, "side": "buy", "size": "0.04175494", "price": "117879.14000000", "time": "2025-07-15T14:19:21.376921Z", "fetched_at": "2025-07-15T14:20:22.002106+00:00", "symbol": "BTC-USD"}, {"trade_id": 849612238, "side": "buy", "size": "0.03396420", "price": "117879.14000000", "time": "2025-07-15T14:19:21.376593Z", "fetched_at": "2025-07-15T14:20:22.002106+00:00", "symbol": "BTC-USD"}, {"trade_id": 849612237, "side": "buy", "size": "0.00090567", "price": "117879.14000000", "time": "2025-07-15T14:19:21.376593Z", "fetched_at": "2025-07-15T14:20:22.002106+00:00", "symbol": "BTC-USD"}, {"trade_id": 849612236, "side": "buy", "size": "0.00000347", "price": "117879.14000000", "time": "2025-07-15T14:19:21.376593Z", "fetched_at": "2025-07-15T14:20:22.002106+00:00", "symbol": "BTC-USD"}, {"trade_id": 849612235, "side": "buy", "size": "0.00271167", "price": "117879.14000000", "time": "2025-07-15T14:19:21.376593Z", "fetched_at": "2025-07-15T14:20:22.002106+00:00", "symbol": "BTC-USD"}, {"trade_id": 849612234, "side": "buy", "size": "0.00000118", "price": "117879.14000000", "time": "2025-07-15T14:19:21.376593Z", "fetched_at": "2025-07-15T14:20:22.002106+00:00", "symbol": "BTC-USD"}, {"trade_id": 849612233, "side": "buy", "size": "0.04785664", "price": "117879.14000000", "time": "2025-07-15T14:19:21.376593Z", "fetched_at": "2025-07-15T14:20:22.002106+00:00", "symbol": "BTC-USD"}, {"trade_id": 849612232, "side": "buy", "size": "0.04983934", "price": "117879.14000000", "time": "2025-07-15T14:19:21.376593Z", "fetched_at": "2025-07-15T14:20:22.002106+00:00", "symbol": "BTC-USD"}, {"trade_id": 849612231, "side": "buy", "size": "0.00961361", "price": "117879.14000000", "time": "2025-07-15T14:19:21.376581Z", "fetched_at": "2025-07-15T14:20:22.002106+00:00", "symbol": "BTC-USD"}, {"trade_id": 849612230, "side": "buy", "size": "0.01631486", "price": "117879.14000000", "time": "2025-07-15T14:19:21.374490Z", "fetched_at": "2025-07-15T14:20:22.002106+00:00", "symbol": "BTC-USD"}, {"trade_id": 849612229, "side": "buy", "size": "0.03222461", "price": "117879.14000000", "time": "2025-07-15T14:19:21.371916Z", "fetched_at": "2025-07-15T14:20:22.002106+00:00", "symbol": "BTC-USD"}, {"trade_id": 849612228, "side": "sell", "size": "0.00041208", "price": "117879.15000000", "time": "2025-07-15T14:19:21.205541Z", "fetched_at": "2025-07-15T14:20:22.002106+00:00", "symbol": "BTC-USD"}, {"trade_id": 849612227, "side": "sell", "size": "0.00128648", "price": "117879.15000000", "time": "2025-07-15T14:19:21.113965Z", "fetched_at": "2025-07-15T14:20:22.002106+00:00", "symbol": "BTC-USD"}, {"trade_id": 849612226, "side": "sell", "size": "0.00201108", "price": "117879.15000000", "time": "2025-07-15T14:19:21.104709Z", "fetched_at": "2025-07-15T14:20:22.002106+00:00", "symbol": "BTC-USD"}, {"trade_id": 849612225, "side": "sell", "size": "0.00083961", "price": "117879.15000000", "time": "2025-07-15T14:19:20.722713Z", "fetched_at": "2025-07-15T14:20:22.002106+00:00", "symbol": "BTC-USD"}, {"trade_id": 849612224, "side": "sell", "size": "0.00052000", "price": "117879.15000000", "time": "2025-07-15T14:19:20.350345Z", "fetched_at": "2025-07-15T14:20:22.002106+00:00", "symbol": "BTC-USD"}, {"trade_id": 849612223, "side": "buy", "size": "0.00011982", "price": "117879.14000000", "time": "2025-07-15T14:19:19.803969Z", "fetched_at": "2025-07-15T14:20:22.002106+00:00", "symbol": "BTC-USD"}, {"trade_id": 849612222, "side": "sell", "size": "0.00040217", "price": "117879.15000000", "time": "2025-07-15T14:19:19.786126Z", "fetched_at": "2025-07-15T14:20:22.002106+00:00", "symbol": "BTC-USD"}, {"trade_id": 849612221, "side": "sell", "size": "0.00016087", "price": "117879.15000000", "time": "2025-07-15T14:19:19.540660Z", "fetched_at": "2025-07-15T14:20:22.002106+00:00", "symbol": "BTC-USD"}, {"trade_id": 849612220, "side": "sell", "size": "0.00419047", "price": "117879.15000000", "time": "2025-07-15T14:19:19.149391Z", "fetched_at": "2025-07-15T14:20:22.002106+00:00", "symbol": "BTC-USD"}, {"trade_id": 849612219, "side": "sell", "size": "0.00412074", "price": "117879.15000000", "time": "2025-07-15T14:19:19.132398Z", "fetched_at": "2025-07-15T14:20:22.002106+00:00", "symbol": "BTC-USD"}, {"trade_id": 849612218, "side": "sell", "size": "0.00024130", "price": "117879.15000000", "time": "2025-07-15T14:19:19.104725Z", "fetched_at": "2025-07-15T14:20:22.002106+00:00", "symbol": "BTC-USD"}, {"trade_id": 849612217, "side": "sell", "size": "0.00041209", "price": "117879.15000000", "time": "2025-07-15T14:19:18.977036Z", "fetched_at": "2025-07-15T14:20:22.002106+00:00", "symbol": "BTC-USD"}, {"trade_id": 849612216, "side": "sell", "size": "0.00020109", "price": "117879.15000000", "time": "2025-07-15T14:19:18.833915Z", "fetched_at": "2025-07-15T14:20:22.002106+00:00", "symbol": "BTC-USD"}, {"trade_id": 849612215, "side": "sell", "size": "0.00209902", "price": "117879.15000000", "time": "2025-07-15T14:19:18.260485Z", "fetched_at": "2025-07-15T14:20:22.002106+00:00", "symbol": "BTC-USD"}, {"trade_id": 849612214, "side": "sell", "size": "0.00227000", "price": "117879.15000000", "time": "2025-07-15T14:19:18.180912Z", "fetched_at": "2025-07-15T14:20:22.002106+00:00", "symbol": "BTC-USD"}, {"trade_id": 849612213, "side": "sell", "size": "0.00394452", "price": "117879.15000000", "time": "2025-07-15T14:19:18.171408Z", "fetched_at": "2025-07-15T14:20:22.002106+00:00", "symbol": "BTC-USD"}, {"trade_id": 849612212, "side": "sell", "size": "0.01075966", "price": "117879.15000000", "time": "2025-07-15T14:19:17.862244Z", "fetched_at": "2025-07-15T14:20:22.002106+00:00", "symbol": "BTC-USD"}, {"trade_id": 849612211, "side": "sell", "size": "0.00004828", "price": "117879.15000000", "time": "2025-07-15T14:19:17.004465Z", "fetched_at": "2025-07-15T14:20:22.002106+00:00", "symbol": "BTC-USD"}, {"trade_id": 849612210, "side": "sell", "size": "0.00824159", "price": "117879.15000000", "time": "2025-07-15T14:19:16.685082Z", "fetched_at": "2025-07-15T14:20:22.002106+00:00", "symbol": "BTC-USD"}