[{"trade_id": 849569042, "side": "sell", "size": "0.00261948", "price": "117704.90000000", "time": "2025-07-15T13:30:04.951576Z", "fetched_at": "2025-07-15T13:30:09.055393+00:00", "symbol": "BTC-USD"}, {"trade_id": 849569041, "side": "sell", "size": "0.00790627", "price": "117704.64000000", "time": "2025-07-15T13:30:04.949007Z", "fetched_at": "2025-07-15T13:30:09.055393+00:00", "symbol": "BTC-USD"}, {"trade_id": 849569040, "side": "sell", "size": "0.01128742", "price": "117704.64000000", "time": "2025-07-15T13:30:04.943009Z", "fetched_at": "2025-07-15T13:30:09.055393+00:00", "symbol": "BTC-USD"}, {"trade_id": 849569039, "side": "sell", "size": "0.00633197", "price": "117704.89000000", "time": "2025-07-15T13:30:04.939923Z", "fetched_at": "2025-07-15T13:30:09.055393+00:00", "symbol": "BTC-USD"}, {"trade_id": 849569038, "side": "buy", "size": "0.00041000", "price": "117696.45000000", "time": "2025-07-15T13:30:04.932375Z", "fetched_at": "2025-07-15T13:30:09.055393+00:00", "symbol": "BTC-USD"}, {"trade_id": 849569037, "side": "sell", "size": "0.00008204", "price": "117704.91000000", "time": "2025-07-15T13:30:04.820544Z", "fetched_at": "2025-07-15T13:30:09.055393+00:00", "symbol": "BTC-USD"}, {"trade_id": 849569036, "side": "sell", "size": "0.00000664", "price": "117685.74000000", "time": "2025-07-15T13:30:04.775399Z", "fetched_at": "2025-07-15T13:30:09.055393+00:00", "symbol": "BTC-USD"}, {"trade_id": 849569035, "side": "sell", "size": "0.00020257", "price": "117685.74000000", "time": "2025-07-15T13:30:04.775399Z", "fetched_at": "2025-07-15T13:30:09.055393+00:00", "symbol": "BTC-USD"}, {"trade_id": 849569034, "side": "sell", "size": "0.87657348", "price": "117685.74000000", "time": "2025-07-15T13:30:04.775399Z", "fetched_at": "2025-07-15T13:30:09.055393+00:00", "symbol": "BTC-USD"}, {"trade_id": 849569033, "side": "sell", "size": "0.01057104", "price": "117685.74000000", "time": "2025-07-15T13:30:04.634622Z", "fetched_at": "2025-07-15T13:30:09.055393+00:00", "symbol": "BTC-USD"}, {"trade_id": 849569032, "side": "sell", "size": "0.00146770", "price": "117685.74000000", "time": "2025-07-15T13:30:04.627278Z", "fetched_at": "2025-07-15T13:30:09.055393+00:00", "symbol": "BTC-USD"}, {"trade_id": 849569031, "side": "sell", "size": "0.00910334", "price": "117685.73000000", "time": "2025-07-15T13:30:04.627278Z", "fetched_at": "2025-07-15T13:30:09.055393+00:00", "symbol": "BTC-USD"}, {"trade_id": 849569030, "side": "sell", "size": "0.00523897", "price": "117682.50000000", "time": "2025-07-15T13:30:04.337513Z", "fetched_at": "2025-07-15T13:30:09.055393+00:00", "symbol": "BTC-USD"}, {"trade_id": 849569029, "side": "sell", "size": "0.02578744", "price": "117682.51000000", "time": "2025-07-15T13:30:04.335079Z", "fetched_at": "2025-07-15T13:30:09.055393+00:00", "symbol": "BTC-USD"}, {"trade_id": 849569028, "side": "sell", "size": "0.00421256", "price": "117682.51000000", "time": "2025-07-15T13:30:04.330847Z", "fetched_at": "2025-07-15T13:30:09.055393+00:00", "symbol": "BTC-USD"}, {"trade_id": 849569027, "side": "sell", "size": "0.00041303", "price": "117681.88000000", "time": "2025-07-15T13:30:04.260498Z", "fetched_at": "2025-07-15T13:30:09.055393+00:00", "symbol": "BTC-USD"}, {"trade_id": 849569026, "side": "buy", "size": "0.01709297", "price": "117668.84000000", "time": "2025-07-15T13:30:04.229622Z", "fetched_at": "2025-07-15T13:30:09.055393+00:00", "symbol": "BTC-USD"}, {"trade_id": 849569025, "side": "buy", "size": "0.00007735", "price": "117668.85000000", "time": "2025-07-15T13:30:04.229622Z", "fetched_at": "2025-07-15T13:30:09.055393+00:00", "symbol": "BTC-USD"}, {"trade_id": 849569024, "side": "sell", "size": "0.00020651", "price": "117685.18000000", "time": "2025-07-15T13:30:04.144371Z", "fetched_at": "2025-07-15T13:30:09.055393+00:00", "symbol": "BTC-USD"}, {"trade_id": 849569023, "side": "sell", "size": "0.00122848", "price": "117675.64000000", "time": "2025-07-15T13:30:03.960582Z", "fetched_at": "2025-07-15T13:30:09.055393+00:00", "symbol": "BTC-USD"}, {"trade_id": 849569022, "side": "sell", "size": "0.00572244", "price": "117675.64000000", "time": "2025-07-15T13:30:03.956723Z", "fetched_at": "2025-07-15T13:30:09.055393+00:00", "symbol": "BTC-USD"}, {"trade_id": 849569021, "side": "sell", "size": "0.04604942", "price": "117675.64000000", "time": "2025-07-15T13:30:03.953305Z", "fetched_at": "2025-07-15T13:30:09.055393+00:00", "symbol": "BTC-USD"}, {"trade_id": 849569020, "side": "sell", "size": "0.00372918", "price": "117675.64000000", "time": "2025-07-15T13:30:03.950179Z", "fetched_at": "2025-07-15T13:30:09.055393+00:00", "symbol": "BTC-USD"}, {"trade_id": 849569019, "side": "sell", "size": "0.01047793", "price": "117675.61000000", "time": "2025-07-15T13:30:03.950179Z", "fetched_at": "2025-07-15T13:30:09.055393+00:00", "symbol": "BTC-USD"}, {"trade_id": 849569018, "side": "sell", "size": "0.00100000", "price": "117675.63000000", "time": "2025-07-15T13:30:03.803053Z", "fetched_at": "2025-07-15T13:30:09.055393+00:00", "symbol": "BTC-USD"}, {"trade_id": 849569017, "side": "sell", "size": "0.00963155", "price": "117675.64000000", "time": "2025-07-15T13:30:03.786652Z", "fetched_at": "2025-07-15T13:30:09.055393+00:00", "symbol": "BTC-USD"}, {"trade_id": 849569016, "side": "sell", "size": "0.01679710", "price": "117672.00000000", "time": "2025-07-15T13:30:03.777530Z", "fetched_at": "2025-07-15T13:30:09.055393+00:00", "symbol": "BTC-USD"}, {"trade_id": 849569015, "side": "sell", "size": "0.01336475", "price": "117671.74000000", "time": "2025-07-15T13:30:03.773785Z", "fetched_at": "2025-07-15T13:30:09.055393+00:00", "symbol": "BTC-USD"}, {"trade_id": 849569014, "side": "sell", "size": "0.00562975", "price": "117671.74000000", "time": "2025-07-15T13:30:03.769652Z", "fetched_at": "2025-07-15T13:30:09.055393+00:00", "symbol": "BTC-USD"}, {"trade_id": 849569013, "side": "sell", "size": "0.00278521", "price": "117671.74000000", "time": "2025-07-15T13:30:03.765885Z", "fetched_at": "2025-07-15T13:30:09.055393+00:00", "symbol": "BTC-USD"}, {"trade_id": 849569012, "side": "sell", "size": "0.00436213", "price": "117671.75000000", "time": "2025-07-15T13:30:03.762657Z", "fetched_at": "2025-07-15T13:30:09.055393+00:00", "symbol": "BTC-USD"}, {"trade_id": 849569011, "side": "sell", "size": "0.01639248", "price": "117669.05000000", "time": "2025-07-15T13:30:03.737162Z", "fetched_at": "2025-07-15T13:30:09.055393+00:00", "symbol": "BTC-USD"}, {"trade_id": 849569010, "side": "sell", "size": "0.01639248", "price": "117669.05000000", "time": "2025-07-15T13:30:03.734041Z", "fetched_at": "2025-07-15T13:30:09.055393+00:00", "symbol": "BTC-USD"}, {"trade_id": 849569009, "side": "sell", "size": "0.01639248", "price": "117669.05000000", "time": "2025-07-15T13:30:03.730211Z", "fetched_at": "2025-07-15T13:30:09.055393+00:00", "symbol": "BTC-USD"}, {"trade_id": 849569008, "side": "sell", "size": "0.00746713", "price": "117669.05000000", "time": "2025-07-15T13:30:03.725908Z", "fetched_at": "2025-07-15T13:30:09.055393+00:00", "symbol": "BTC-USD"}, {"trade_id": 849569007, "side": "sell", "size": "0.01639248", "price": "117669.05000000", "time": "2025-07-15T13:30:03.721915Z", "fetched_at": "2025-07-15T13:30:09.055393+00:00", "symbol": "BTC-USD"}, {"trade_id": 849569006, "side": "sell", "size": "0.01639248", "price": "117669.05000000", "time": "2025-07-15T13:30:03.717964Z", "fetched_at": "2025-07-15T13:30:09.055393+00:00", "symbol": "BTC-USD"}, {"trade_id": 849569005, "side": "sell", "size": "0.01182673", "price": "117669.05000000", "time": "2025-07-15T13:30:03.714902Z", "fetched_at": "2025-07-15T13:30:09.055393+00:00", "symbol": "BTC-USD"}, {"trade_id": 849569004, "side": "sell", "size": "0.00000237", "price": "117665.01000000", "time": "2025-07-15T13:30:03.714902Z", "fetched_at": "2025-07-15T13:30:09.055393+00:00", "symbol": "BTC-USD"}, {"trade_id": 849569003, "side": "sell", "size": "0.00456338", "price": "117664.28000000", "time": "2025-07-15T13:30:03.714902Z", "fetched_at": "2025-07-15T13:30:09.055393+00:00", "symbol": "BTC-USD"}, {"trade_id": 849569002, "side": "sell", "size": "0.01639248", "price": "117664.28000000", "time": "2025-07-15T13:30:03.710738Z", "fetched_at": "2025-07-15T13:30:09.055393+00:00", "symbol": "BTC-USD"}, {"trade_id": 849569001, "side": "sell", "size": "0.00040310", "price": "117664.40000000", "time": "2025-07-15T13:30:03.525234Z", "fetched_at": "2025-07-15T13:30:09.055393+00:00", "symbol": "BTC-USD"}, {"trade_id": 849569000, "side": "buy", "size": "0.02739119", "price": "117623.50000000", "time": "2025-07-15T13:30:03.263810Z", "fetched_at": "2025-07-15T13:30:09.055393+00:00", "symbol": "BTC-USD"}, {"trade_id": 849568999, "side": "buy", "size": "0.02216441", "price": "117624.07000000", "time": "2025-07-15T13:30:03.263810Z", "fetched_at": "2025-07-15T13:30:09.055393+00:00", "symbol": "BTC-USD"}, {"trade_id": 849568998, "side": "buy", "size": "0.13230000", "price": "117625.32000000", "time": "2025-07-15T13:30:03.263810Z", "fetched_at": "2025-07-15T13:30:09.055393+00:00", "symbol": "BTC-USD"}, {"trade_id": 849568997, "side": "buy", "size": "0.03422841", "price": "117628.47000000", "time": "2025-07-15T13:30:03.263810Z", "fetched_at": "2025-07-15T13:30:09.055393+00:00", "symbol": "BTC-USD"}, {"trade_id": 849568996, "side": "buy", "size": "0.02295050", "price": "117628.47000000", "time": "2025-07-15T13:30:03.263810Z", "fetched_at": "2025-07-15T13:30:09.055393+00:00", "symbol": "BTC-USD"}, {"trade_id": 849568995, "side": "buy", "size": "0.02548899", "price": "117629.92000000", "time": "2025-07-15T13:30:03.263810Z", "fetched_at": "2025-07-15T13:30:09.055393+00:00", "symbol": "BTC-USD"}, {"trade_id": 849568994, "side": "buy", "size": "0.01608642", "price": "117631.50000000", "time": "2025-07-15T13:30:03.263810Z", "fetched_at": "2025-07-15T13:30:09.055393+00:00", "symbol": "BTC-USD"}, {"trade_id": 849568993, "side": "buy", "size": "0.01408691", "price": "117631.51000000", "time": "2025-07-15T13:30:03.263810Z", "fetched_at": "2025-07-15T13:30:09.055393+00:00", "symbol": "BTC-USD"}, {"trade_id": 849568992, "side": "buy", "size": "0.00965185", "price": "117631.51000000", "time": "2025-07-15T13:30:03.263810Z", "fetched_at": "2025-07-15T13:30:09.055393+00:00", "symbol": "BTC-USD"}, {"trade_id": 849568991, "side": "buy", "size": "0.06300185", "price": "117631.71000000", "time": "2025-07-15T13:30:03.263810Z", "fetched_at": "2025-07-15T13:30:09.055393+00:00", "symbol": "BTC-USD"}, {"trade_id": 849568990, "side": "buy", "size": "0.03000000", "price": "117637.07000000", "time": "2025-07-15T13:30:03.263810Z", "fetched_at": "2025-07-15T13:30:09.055393+00:00", "symbol": "BTC-USD"}, {"trade_id": 849568989, "side": "buy", "size": "0.03000000", "price": "117637.08000000", "time": "2025-07-15T13:30:03.263810Z", "fetched_at": "2025-07-15T13:30:09.055393+00:00", "symbol": "BTC-USD"}, {"trade_id": 849568988, "side": "buy", "size": "0.03000000", "price": "117637.09000000", "time": "2025-07-15T13:30:03.263810Z", "fetched_at": "2025-07-15T13:30:09.055393+00:00", "symbol": "BTC-USD"}, {"trade_id": 849568987, "side": "buy", "size": "0.00339557", "price": "117637.15000000", "time": "2025-07-15T13:30:03.263810Z", "fetched_at": "2025-07-15T13:30:09.055393+00:00", "symbol": "BTC-USD"}, {"trade_id": 849568986, "side": "buy", "size": "0.03000000", "price": "117637.17000000", "time": "2025-07-15T13:30:03.263810Z", "fetched_at": "2025-07-15T13:30:09.055393+00:00", "symbol": "BTC-USD"}, {"trade_id": 849568985, "side": "buy", "size": "0.00689807", "price": "117637.31000000", "time": "2025-07-15T13:30:03.263810Z", "fetched_at": "2025-07-15T13:30:09.055393+00:00", "symbol": "BTC-USD"}, {"trade_id": 849568984, "side": "buy", "size": "0.02877892", "price": "117637.32000000", "time": "2025-07-15T13:30:03.263810Z", "fetched_at": "2025-07-15T13:30:09.055393+00:00", "symbol": "BTC-USD"}, {"trade_id": 849568983, "side": "buy", "size": "0.03586650", "price": "117637.32000000", "time": "2025-07-15T13:30:03.263810Z", "fetched_at": "2025-07-15T13:30:09.055393+00:00", "symbol": "BTC-USD"}, {"trade_id": 849568982, "side": "buy", "size": "0.11679932", "price": "117637.33000000", "time": "2025-07-15T13:30:03.263810Z", "fetched_at": "2025-07-15T13:30:09.055393+00:00", "symbol": "BTC-USD"}, {"trade_id": 849568981, "side": "buy", "size": "0.01966367", "price": "117637.38000000", "time": "2025-07-15T13:30:03.263810Z", "fetched_at": "2025-07-15T13:30:09.055393+00:00", "symbol": "BTC-USD"}, {"trade_id": 849568980, "side": "buy", "size": "0.00008260", "price": "117653.35000000", "time": "2025-07-15T13:30:03.263810Z", "fetched_at": "2025-07-15T13:30:09.055393+00:00", "symbol": "BTC-USD"}, {"trade_id": 849568979, "side": "buy", "size": "0.13230000", "price": "117653.69000000", "time": "2025-07-15T13:30:03.263810Z", "fetched_at": "2025-07-15T13:30:09.055393+00:00", "symbol": "BTC-USD"}, {"trade_id": 849568978, "side": "sell", "size": "0.00123895", "price": "117670.97000000", "time": "2025-07-15T13:30:03.234589Z", "fetched_at": "2025-07-15T13:30:09.055393+00:00", "symbol": "BTC-USD"}, {"trade_id": 849568977, "side": "sell", "size": "0.00000603", "price": "117670.99000000", "time": "2025-07-15T13:30:03.040842Z", "fetched_at": "2025-07-15T13:30:09.055393+00:00", "symbol": "BTC-USD"}, {"trade_id": 849568976, "side": "sell", "size": "0.00449852", "price": "117655.48000000", "time": "2025-07-15T13:30:03.027530Z", "fetched_at": "2025-07-15T13:30:09.055393+00:00", "symbol": "BTC-USD"}, {"trade_id": 849568975, "side": "sell", "size": "0.03508071", "price": "117655.48000000", "time": "2025-07-15T13:30:03.026150Z", "fetched_at": "2025-07-15T13:30:09.055393+00:00", "symbol": "BTC-USD"}, {"trade_id": 849568974, "side": "sell", "size": "0.00042077", "price": "117655.48000000", "time": "2025-07-15T13:30:02.824877Z", "fetched_at": "2025-07-15T13:30:09.055393+00:00", "symbol": "BTC-USD"}, {"trade_id": 849568973, "side": "sell", "size": "1.06000000", "price": "117655.48000000", "time": "2025-07-15T13:30:02.564721Z", "fetched_at": "2025-07-15T13:30:09.055393+00:00", "symbol": "BTC-USD"}, {"trade_id": 849568972, "side": "sell", "size": "0.00849932", "price": "117656.35000000", "time": "2025-07-15T13:30:02.502714Z", "fetched_at": "2025-07-15T13:30:09.055393+00:00", "symbol": "BTC-USD"}, {"trade_id": 849568971, "side": "sell", "size": "0.01559367", "price": "117656.35000000", "time": "2025-07-15T13:30:02.491967Z", "fetched_at": "2025-07-15T13:30:09.055393+00:00", "symbol": "BTC-USD"}, {"trade_id": 849568970, "side": "sell", "size": "0.00379935", "price": "117656.35000000", "time": "2025-07-15T13:30:02.489494Z", "fetched_at": "2025-07-15T13:30:09.055393+00:00", "symbol": "BTC-USD"}, {"trade_id": 849568969, "side": "sell", "size": "0.00773240", "price": "117656.36000000", "time": "2025-07-15T13:30:02.484355Z", "fetched_at": "2025-07-15T13:30:09.055393+00:00", "symbol": "BTC-USD"}, {"trade_id": 849568968, "side": "sell", "size": "0.00456557", "price": "117656.35000000", "time": "2025-07-15T13:30:02.484355Z", "fetched_at": "2025-07-15T13:30:09.055393+00:00", "symbol": "BTC-USD"}, {"trade_id": 849568967, "side": "sell", "size": "0.00926749", "price": "117656.36000000", "time": "2025-07-15T13:30:02.480861Z", "fetched_at": "2025-07-15T13:30:09.055393+00:00", "symbol": "BTC-USD"}, {"trade_id": 849568966, "side": "sell", "size": "0.04752546", "price": "117656.36000000", "time": "2025-07-15T13:30:02.476868Z", "fetched_at": "2025-07-15T13:30:09.055393+00:00", "symbol": "BTC-USD"}, {"trade_id": 849568965, "side": "sell", "size": "0.00262927", "price": "117652.60000000", "time": "2025-07-15T13:30:02.401553Z", "fetched_at": "2025-07-15T13:30:09.055393+00:00", "symbol": "BTC-USD"}, {"trade_id": 849568964, "side": "sell", "size": "0.00883906", "price": "117652.60000000", "time": "2025-07-15T13:30:02.398315Z", "fetched_at": "2025-07-15T13:30:09.055393+00:00", "symbol": "BTC-USD"}, {"trade_id": 849568963, "side": "sell", "size": "0.00339997", "price": "117652.60000000", "time": "2025-07-15T13:30:02.395356Z", "fetched_at": "2025-07-15T13:30:09.055393+00:00", "symbol": "BTC-USD"}, {"trade_id": 849568962, "side": "sell", "size": "0.02913978", "price": "117652.60000000", "time": "2025-07-15T13:30:02.391262Z", "fetched_at": "2025-07-15T13:30:09.055393+00:00", "symbol": "BTC-USD"}, {"trade_id": 849568961, "side": "sell", "size": "0.01593588", "price": "117652.60000000", "time": "2025-07-15T13:30:02.378034Z", "fetched_at": "2025-07-15T13:30:09.055393+00:00", "symbol": "BTC-USD"}, {"trade_id": 849568960, "side": "sell", "size": "0.00000126", "price": "117649.91000000", "time": "2025-07-15T13:30:02.369853Z", "fetched_at": "2025-07-15T13:30:09.055393+00:00", "symbol": "BTC-USD"}, {"trade_id": 849568959, "side": "sell", "size": "0.00000111", "price": "117649.91000000", "time": "2025-07-15T13:30:02.366422Z", "fetched_at": "2025-07-15T13:30:09.055393+00:00", "symbol": "BTC-USD"}, {"trade_id": 849568958, "side": "sell", "size": "0.00000126", "price": "117649.71000000", "time": "2025-07-15T13:30:02.366422Z", "fetched_at": "2025-07-15T13:30:09.055393+00:00", "symbol": "BTC-USD"}, {"trade_id": 849568957, "side": "sell", "size": "0.00007535", "price": "117649.71000000", "time": "2025-07-15T13:30:02.366422Z", "fetched_at": "2025-07-15T13:30:09.055393+00:00", "symbol": "BTC-USD"}, {"trade_id": 849568956, "side": "sell", "size": "0.00017695", "price": "117649.71000000", "time": "2025-07-15T13:30:02.315302Z", "fetched_at": "2025-07-15T13:30:09.055393+00:00", "symbol": "BTC-USD"}, {"trade_id": 849568955, "side": "sell", "size": "0.00000842", "price": "117649.69000000", "time": "2025-07-15T13:30:02.315302Z", "fetched_at": "2025-07-15T13:30:09.055393+00:00", "symbol": "BTC-USD"}, {"trade_id": 849568954, "side": "sell", "size": "0.00000047", "price": "117649.47000000", "time": "2025-07-15T13:30:02.315302Z", "fetched_at": "2025-07-15T13:30:09.055393+00:00", "symbol": "BTC-USD"}, {"trade_id": 849568953, "side": "sell", "size": "0.00002067", "price": "117648.59000000", "time": "2025-07-15T13:30:02.315302Z", "fetched_at": "2025-07-15T13:30:09.055393+00:00", "symbol": "BTC-USD"}, {"trade_id": 849568952, "side": "sell", "size": "0.03573479", "price": "117648.60000000", "time": "2025-07-15T13:30:02.265042Z", "fetched_at": "2025-07-15T13:30:09.055393+00:00", "symbol": "BTC-USD"}, {"trade_id": 849568951, "side": "sell", "size": "0.01677798", "price": "117648.60000000", "time": "2025-07-15T13:30:02.260833Z", "fetched_at": "2025-07-15T13:30:09.055393+00:00", "symbol": "BTC-USD"}, {"trade_id": 849568950, "side": "sell", "size": "0.00486061", "price": "117648.60000000", "time": "2025-07-15T13:30:02.256937Z", "fetched_at": "2025-07-15T13:30:09.055393+00:00", "symbol": "BTC-USD"}, {"trade_id": 849568949, "side": "sell", "size": "0.00602140", "price": "117648.60000000", "time": "2025-07-15T13:30:02.252696Z", "fetched_at": "2025-07-15T13:30:09.055393+00:00", "symbol": "BTC-USD"}, {"trade_id": 849568948, "side": "sell", "size": "0.03000000", "price": "117648.59000000", "time": "2025-07-15T13:30:02.252696Z", "fetched_at": "2025-07-15T13:30:09.055393+00:00", "symbol": "BTC-USD"}, {"trade_id": 849568947, "side": "sell", "size": "0.00927095", "price": "117648.59000000", "time": "2025-07-15T13:30:02.252696Z", "fetched_at": "2025-07-15T13:30:09.055393+00:00", "symbol": "BTC-USD"}, {"trade_id": 849568946, "side": "sell", "size": "0.00008415", "price": "117648.60000000", "time": "2025-07-15T13:30:02.175914Z", "fetched_at": "2025-07-15T13:30:09.055393+00:00", "symbol": "BTC-USD"}, {"trade_id": 849568945, "side": "sell", "size": "0.00000842", "price": "117648.60000000", "time": "2025-07-15T13:30:02.165117Z", "fetched_at": "2025-07-15T13:30:09.055393+00:00", "symbol": "BTC-USD"}, {"trade_id": 849568944, "side": "sell", "size": "0.05450831", "price": "117647.38000000", "time": "2025-07-15T13:30:02.075876Z", "fetched_at": "2025-07-15T13:30:09.055393+00:00", "symbol": "BTC-USD"}, {"trade_id": 849568943, "side": "sell", "size": "0.04062911", "price": "117647.26000000", "time": "2025-07-15T13:30:02.075876Z", "fetched_at": "2025-07-15T13:30:09.055393+00:00", "symbol": "BTC-USD"}, {"trade_id": 849568942, "side": "sell", "size": "0.04318881", "price": "117644.79000000", "time": "2025-07-15T13:30:02.055275Z", "fetched_at": "2025-07-15T13:30:09.055393+00:00", "symbol": "BTC-USD"}, {"trade_id": 849568941, "side": "sell", "size": "0.01335101", "price": "117644.79000000", "time": "2025-07-15T13:30:02.051461Z", "fetched_at": "2025-07-15T13:30:09.055393+00:00", "symbol": "BTC-USD"}, {"trade_id": 849568940, "side": "sell", "size": "0.01041614", "price": "117644.79000000", "time": "2025-07-15T13:30:02.048915Z", "fetched_at": "2025-07-15T13:30:09.055393+00:00", "symbol": "BTC-USD"}, {"trade_id": 849568939, "side": "sell", "size": "0.05277865", "price": "117644.79000000", "time": "2025-07-15T13:30:02.044259Z", "fetched_at": "2025-07-15T13:30:09.055393+00:00", "symbol": "BTC-USD"}, {"trade_id": 849568938, "side": "sell", "size": "0.02772399", "price": "117644.79000000", "time": "2025-07-15T13:30:02.041515Z", "fetched_at": "2025-07-15T13:30:09.055393+00:00", "symbol": "BTC-USD"}, {"trade_id": 849568937, "side": "sell", "size": "0.11477753", "price": "117644.79000000", "time": "2025-07-15T13:30:02.034543Z", "fetched_at": "2025-07-15T13:30:09.055393+00:00", "symbol": "BTC-USD"}, {"trade_id": 849568936, "side": "sell", "size": "0.01208546", "price": "117644.60000000", "time": "2025-07-15T13:30:02.034543Z", "fetched_at": "2025-07-15T13:30:09.055393+00:00", "symbol": "BTC-USD"}, {"trade_id": 849568935, "side": "sell", "size": "0.01614707", "price": "117643.80000000", "time": "2025-07-15T13:30:02.034543Z", "fetched_at": "2025-07-15T13:30:09.055393+00:00", "symbol": "BTC-USD"}, {"trade_id": 849568934, "side": "sell", "size": "0.00944437", "price": "117644.60000000", "time": "2025-07-15T13:30:01.991702Z", "fetched_at": "2025-07-15T13:30:09.055393+00:00", "symbol": "BTC-USD"}, {"trade_id": 849568933, "side": "sell", "size": "0.00850139", "price": "117627.77000000", "time": "2025-07-15T13:30:01.897200Z", "fetched_at": "2025-07-15T13:30:09.055393+00:00", "symbol": "BTC-USD"}, {"trade_id": 849568932, "side": "sell", "size": "0.02649759", "price": "117624.19000000", "time": "2025-07-15T13:30:01.897200Z", "fetched_at": "2025-07-15T13:30:09.055393+00:00", "symbol": "BTC-USD"}, {"trade_id": 849568931, "side": "buy", "size": "0.00306997", "price": "117611.85000000", "time": "2025-07-15T13:30:01.891571Z", "fetched_at": "2025-07-15T13:30:09.055393+00:00", "symbol": "BTC-USD"}, {"trade_id": 849568930, "side": "sell", "size": "0.00014053", "price": "117626.01000000", "time": "2025-07-15T13:30:01.817903Z", "fetched_at": "2025-07-15T13:30:09.055393+00:00", "symbol": "BTC-USD"}, {"trade_id": 849568929, "side": "sell", "size": "0.00002067", "price": "117624.20000000", "time": "2025-07-15T13:30:01.817903Z", "fetched_at": "2025-07-15T13:30:09.055393+00:00", "symbol": "BTC-USD"}, {"trade_id": 849568928, "side": "sell", "size": "0.09058410", "price": "117617.32000000", "time": "2025-07-15T13:30:01.737045Z", "fetched_at": "2025-07-15T13:30:09.055393+00:00", "symbol": "BTC-USD"}, {"trade_id": 849568927, "side": "sell", "size": "0.00902237", "price": "117617.31000000", "time": "2025-07-15T13:30:01.737045Z", "fetched_at": "2025-07-15T13:30:09.055393+00:00", "symbol": "BTC-USD"}, {"trade_id": 849568926, "side": "sell", "size": "0.00010309", "price": "117617.31000000", "time": "2025-07-15T13:30:01.732923Z", "fetched_at": "2025-07-15T13:30:09.055393+00:00", "symbol": "BTC-USD"}, {"trade_id": 849568925, "side": "sell", "size": "0.00398911", "price": "117617.31000000", "time": "2025-07-15T13:30:01.725970Z", "fetched_at": "2025-07-15T13:30:09.055393+00:00", "symbol": "BTC-USD"}, {"trade_id": 849568924, "side": "sell", "size": "0.04489953", "price": "117617.31000000", "time": "2025-07-15T13:30:01.721959Z", "fetched_at": "2025-07-15T13:30:09.055393+00:00", "symbol": "BTC-USD"}, {"trade_id": 849568923, "side": "sell", "size": "0.00834697", "price": "117617.31000000", "time": "2025-07-15T13:30:01.710420Z", "fetched_at": "2025-07-15T13:30:09.055393+00:00", "symbol": "BTC-USD"}, {"trade_id": 849568922, "side": "sell", "size": "0.01799166", "price": "117616.67000000", "time": "2025-07-15T13:30:01.701407Z", "fetched_at": "2025-07-15T13:30:09.055393+00:00", "symbol": "BTC-USD"}, {"trade_id": 849568921, "side": "sell", "size": "0.04732051", "price": "117616.56000000", "time": "2025-07-15T13:30:01.701407Z", "fetched_at": "2025-07-15T13:30:09.055393+00:00", "symbol": "BTC-USD"}, {"trade_id": 849568920, "side": "sell", "size": "0.02495177", "price": "117616.55000000", "time": "2025-07-15T13:30:01.701407Z", "fetched_at": "2025-07-15T13:30:09.055393+00:00", "symbol": "BTC-USD"}, {"trade_id": 849568919, "side": "sell", "size": "0.00082605", "price": "117616.55000000", "time": "2025-07-15T13:30:01.698689Z", "fetched_at": "2025-07-15T13:30:09.055393+00:00", "symbol": "BTC-USD"}, {"trade_id": 849568918, "side": "sell", "size": "0.02369319", "price": "117616.56000000", "time": "2025-07-15T13:30:01.621970Z", "fetched_at": "2025-07-15T13:30:09.055393+00:00", "symbol": "BTC-USD"}, {"trade_id": 849568917, "side": "sell", "size": "0.03666411", "price": "117616.56000000", "time": "2025-07-15T13:30:01.616925Z", "fetched_at": "2025-07-15T13:30:09.055393+00:00", "symbol": "BTC-USD"}, {"trade_id": 849568916, "side": "sell", "size": "0.00912151", "price": "117616.56000000", "time": "2025-07-15T13:30:01.613008Z", "fetched_at": "2025-07-15T13:30:09.055393+00:00", "symbol": "BTC-USD"}, {"trade_id": 849568915, "side": "sell", "size": "0.03033770", "price": "117616.48000000", "time": "2025-07-15T13:30:01.600574Z", "fetched_at": "2025-07-15T13:30:09.055393+00:00", "symbol": "BTC-USD"}, {"trade_id": 849568914, "side": "sell", "size": "0.02093852", "price": "117616.48000000", "time": "2025-07-15T13:30:01.598641Z", "fetched_at": "2025-07-15T13:30:09.055393+00:00", "symbol": "BTC-USD"}, {"trade_id": 849568913, "side": "sell", "size": "0.06209658", "price": "117616.58000000", "time": "2025-07-15T13:30:01.592046Z", "fetched_at": "2025-07-15T13:30:09.055393+00:00", "symbol": "BTC-USD"}, {"trade_id": 849568912, "side": "sell", "size": "0.02574013", "price": "117616.57000000", "time": "2025-07-15T13:30:01.592046Z", "fetched_at": "2025-07-15T13:30:09.055393+00:00", "symbol": "BTC-USD"}, {"trade_id": 849568911, "side": "sell", "size": "0.00020651", "price": "117616.82000000", "time": "2025-07-15T13:30:01.520284Z", "fetched_at": "2025-07-15T13:30:09.055393+00:00", "symbol": "BTC-USD"}, {"trade_id": 849568910, "side": "sell", "size": "0.00004838", "price": "117623.07000000", "time": "2025-07-15T13:30:01.335345Z", "fetched_at": "2025-07-15T13:30:09.055393+00:00", "symbol": "BTC-USD"}, {"trade_id": 849568909, "side": "buy", "size": "0.07542075", "price": "117620.50000000", "time": "2025-07-15T13:30:01.002286Z", "fetched_at": "2025-07-15T13:30:09.055393+00:00", "symbol": "BTC-USD"}, {"trade_id": 849568908, "side": "buy", "size": "0.03000000", "price": "117620.53000000", "time": "2025-07-15T13:30:01.002286Z", "fetched_at": "2025-07-15T13:30:09.055393+00:00", "symbol": "BTC-USD"}, {"trade_id": 849568907, "side": "buy", "size": "0.00005604", "price": "117620.54000000", "time": "2025-07-15T13:30:01.002286Z", "fetched_at": "2025-07-15T13:30:09.055393+00:00", "symbol": "BTC-USD"}, {"trade_id": 849568906, "side": "sell", "size": "0.00875000", "price": "117631.08000000", "time": "2025-07-15T13:30:01.000928Z", "fetched_at": "2025-07-15T13:30:09.055393+00:00", "symbol": "BTC-USD"}, {"trade_id": 849568905, "side": "sell", "size": "0.00796000", "price": "117631.24000000", "time": "2025-07-15T13:30:00.987049Z", "fetched_at": "2025-07-15T13:30:09.055393+00:00", "symbol": "BTC-USD"}, {"trade_id": 849568904, "side": "sell", "size": "0.00145129", "price": "117634.19000000", "time": "2025-07-15T13:30:00.979103Z", "fetched_at": "2025-07-15T13:30:09.055393+00:00", "symbol": "BTC-USD"}, {"trade_id": 849568903, "side": "sell", "size": "0.00012623", "price": "117640.31000000", "time": "2025-07-15T13:30:00.940664Z", "fetched_at": "2025-07-15T13:30:09.055393+00:00", "symbol": "BTC-USD"}, {"trade_id": 849568902, "side": "sell", "size": "0.00161000", "price": "117640.39000000", "time": "2025-07-15T13:30:00.925661Z", "fetched_at": "2025-07-15T13:30:09.055393+00:00", "symbol": "BTC-USD"}, {"trade_id": 849568901, "side": "sell", "size": "0.00034000", "price": "117638.13000000", "time": "2025-07-15T13:30:00.925661Z", "fetched_at": "2025-07-15T13:30:09.055393+00:00", "symbol": "BTC-USD"}, {"trade_id": 849568900, "side": "buy", "size": "0.00005822", "price": "117600.05000000", "time": "2025-07-15T13:30:00.862931Z", "fetched_at": "2025-07-15T13:30:09.055393+00:00", "symbol": "BTC-USD"}, {"trade_id": 849568899, "side": "buy", "size": "0.00850302", "price": "117605.26000000", "time": "2025-07-15T13:30:00.862931Z", "fetched_at": "2025-07-15T13:30:09.055393+00:00", "symbol": "BTC-USD"}, {"trade_id": 849568898, "side": "buy", "size": "0.01834831", "price": "117614.19000000", "time": "2025-07-15T13:30:00.862931Z", "fetched_at": "2025-07-15T13:30:09.055393+00:00", "symbol": "BTC-USD"}, {"trade_id": 849568897, "side": "buy", "size": "0.00171229", "price": "117620.49000000", "time": "2025-07-15T13:30:00.862931Z", "fetched_at": "2025-07-15T13:30:09.055393+00:00", "symbol": "BTC-USD"}, {"trade_id": 849568896, "side": "buy", "size": "0.00000348", "price": "117620.50000000", "time": "2025-07-15T13:30:00.862931Z", "fetched_at": "2025-07-15T13:30:09.055393+00:00", "symbol": "BTC-USD"}, {"trade_id": 849568895, "side": "buy", "size": "0.00005462", "price": "117620.51000000", "time": "2025-07-15T13:30:00.862931Z", "fetched_at": "2025-07-15T13:30:09.055393+00:00", "symbol": "BTC-USD"}, {"trade_id": 849568894, "side": "sell", "size": "0.00004233", "price": "117644.13000000", "time": "2025-07-15T13:30:00.839589Z", "fetched_at": "2025-07-15T13:30:09.055393+00:00", "symbol": "BTC-USD"}, {"trade_id": 849568893, "side": "sell", "size": "0.00028915", "price": "117646.56000000", "time": "2025-07-15T13:30:00.641675Z", "fetched_at": "2025-07-15T13:30:09.055393+00:00", "symbol": "BTC-USD"}, {"trade_id": 849568892, "side": "sell", "size": "0.00082604", "price": "117647.04000000", "time": "2025-07-15T13:30:00.564318Z", "fetched_at": "2025-07-15T13:30:09.055393+00:00", "symbol": "BTC-USD"}, {"trade_id": 849568891, "side": "sell", "size": "0.00016519", "price": "117647.21000000", "time": "2025-07-15T13:30:00.518504Z", "fetched_at": "2025-07-15T13:30:09.055393+00:00", "symbol": "BTC-USD"}, {"trade_id": 849568890, "side": "sell", "size": "0.00004207", "price": "117647.75000000", "time": "2025-07-15T13:30:00.434457Z", "fetched_at": "2025-07-15T13:30:09.055393+00:00", "symbol": "BTC-USD"}, {"trade_id": 849568889, "side": "sell", "size": "0.00015688", "price": "117649.04000000", "time": "2025-07-15T13:30:00.235110Z", "fetched_at": "2025-07-15T13:30:09.055393+00:00", "symbol": "BTC-USD"}, {"trade_id": 849568888, "side": "sell", "size": "0.00123909", "price": "117649.47000000", "time": "2025-07-15T13:29:59.951562Z", "fetched_at": "2025-07-15T13:30:09.055393+00:00", "symbol": "BTC-USD"}, {"trade_id": 849568887, "side": "sell", "size": "0.00008204", "price": "117649.47000000", "time": "2025-07-15T13:29:59.947329Z", "fetched_at": "2025-07-15T13:30:09.055393+00:00", "symbol": "BTC-USD"}, {"trade_id": 849568886, "side": "sell", "size": "0.00000525", "price": "117649.49000000", "time": "2025-07-15T13:29:59.811560Z", "fetched_at": "2025-07-15T13:30:09.055393+00:00", "symbol": "BTC-USD"}, {"trade_id": 849568885, "side": "sell", "size": "0.00637486", "price": "117649.62000000", "time": "2025-07-15T13:29:59.775523Z", "fetched_at": "2025-07-15T13:30:09.055393+00:00", "symbol": "BTC-USD"}, {"trade_id": 849568884, "side": "sell", "size": "0.00123907", "price": "117649.71000000", "time": "2025-07-15T13:29:59.617002Z", "fetched_at": "2025-07-15T13:30:09.055393+00:00", "symbol": "BTC-USD"}, {"trade_id": 849568883, "side": "sell", "size": "0.13230000", "price": "117637.95000000", "time": "2025-07-15T13:29:59.606104Z", "fetched_at": "2025-07-15T13:30:09.055393+00:00", "symbol": "BTC-USD"}, {"trade_id": 849568882, "side": "buy", "size": "0.02117869", "price": "117601.96000000", "time": "2025-07-15T13:29:59.596610Z", "fetched_at": "2025-07-15T13:30:09.055393+00:00", "symbol": "BTC-USD"}, {"trade_id": 849568881, "side": "buy", "size": "0.06300185", "price": "117612.06000000", "time": "2025-07-15T13:29:59.596610Z", "fetched_at": "2025-07-15T13:30:09.055393+00:00", "symbol": "BTC-USD"}, {"trade_id": 849568880, "side": "buy", "size": "0.07237300", "price": "117613.02000000", "time": "2025-07-15T13:29:59.596610Z", "fetched_at": "2025-07-15T13:30:09.055393+00:00", "symbol": "BTC-USD"}, {"trade_id": 849568879, "side": "buy", "size": "0.06299597", "price": "117613.18000000", "time": "2025-07-15T13:29:59.596610Z", "fetched_at": "2025-07-15T13:30:09.055393+00:00", "symbol": "BTC-USD"}, {"trade_id": 849568878, "side": "buy", "size": "0.06533868", "price": "117613.30000000", "time": "2025-07-15T13:29:59.596610Z", "fetched_at": "2025-07-15T13:30:09.055393+00:00", "symbol": "BTC-USD"}, {"trade_id": 849568877, "side": "buy", "size": "0.06944554", "price": "117613.45000000", "time": "2025-07-15T13:29:59.596610Z", "fetched_at": "2025-07-15T13:30:09.055393+00:00", "symbol": "BTC-USD"}, {"trade_id": 849568876, "side": "buy", "size": "0.04908775", "price": "117613.60000000", "time": "2025-07-15T13:29:59.596610Z", "fetched_at": "2025-07-15T13:30:09.055393+00:00", "symbol": "BTC-USD"}, {"trade_id": 849568875, "side": "buy", "size": "0.13230000", "price": "117616.62000000", "time": "2025-07-15T13:29:59.596610Z", "fetched_at": "2025-07-15T13:30:09.055393+00:00", "symbol": "BTC-USD"}, {"trade_id": 849568874, "side": "buy", "size": "0.11673309", "price": "117616.63000000", "time": "2025-07-15T13:29:59.596610Z", "fetched_at": "2025-07-15T13:30:09.055393+00:00", "symbol": "BTC-USD"}, {"trade_id": 849568873, "side": "buy", "size": "0.05262747", "price": "117616.64000000", "time": "2025-07-15T13:29:59.596610Z", "fetched_at": "2025-07-15T13:30:09.055393+00:00", "symbol": "BTC-USD"}, {"trade_id": 849568872, "side": "buy", "size": "0.05000000", "price": "117628.38000000", "time": "2025-07-15T13:29:59.596610Z", "fetched_at": "2025-07-15T13:30:09.055393+00:00", "symbol": "BTC-USD"}, {"trade_id": 849568871, "side": "buy", "size": "0.00008104", "price": "117628.39000000", "time": "2025-07-15T13:29:59.596610Z", "fetched_at": "2025-07-15T13:30:09.055393+00:00", "symbol": "BTC-USD"}, {"trade_id": 849568870, "side": "buy", "size": "0.00850045", "price": "117640.80000000", "time": "2025-07-15T13:29:59.596610Z", "fetched_at": "2025-07-15T13:30:09.055393+00:00", "symbol": "BTC-USD"}, {"trade_id": 849568869, "side": "buy", "size": "0.00000119", "price": "117642.56000000", "time": "2025-07-15T13:29:59.596610Z", "fetched_at": "2025-07-15T13:30:09.055393+00:00", "symbol": "BTC-USD"}, {"trade_id": 849568868, "side": "buy", "size": "0.00425042", "price": "117642.56000000", "time": "2025-07-15T13:29:59.596610Z", "fetched_at": "2025-07-15T13:30:09.055393+00:00", "symbol": "BTC-USD"}, {"trade_id": 849568867, "side": "buy", "size": "0.03400000", "price": "117642.58000000", "time": "2025-07-15T13:29:59.596610Z", "fetched_at": "2025-07-15T13:30:09.055393+00:00", "symbol": "BTC-USD"}, {"trade_id": 849568866, "side": "sell", "size": "0.00057512", "price": "117649.74000000", "time": "2025-07-15T13:29:59.420301Z", "fetched_at": "2025-07-15T13:30:09.055393+00:00", "symbol": "BTC-USD"}, {"trade_id": 849568865, "side": "sell", "size": "0.00072488", "price": "117649.73000000", "time": "2025-07-15T13:29:59.420301Z", "fetched_at": "2025-07-15T13:30:09.055393+00:00", "symbol": "BTC-USD"}, {"trade_id": 849568864, "side": "sell", "size": "0.00020653", "price": "117649.73000000", "time": "2025-07-15T13:29:59.375488Z", "fetched_at": "2025-07-15T13:30:09.055393+00:00", "symbol": "BTC-USD"}, {"trade_id": 849568863, "side": "sell", "size": "0.00181569", "price": "117649.73000000", "time": "2025-07-15T13:29:59.334428Z", "fetched_at": "2025-07-15T13:30:09.055393+00:00", "symbol": "BTC-USD"}, {"trade_id": 849568862, "side": "sell", "size": "0.00181569", "price": "117649.73000000", "time": "2025-07-15T13:29:59.330513Z", "fetched_at": "2025-07-15T13:30:09.055393+00:00", "symbol": "BTC-USD"}, {"trade_id": 849568861, "side": "sell", "size": "0.00181569", "price": "117649.73000000", "time": "2025-07-15T13:29:59.326961Z", "fetched_at": "2025-07-15T13:30:09.055393+00:00", "symbol": "BTC-USD"}, {"trade_id": 849568860, "side": "sell", "size": "0.00181569", "price": "117649.73000000", "time": "2025-07-15T13:29:59.324678Z", "fetched_at": "2025-07-15T13:30:09.055393+00:00", "symbol": "BTC-USD"}, {"trade_id": 849568859, "side": "sell", "size": "0.00181569", "price": "117649.73000000", "time": "2025-07-15T13:29:59.320381Z", "fetched_at": "2025-07-15T13:30:09.055393+00:00", "symbol": "BTC-USD"}, {"trade_id": 849568858, "side": "sell", "size": "0.00181569", "price": "117649.73000000", "time": "2025-07-15T13:29:59.316699Z", "fetched_at": "2025-07-15T13:30:09.055393+00:00", "symbol": "BTC-USD"}, {"trade_id": 849568857, "side": "sell", "size": "0.00181569", "price": "117649.73000000", "time": "2025-07-15T13:29:59.313233Z", "fetched_at": "2025-07-15T13:30:09.055393+00:00", "symbol": "BTC-USD"}, {"trade_id": 849568856, "side": "sell", "size": "0.00181569", "price": "117649.73000000", "time": "2025-07-15T13:29:59.308579Z", "fetched_at": "2025-07-15T13:30:09.055393+00:00", "symbol": "BTC-USD"}, {"trade_id": 849568855, "side": "sell", "size": "0.00011707", "price": "117649.79000000", "time": "2025-07-15T13:29:58.919194Z", "fetched_at": "2025-07-15T13:30:09.055393+00:00", "symbol": "BTC-USD"}, {"trade_id": 849568854, "side": "sell", "size": "0.00730955", "price": "117649.79000000", "time": "2025-07-15T13:29:58.916631Z", "fetched_at": "2025-07-15T13:30:09.055393+00:00", "symbol": "BTC-USD"}, {"trade_id": 849568853, "side": "sell", "size": "0.00730955", "price": "117649.79000000", "time": "2025-07-15T13:29:58.911535Z", "fetched_at": "2025-07-15T13:30:09.055393+00:00", "symbol": "BTC-USD"}, {"trade_id": 849568852, "side": "sell", "size": "0.00292548", "price": "117649.79000000", "time": "2025-07-15T13:29:58.907862Z", "fetched_at": "2025-07-15T13:30:09.055393+00:00", "symbol": "BTC-USD"}, {"trade_id": 849568851, "side": "sell", "size": "0.00315247", "price": "117649.79000000", "time": "2025-07-15T13:29:58.904274Z", "fetched_at": "2025-07-15T13:30:09.055393+00:00", "symbol": "BTC-USD"}, {"trade_id": 849568850, "side": "sell", "size": "0.00291443", "price": "117649.79000000", "time": "2025-07-15T13:29:58.900499Z", "fetched_at": "2025-07-15T13:30:09.055393+00:00", "symbol": "BTC-USD"}, {"trade_id": 849568849, "side": "sell", "size": "0.00327812", "price": "117649.79000000", "time": "2025-07-15T13:29:58.897328Z", "fetched_at": "2025-07-15T13:30:09.055393+00:00", "symbol": "BTC-USD"}, {"trade_id": 849568848, "side": "sell", "size": "0.00003023", "price": "117649.79000000", "time": "2025-07-15T13:29:58.893400Z", "fetched_at": "2025-07-15T13:30:09.055393+00:00", "symbol": "BTC-USD"}, {"trade_id": 849568847, "side": "sell", "size": "0.00003023", "price": "117649.79000000", "time": "2025-07-15T13:29:58.889644Z", "fetched_at": "2025-07-15T13:30:09.055393+00:00", "symbol": "BTC-USD"}, {"trade_id": 849568846, "side": "sell", "size": "0.00003023", "price": "117649.79000000", "time": "2025-07-15T13:29:58.874600Z", "fetched_at": "2025-07-15T13:30:09.055393+00:00", "symbol": "BTC-USD"}, {"trade_id": 849568845, "side": "buy", "size": "0.00006623", "price": "117613.47000000", "time": "2025-07-15T13:29:58.864276Z", "fetched_at": "2025-07-15T13:30:09.055393+00:00", "symbol": "BTC-USD"}, {"trade_id": 849568844, "side": "buy", "size": "0.00008502", "price": "117629.53000000", "time": "2025-07-15T13:29:58.864276Z", "fetched_at": "2025-07-15T13:30:09.055393+00:00", "symbol": "BTC-USD"}, {"trade_id": 849568843, "side": "sell", "size": "0.00003023", "price": "117649.79000000", "time": "2025-07-15T13:29:58.861566Z", "fetched_at": "2025-07-15T13:30:09.055393+00:00", "symbol": "BTC-USD"}, {"trade_id": 849568842, "side": "sell", "size": "0.00008205", "price": "117649.81000000", "time": "2025-07-15T13:29:58.731012Z", "fetched_at": "2025-07-15T13:30:09.055393+00:00", "symbol": "BTC-USD"}, {"trade_id": 849568841, "side": "sell", "size": "0.00279327", "price": "117649.85000000", "time": "2025-07-15T13:29:58.548125Z", "fetched_at": "2025-07-15T13:30:09.055393+00:00", "symbol": "BTC-USD"}, {"trade_id": 849568840, "side": "sell", "size": "0.00004208", "price": "117649.85000000", "time": "2025-07-15T13:29:58.532493Z", "fetched_at": "2025-07-15T13:30:09.055393+00:00", "symbol": "BTC-USD"}, {"trade_id": 849568839, "side": "sell", "size": "0.00850022", "price": "117644.01000000", "time": "2025-07-15T13:29:58.524815Z", "fetched_at": "2025-07-15T13:30:09.055393+00:00", "symbol": "BTC-USD"}, {"trade_id": 849568838, "side": "sell", "size": "0.02438944", "price": "117642.26000000", "time": "2025-07-15T13:29:58.513542Z", "fetched_at": "2025-07-15T13:30:09.055393+00:00", "symbol": "BTC-USD"}, {"trade_id": 849568837, "side": "sell", "size": "0.03273591", "price": "117642.24000000", "time": "2025-07-15T13:29:58.505504Z", "fetched_at": "2025-07-15T13:30:09.055393+00:00", "symbol": "BTC-USD"}, {"trade_id": 849568836, "side": "sell", "size": "0.00324236", "price": "117642.24000000", "time": "2025-07-15T13:29:58.502117Z", "fetched_at": "2025-07-15T13:30:09.055393+00:00", "symbol": "BTC-USD"}, {"trade_id": 849568835, "side": "sell", "size": "0.00327324", "price": "117642.24000000", "time": "2025-07-15T13:29:58.498541Z", "fetched_at": "2025-07-15T13:30:09.055393+00:00", "symbol": "BTC-USD"}, {"trade_id": 849568834, "side": "sell", "size": "0.00386999", "price": "117642.24000000", "time": "2025-07-15T13:29:58.494564Z", "fetched_at": "2025-07-15T13:30:09.055393+00:00", "symbol": "BTC-USD"}, {"trade_id": 849568833, "side": "sell", "size": "0.00006940", "price": "117642.24000000", "time": "2025-07-15T13:29:58.494564Z", "fetched_at": "2025-07-15T13:30:09.055393+00:00", "symbol": "BTC-USD"}, {"trade_id": 849568832, "side": "sell", "size": "0.01145147", "price": "117642.24000000", "time": "2025-07-15T13:29:58.490947Z", "fetched_at": "2025-07-15T13:30:09.055393+00:00", "symbol": "BTC-USD"}, {"trade_id": 849568831, "side": "sell", "size": "0.00020651", "price": "117642.24000000", "time": "2025-07-15T13:29:58.484727Z", "fetched_at": "2025-07-15T13:30:09.055393+00:00", "symbol": "BTC-USD"}, {"trade_id": 849568830, "side": "sell", "size": "0.01053997", "price": "117642.24000000", "time": "2025-07-15T13:29:58.470221Z", "fetched_at": "2025-07-15T13:30:09.055393+00:00", "symbol": "BTC-USD"}, {"trade_id": 849568829, "side": "sell", "size": "0.00345509", "price": "117642.25000000", "time": "2025-07-15T13:29:58.462310Z", "fetched_at": "2025-07-15T13:30:09.055393+00:00", "symbol": "BTC-USD"}, {"trade_id": 849568828, "side": "sell", "size": "0.00846267", "price": "117642.25000000", "time": "2025-07-15T13:29:58.458453Z", "fetched_at": "2025-07-15T13:30:09.055393+00:00", "symbol": "BTC-USD"}, {"trade_id": 849568827, "side": "sell", "size": "0.00263637", "price": "117642.25000000", "time": "2025-07-15T13:29:58.458453Z", "fetched_at": "2025-07-15T13:30:09.055393+00:00", "symbol": "BTC-USD"}, {"trade_id": 849568826, "side": "sell", "size": "0.01894383", "price": "117642.25000000", "time": "2025-07-15T13:29:58.452101Z", "fetched_at": "2025-07-15T13:30:09.055393+00:00", "symbol": "BTC-USD"}, {"trade_id": 849568825, "side": "sell", "size": "0.00262439", "price": "117642.25000000", "time": "2025-07-15T13:29:58.440915Z", "fetched_at": "2025-07-15T13:30:09.055393+00:00", "symbol": "BTC-USD"}, {"trade_id": 849568824, "side": "sell", "size": "0.00126222", "price": "117642.25000000", "time": "2025-07-15T13:29:58.412163Z", "fetched_at": "2025-07-15T13:30:09.055393+00:00", "symbol": "BTC-USD"}, {"trade_id": 849568823, "side": "sell", "size": "0.00259594", "price": "117642.26000000", "time": "2025-07-15T13:29:58.404640Z", "fetched_at": "2025-07-15T13:30:09.055393+00:00", "symbol": "BTC-USD"}, {"trade_id": 849568822, "side": "sell", "size": "0.03010852", "price": "117642.26000000", "time": "2025-07-15T13:29:58.401688Z", "fetched_at": "2025-07-15T13:30:09.055393+00:00", "symbol": "BTC-USD"}, {"trade_id": 849568821, "side": "sell", "size": "0.01880126", "price": "117642.27000000", "time": "2025-07-15T13:29:58.329155Z", "fetched_at": "2025-07-15T13:30:09.055393+00:00", "symbol": "BTC-USD"}, {"trade_id": 849568820, "side": "sell", "size": "0.01628516", "price": "117642.27000000", "time": "2025-07-15T13:29:58.318747Z", "fetched_at": "2025-07-15T13:30:09.055393+00:00", "symbol": "BTC-USD"}, {"trade_id": 849568819, "side": "sell", "size": "0.00213107", "price": "117638.09000000", "time": "2025-07-15T13:29:58.225078Z", "fetched_at": "2025-07-15T13:30:09.055393+00:00", "symbol": "BTC-USD"}, {"trade_id": 849568818, "side": "sell", "size": "0.12078602", "price": "117638.09000000", "time": "2025-07-15T13:29:58.216636Z", "fetched_at": "2025-07-15T13:30:09.055393+00:00", "symbol": "BTC-USD"}, {"trade_id": 849568817, "side": "sell", "size": "0.01147121", "price": "117642.28000000", "time": "2025-07-15T13:29:58.209991Z", "fetched_at": "2025-07-15T13:30:09.055393+00:00", "symbol": "BTC-USD"}, {"trade_id": 849568816, "side": "buy", "size": "0.00133209", "price": "117612.40000000", "time": "2025-07-15T13:29:58.200601Z", "fetched_at": "2025-07-15T13:30:09.055393+00:00", "symbol": "BTC-USD"}, {"trade_id": 849568815, "side": "buy", "size": "0.07695236", "price": "117612.58000000", "time": "2025-07-15T13:29:58.200601Z", "fetched_at": "2025-07-15T13:30:09.055393+00:00", "symbol": "BTC-USD"}, {"trade_id": 849568814, "side": "buy", "size": "0.05000000", "price": "117612.60000000", "time": "2025-07-15T13:29:58.200601Z", "fetched_at": "2025-07-15T13:30:09.055393+00:00", "symbol": "BTC-USD"}, {"trade_id": 849568813, "side": "buy", "size": "0.07943990", "price": "117612.67000000", "time": "2025-07-15T13:29:58.200601Z", "fetched_at": "2025-07-15T13:30:09.055393+00:00", "symbol": "BTC-USD"}, {"trade_id": 849568812, "side": "buy", "size": "0.06939441", "price": "117612.83000000", "time": "2025-07-15T13:29:58.200601Z", "fetched_at": "2025-07-15T13:30:09.055393+00:00", "symbol": "BTC-USD"}, {"trade_id": 849568811, "side": "buy", "size": "0.02762680", "price": "117612.84000000", "time": "2025-07-15T13:29:58.200601Z", "fetched_at": "2025-07-15T13:30:09.055393+00:00", "symbol": "BTC-USD"}, {"trade_id": 849568810, "side": "buy", "size": "0.13230000", "price": "117626.49000000", "time": "2025-07-15T13:29:58.200601Z", "fetched_at": "2025-07-15T13:30:09.055393+00:00", "symbol": "BTC-USD"}, {"trade_id": 849568809, "side": "buy", "size": "0.00008502", "price": "117626.50000000", "time": "2025-07-15T13:29:58.200601Z", "fetched_at": "2025-07-15T13:30:09.055393+00:00", "symbol": "BTC-USD"}, {"trade_id": 849568808, "side": "buy", "size": "0.13230000", "price": "117626.76000000", "time": "2025-07-15T13:29:58.200601Z", "fetched_at": "2025-07-15T13:30:09.055393+00:00", "symbol": "BTC-USD"}, {"trade_id": 849568807, "side": "sell", "size": "0.02560000", "price": "117641.54000000", "time": "2025-07-15T13:29:57.757061Z", "fetched_at": "2025-07-15T13:30:09.055393+00:00", "symbol": "BTC-USD"}, {"trade_id": 849568806, "side": "sell", "size": "0.00850040", "price": "117641.55000000", "time": "2025-07-15T13:29:57.746760Z", "fetched_at": "2025-07-15T13:30:09.055393+00:00", "symbol": "BTC-USD"}, {"trade_id": 849568805, "side": "sell", "size": "0.02496649", "price": "117640.58000000", "time": "2025-07-15T13:29:57.746760Z", "fetched_at": "2025-07-15T13:30:09.055393+00:00", "symbol": "BTC-USD"}, {"trade_id": 849568804, "side": "sell", "size": "0.00503351", "price": "117640.58000000", "time": "2025-07-15T13:29:57.742734Z", "fetched_at": "2025-07-15T13:30:09.055393+00:00", "symbol": "BTC-USD"}, {"trade_id": 849568803, "side": "sell", "size": "0.03000000", "price": "117640.40000000", "time": "2025-07-15T13:29:57.742734Z", "fetched_at": "2025-07-15T13:30:09.055393+00:00", "symbol": "BTC-USD"}, {"trade_id": 849568802, "side": "sell", "size": "0.00228230", "price": "117639.97000000", "time": "2025-07-15T13:29:57.738879Z", "fetched_at": "2025-07-15T13:30:09.055393+00:00", "symbol": "BTC-USD"}, {"trade_id": 849568801, "side": "sell", "size": "0.02771770", "price": "117639.97000000", "time": "2025-07-15T13:29:57.735951Z", "fetched_at": "2025-07-15T13:30:09.055393+00:00", "symbol": "BTC-USD"}, {"trade_id": 849568800, "side": "sell", "size": "0.02474640", "price": "117639.35000000", "time": "2025-07-15T13:29:57.724423Z", "fetched_at": "2025-07-15T13:30:09.055393+00:00", "symbol": "BTC-USD"}, {"trade_id": 849568799, "side": "sell", "size": "0.03609620", "price": "117639.29000000", "time": "2025-07-15T13:29:57.724423Z", "fetched_at": "2025-07-15T13:30:09.055393+00:00", "symbol": "BTC-USD"}, {"trade_id": 849568798, "side": "sell", "size": "0.03132920", "price": "117639.25000000", "time": "2025-07-15T13:29:57.724423Z", "fetched_at": "2025-07-15T13:30:09.055393+00:00", "symbol": "BTC-USD"}, {"trade_id": 849568797, "side": "sell", "size": "0.00838898", "price": "117639.03000000", "time": "2025-07-15T13:29:57.724423Z", "fetched_at": "2025-07-15T13:30:09.055393+00:00", "symbol": "BTC-USD"}, {"trade_id": 849568796, "side": "sell", "size": "0.04032766", "price": "117638.88000000", "time": "2025-07-15T13:29:57.724423Z", "fetched_at": "2025-07-15T13:30:09.055393+00:00", "symbol": "BTC-USD"}, {"trade_id": 849568795, "side": "sell", "size": "0.01630903", "price": "117638.85000000", "time": "2025-07-15T13:29:57.724423Z", "fetched_at": "2025-07-15T13:30:09.055393+00:00", "symbol": "BTC-USD"}, {"trade_id": 849568794, "side": "sell", "size": "0.01249029", "price": "117638.78000000", "time": "2025-07-15T13:29:57.724423Z", "fetched_at": "2025-07-15T13:30:09.055393+00:00", "symbol": "BTC-USD"}, {"trade_id": 849568793, "side": "sell", "size": "0.00167501", "price": "117638.73000000", "time": "2025-07-15T13:29:57.724423Z", "fetched_at": "2025-07-15T13:30:09.055393+00:00", "symbol": "BTC-USD"}, {"trade_id": 849568792, "side": "sell", "size": "0.00263574", "price": "117638.56000000", "time": "2025-07-15T13:29:57.724423Z", "fetched_at": "2025-07-15T13:30:09.055393+00:00", "symbol": "BTC-USD"}, {"trade_id": 849568791, "side": "sell", "size": "0.00202647", "price": "117638.42000000", "time": "2025-07-15T13:29:57.724423Z", "fetched_at": "2025-07-15T13:30:09.055393+00:00", "symbol": "BTC-USD"}, {"trade_id": 849568790, "side": "sell", "size": "0.00593383", "price": "117638.29000000", "time": "2025-07-15T13:29:57.724423Z", "fetched_at": "2025-07-15T13:30:09.055393+00:00", "symbol": "BTC-USD"}, {"trade_id": 849568789, "side": "sell", "size": "0.02457105", "price": "117638.21000000", "time": "2025-07-15T13:29:57.724423Z", "fetched_at": "2025-07-15T13:30:09.055393+00:00", "symbol": "BTC-USD"}, {"trade_id": 849568788, "side": "sell", "size": "0.01156685", "price": "117638.04000000", "time": "2025-07-15T13:29:57.724423Z", "fetched_at": "2025-07-15T13:30:09.055393+00:00", "symbol": "BTC-USD"}, {"trade_id": 849568787, "side": "sell", "size": "0.02087724", "price": "117637.97000000", "time": "2025-07-15T13:29:57.724423Z", "fetched_at": "2025-07-15T13:30:09.055393+00:00", "symbol": "BTC-USD"}, {"trade_id": 849568786, "side": "sell", "size": "0.01370401", "price": "117637.93000000", "time": "2025-07-15T13:29:57.724423Z", "fetched_at": "2025-07-15T13:30:09.055393+00:00", "symbol": "BTC-USD"}, {"trade_id": 849568785, "side": "sell", "size": "0.07710148", "price": "117637.92000000", "time": "2025-07-15T13:29:57.724423Z", "fetched_at": "2025-07-15T13:30:09.055393+00:00", "symbol": "BTC-USD"}, {"trade_id": 849568784, "side": "sell", "size": "0.13230000", "price": "117637.91000000", "time": "2025-07-15T13:29:57.724423Z", "fetched_at": "2025-07-15T13:30:09.055393+00:00", "symbol": "BTC-USD"}, {"trade_id": 849568783, "side": "sell", "size": "0.02491601", "price": "117637.91000000", "time": "2025-07-15T13:29:57.724423Z", "fetched_at": "2025-07-15T13:30:09.055393+00:00", "symbol": "BTC-USD"}, {"trade_id": 849568782, "side": "sell", "size": "0.13230000", "price": "117638.50000000", "time": "2025-07-15T13:29:57.496960Z", "fetched_at": "2025-07-15T13:30:09.055393+00:00", "symbol": "BTC-USD"}, {"trade_id": 849568781, "side": "sell", "size": "0.02662604", "price": "117638.50000000", "time": "2025-07-15T13:29:57.496960Z", "fetched_at": "2025-07-15T13:30:09.055393+00:00", "symbol": "BTC-USD"}, {"trade_id": 849568780, "side": "sell", "size": "0.00052451", "price": "117639.03000000", "time": "2025-07-15T13:29:57.337738Z", "fetched_at": "2025-07-15T13:30:09.055393+00:00", "symbol": "BTC-USD"}, {"trade_id": 849568779, "side": "sell", "size": "0.00479999", "price": "117639.24000000", "time": "2025-07-15T13:29:57.323011Z", "fetched_at": "2025-07-15T13:30:09.055393+00:00", "symbol": "BTC-USD"}, {"trade_id": 849568778, "side": "sell", "size": "0.00607475", "price": "117639.20000000", "time": "2025-07-15T13:29:57.323011Z", "fetched_at": "2025-07-15T13:30:09.055393+00:00", "symbol": "BTC-USD"}, {"trade_id": 849568777, "side": "sell", "size": "0.01087474", "price": "117639.24000000", "time": "2025-07-15T13:29:57.319777Z", "fetched_at": "2025-07-15T13:30:09.055393+00:00", "symbol": "BTC-USD"}, {"trade_id": 849568776, "side": "sell", "size": "0.01087474", "price": "117639.25000000", "time": "2025-07-15T13:29:57.317611Z", "fetched_at": "2025-07-15T13:30:09.055393+00:00", "symbol": "BTC-USD"}, {"trade_id": 849568775, "side": "sell", "size": "0.00040307", "price": "117639.41000000", "time": "2025-07-15T13:29:57.257928Z", "fetched_at": "2025-07-15T13:30:09.055393+00:00", "symbol": "BTC-USD"}, {"trade_id": 849568774, "side": "sell", "size": "0.00016678", "price": "117639.55000000", "time": "2025-07-15T13:29:57.249304Z", "fetched_at": "2025-07-15T13:30:09.055393+00:00", "symbol": "BTC-USD"}, {"trade_id": 849568773, "side": "sell", "size": "0.00084154", "price": "117639.97000000", "time": "2025-07-15T13:29:57.189092Z", "fetched_at": "2025-07-15T13:30:09.055393+00:00", "symbol": "BTC-USD"}, {"trade_id": 849568772, "side": "sell", "size": "0.00873214", "price": "117639.98000000", "time": "2025-07-15T13:29:57.106216Z", "fetched_at": "2025-07-15T13:30:09.055393+00:00", "symbol": "BTC-USD"}, {"trade_id": 849568771, "side": "sell", "size": "0.00245223", "price": "117640.59000000", "time": "2025-07-15T13:29:56.943992Z", "fetched_at": "2025-07-15T13:30:09.055393+00:00", "symbol": "BTC-USD"}, {"trade_id": 849568770, "side": "buy", "size": "0.06363388", "price": "117600.00000000", "time": "2025-07-15T13:29:56.719017Z", "fetched_at": "2025-07-15T13:30:09.055393+00:00", "symbol": "BTC-USD"}, {"trade_id": 849568769, "side": "buy", "size": "0.06363388", "price": "117600.01000000", "time": "2025-07-15T13:29:56.719017Z", "fetched_at": "2025-07-15T13:30:09.055393+00:00", "symbol": "BTC-USD"}, {"trade_id": 849568768, "side": "buy", "size": "0.00850245", "price": "117613.12000000", "time": "2025-07-15T13:29:56.719017Z", "fetched_at": "2025-07-15T13:30:09.055393+00:00", "symbol": "BTC-USD"}, {"trade_id": 849568767, "side": "buy", "size": "0.03000000", "price": "117613.13000000", "time": "2025-07-15T13:29:56.719017Z", "fetched_at": "2025-07-15T13:30:09.055393+00:00", "symbol": "BTC-USD"}, {"trade_id": 849568766, "side": "buy", "size": "0.03000000", "price": "117613.14000000", "time": "2025-07-15T13:29:56.719017Z", "fetched_at": "2025-07-15T13:30:09.055393+00:00", "symbol": "BTC-USD"}, {"trade_id": 849568765, "side": "buy", "size": "0.03000000", "price": "117613.26000000", "time": "2025-07-15T13:29:56.719017Z", "fetched_at": "2025-07-15T13:30:09.055393+00:00", "symbol": "BTC-USD"}, {"trade_id": 849568764, "side": "buy", "size": "0.00008502", "price": "117620.98000000", "time": "2025-07-15T13:29:56.719017Z", "fetched_at": "2025-07-15T13:30:09.055393+00:00", "symbol": "BTC-USD"}, {"trade_id": 849568763, "side": "sell", "size": "0.00322822", "price": "117635.59000000", "time": "2025-07-15T13:29:56.671038Z", "fetched_at": "2025-07-15T13:30:09.055393+00:00", "symbol": "BTC-USD"}, {"trade_id": 849568762, "side": "sell", "size": "0.01792254", "price": "117629.98000000", "time": "2025-07-15T13:29:56.636210Z", "fetched_at": "2025-07-15T13:30:09.055393+00:00", "symbol": "BTC-USD"}, {"trade_id": 849568761, "side": "sell", "size": "0.00850084", "price": "117635.47000000", "time": "2025-07-15T13:29:56.423604Z", "fetched_at": "2025-07-15T13:30:09.055393+00:00", "symbol": "BTC-USD"}, {"trade_id": 849568760, "side": "sell", "size": "0.06367885", "price": "117634.86000000", "time": "2025-07-15T13:29:56.423604Z", "fetched_at": "2025-07-15T13:30:09.055393+00:00", "symbol": "BTC-USD"}, {"trade_id": 849568759, "side": "sell", "size": "0.06636107", "price": "117633.39000000", "time": "2025-07-15T13:29:56.423604Z", "fetched_at": "2025-07-15T13:30:09.055393+00:00", "symbol": "BTC-USD"}, {"trade_id": 849568758, "side": "sell", "size": "0.01145924", "price": "117633.24000000", "time": "2025-07-15T13:29:56.423604Z", "fetched_at": "2025-07-15T13:30:09.055393+00:00", "symbol": "BTC-USD"}, {"trade_id": 849568757, "side": "sell", "size": "0.13230000", "price": "117633.17000000", "time": "2025-07-15T13:29:56.423604Z", "fetched_at": "2025-07-15T13:30:09.055393+00:00", "symbol": "BTC-USD"}, {"trade_id": 849568756, "side": "sell", "size": "0.02484350", "price": "117633.17000000", "time": "2025-07-15T13:29:56.423604Z", "fetched_at": "2025-07-15T13:30:09.055393+00:00", "symbol": "BTC-USD"}, {"trade_id": 849568755, "side": "sell", "size": "0.01889141", "price": "117633.16000000", "time": "2025-07-15T13:29:56.423604Z", "fetched_at": "2025-07-15T13:30:09.055393+00:00", "symbol": "BTC-USD"}, {"trade_id": 849568754, "side": "sell", "size": "0.02819968", "price": "117633.30000000", "time": "2025-07-15T13:29:55.992703Z", "fetched_at": "2025-07-15T13:30:09.055393+00:00", "symbol": "BTC-USD"}, {"trade_id": 849568753, "side": "sell", "size": "0.00329953", "price": "117633.31000000", "time": "2025-07-15T13:29:55.989436Z", "fetched_at": "2025-07-15T13:30:09.055393+00:00", "symbol": "BTC-USD"}, {"trade_id": 849568752, "side": "sell", "size": "0.02819968", "price": "117633.31000000", "time": "2025-07-15T13:29:55.985551Z", "fetched_at": "2025-07-15T13:30:09.055393+00:00", "symbol": "BTC-USD"}, {"trade_id": 849568751, "side": "sell", "size": "0.00335455", "price": "117633.31000000", "time": "2025-07-15T13:29:55.981863Z", "fetched_at": "2025-07-15T13:30:09.055393+00:00", "symbol": "BTC-USD"}, {"trade_id": 849568750, "side": "sell", "size": "0.02363766", "price": "117633.31000000", "time": "2025-07-15T13:29:55.977356Z", "fetched_at": "2025-07-15T13:30:09.055393+00:00", "symbol": "BTC-USD"}, {"trade_id": 849568749, "side": "sell", "size": "0.02451712", "price": "117633.31000000", "time": "2025-07-15T13:29:55.973249Z", "fetched_at": "2025-07-15T13:30:09.055393+00:00", "symbol": "BTC-USD"}, {"trade_id": 849568748, "side": "sell", "size": "0.00368256", "price": "117633.31000000", "time": "2025-07-15T13:29:55.973249Z", "fetched_at": "2025-07-15T13:30:09.055393+00:00", "symbol": "BTC-USD"}, {"trade_id": 849568747, "side": "sell", "size": "0.02140161", "price": "117633.31000000", "time": "2025-07-15T13:29:55.969387Z", "fetched_at": "2025-07-15T13:30:09.055393+00:00", "symbol": "BTC-USD"}, {"trade_id": 849568746, "side": "sell", "size": "0.02140161", "price": "117633.31000000", "time": "2025-07-15T13:29:55.965680Z", "fetched_at": "2025-07-15T13:30:09.055393+00:00", "symbol": "BTC-USD"}, {"trade_id": 849568745, "side": "sell", "size": "0.00738837", "price": "117633.31000000", "time": "2025-07-15T13:29:55.962642Z", "fetched_at": "2025-07-15T13:30:09.055393+00:00", "symbol": "BTC-USD"}, {"trade_id": 849568744, "side": "sell", "size": "0.02140161", "price": "117633.31000000", "time": "2025-07-15T13:29:55.959019Z", "fetched_at": "2025-07-15T13:30:09.055393+00:00", "symbol": "BTC-USD"}, {"trade_id": 849568743, "side": "sell", "size": "0.04516360", "price": "117633.72000000", "time": "2025-07-15T13:29:55.767488Z", "fetched_at": "2025-07-15T13:30:09.055393+00:00", "symbol": "BTC-USD"}, {"trade_id": 849568742, "side": "sell", "size": "0.00306218", "price": "117633.72000000", "time": "2025-07-15T13:29:55.764199Z", "fetched_at": "2025-07-15T13:30:09.055393+00:00", "symbol": "BTC-USD"}, {"trade_id": 849568741, "side": "sell", "size": "0.02148245", "price": "117633.72000000", "time": "2025-07-15T13:29:55.759252Z", "fetched_at": "2025-07-15T13:30:09.055393+00:00", "symbol": "BTC-USD"}, {"trade_id": 849568740, "side": "sell", "size": "0.04000638", "price": "117633.73000000", "time": "2025-07-15T13:29:55.750524Z", "fetched_at": "2025-07-15T13:30:09.055393+00:00", "symbol": "BTC-USD"}, {"trade_id": 849568739, "side": "sell", "size": "0.03174635", "price": "117633.73000000", "time": "2025-07-15T13:29:55.746780Z", "fetched_at": "2025-07-15T13:30:09.055393+00:00", "symbol": "BTC-USD"}, {"trade_id": 849568738, "side": "sell", "size": "0.13230000", "price": "117631.58000000", "time": "2025-07-15T13:29:55.743056Z", "fetched_at": "2025-07-15T13:30:09.055393+00:00", "symbol": "BTC-USD"}, {"trade_id": 849568737, "side": "buy", "size": "0.00069991", "price": "117622.75000000", "time": "2025-07-15T13:29:55.620335Z", "fetched_at": "2025-07-15T13:30:09.055393+00:00", "symbol": "BTC-USD"}, {"trade_id": 849568736, "side": "buy", "size": "0.00008502", "price": "117622.76000000", "time": "2025-07-15T13:29:55.620335Z", "fetched_at": "2025-07-15T13:30:09.055393+00:00", "symbol": "BTC-USD"}, {"trade_id": 849568735, "side": "sell", "size": "0.00000006", "price": "117637.64000000", "time": "2025-07-15T13:29:55.580428Z", "fetched_at": "2025-07-15T13:30:09.055393+00:00", "symbol": "BTC-USD"}, {"trade_id": 849568734, "side": "buy", "size": "0.03649078", "price": "117604.88000000", "time": "2025-07-15T13:29:55.490051Z", "fetched_at": "2025-07-15T13:30:09.055393+00:00", "symbol": "BTC-USD"}, {"trade_id": 849568733, "side": "buy", "size": "0.02448962", "price": "117605.50000000", "time": "2025-07-15T13:29:55.490051Z", "fetched_at": "2025-07-15T13:30:09.055393+00:00", "symbol": "BTC-USD"}, {"trade_id": 849568732, "side": "buy", "size": "0.01903525", "price": "117605.51000000", "time": "2025-07-15T13:29:55.490051Z", "fetched_at": "2025-07-15T13:30:09.055393+00:00", "symbol": "BTC-USD"}, {"trade_id": 849568731, "side": "buy", "size": "0.01469377", "price": "117605.51000000", "time": "2025-07-15T13:29:55.490051Z", "fetched_at": "2025-07-15T13:30:09.055393+00:00", "symbol": "BTC-USD"}, {"trade_id": 849568730, "side": "buy", "size": "0.13230000", "price": "117615.95000000", "time": "2025-07-15T13:29:55.490051Z", "fetched_at": "2025-07-15T13:30:09.055393+00:00", "symbol": "BTC-USD"}, {"trade_id": 849568729, "side": "buy", "size": "0.06300185", "price": "117616.51000000", "time": "2025-07-15T13:29:55.490051Z", "fetched_at": "2025-07-15T13:30:09.055393+00:00", "symbol": "BTC-USD"}, {"trade_id": 849568728, "side": "buy", "size": "0.06640478", "price": "117616.55000000", "time": "2025-07-15T13:29:55.490051Z", "fetched_at": "2025-07-15T13:30:09.055393+00:00", "symbol": "BTC-USD"}, {"trade_id": 849568727, "side": "buy", "size": "0.09759380", "price": "117616.56000000", "time": "2025-07-15T13:29:55.490051Z", "fetched_at": "2025-07-15T13:30:09.055393+00:00", "symbol": "BTC-USD"}, {"trade_id": 849568726, "side": "buy", "size": "0.00850133", "price": "117621.75000000", "time": "2025-07-15T13:29:55.490051Z", "fetched_at": "2025-07-15T13:30:09.055393+00:00", "symbol": "BTC-USD"}, {"trade_id": 849568725, "side": "buy", "size": "0.00008502", "price": "117621.76000000", "time": "2025-07-15T13:29:55.490051Z", "fetched_at": "2025-07-15T13:30:09.055393+00:00", "symbol": "BTC-USD"}, {"trade_id": 849568724, "side": "buy", "size": "0.00000110", "price": "117627.77000000", "time": "2025-07-15T13:29:55.490051Z", "fetched_at": "2025-07-15T13:30:09.055393+00:00", "symbol": "BTC-USD"}, {"trade_id": 849568723, "side": "buy", "size": "0.00000348", "price": "117642.56000000", "time": "2025-07-15T13:29:55.490051Z", "fetched_at": "2025-07-15T13:30:09.055393+00:00", "symbol": "BTC-USD"}, {"trade_id": 849568722, "side": "buy", "size": "0.00820254", "price": "117642.56000000", "time": "2025-07-15T13:29:55.490051Z", "fetched_at": "2025-07-15T13:30:09.055393+00:00", "symbol": "BTC-USD"}, {"trade_id": 849568721, "side": "sell", "size": "0.13230000", "price": "117642.57000000", "time": "2025-07-15T13:29:55.418943Z", "fetched_at": "2025-07-15T13:30:09.055393+00:00", "symbol": "BTC-USD"}, {"trade_id": 849568720, "side": "sell", "size": "0.00168305", "price": "117642.57000000", "time": "2025-07-15T13:29:55.406932Z", "fetched_at": "2025-07-15T13:30:09.055393+00:00", "symbol": "BTC-USD"}, {"trade_id": 849568719, "side": "sell", "size": "0.02170265", "price": "117642.57000000", "time": "2025-07-15T13:29:55.254324Z", "fetched_at": "2025-07-15T13:30:09.055393+00:00", "symbol": "BTC-USD"}, {"trade_id": 849568718, "side": "sell", "size": "0.00121951", "price": "117642.57000000", "time": "2025-07-15T13:29:55.250323Z", "fetched_at": "2025-07-15T13:30:09.055393+00:00", "symbol": "BTC-USD"}, {"trade_id": 849568717, "side": "sell", "size": "0.00367845", "price": "117642.57000000", "time": "2025-07-15T13:29:55.250323Z", "fetched_at": "2025-07-15T13:30:09.055393+00:00", "symbol": "BTC-USD"}, {"trade_id": 849568716, "side": "sell", "size": "0.00315345", "price": "117642.57000000", "time": "2025-07-15T13:29:55.245407Z", "fetched_at": "2025-07-15T13:30:09.055393+00:00", "symbol": "BTC-USD"}, {"trade_id": 849568715, "side": "sell", "size": "0.01555980", "price": "117642.57000000", "time": "2025-07-15T13:29:55.241890Z", "fetched_at": "2025-07-15T13:30:09.055393+00:00", "symbol": "BTC-USD"}, {"trade_id": 849568714, "side": "sell", "size": "0.00483459", "price": "117642.57000000", "time": "2025-07-15T13:29:55.241890Z", "fetched_at": "2025-07-15T13:30:09.055393+00:00", "symbol": "BTC-USD"}, {"trade_id": 849568713, "side": "sell", "size": "0.00310433", "price": "117642.57000000", "time": "2025-07-15T13:29:55.238807Z", "fetched_at": "2025-07-15T13:30:09.055393+00:00", "symbol": "BTC-USD"}, {"trade_id": 849568712, "side": "sell", "size": "0.01403620", "price": "117642.57000000", "time": "2025-07-15T13:29:55.234487Z", "fetched_at": "2025-07-15T13:30:09.055393+00:00", "symbol": "BTC-USD"}, {"trade_id": 849568711, "side": "sell", "size": "0.00477357", "price": "117642.57000000", "time": "2025-07-15T13:29:55.234487Z", "fetched_at": "2025-07-15T13:30:09.055393+00:00", "symbol": "BTC-USD"}, {"trade_id": 849568710, "side": "sell", "size": "0.00430648", "price": "117642.57000000", "time": "2025-07-15T13:29:55.208939Z", "fetched_at": "2025-07-15T13:30:09.055393+00:00", "symbol": "BTC-USD"}, {"trade_id": 849568709, "side": "sell", "size": "0.00230495", "price": "117642.57000000", "time": "2025-07-15T13:29:55.203196Z", "fetched_at": "2025-07-15T13:30:09.055393+00:00", "symbol": "BTC-USD"}, {"trade_id": 849568708, "side": "sell", "size": "0.01760391", "price": "117642.57000000", "time": "2025-07-15T13:29:55.198888Z", "fetched_at": "2025-07-15T13:30:09.055393+00:00", "symbol": "BTC-USD"}, {"trade_id": 849568707, "side": "sell", "size": "0.00970465", "price": "117642.57000000", "time": "2025-07-15T13:29:55.194915Z", "fetched_at": "2025-07-15T13:30:09.055393+00:00", "symbol": "BTC-USD"}, {"trade_id": 849568706, "side": "sell", "size": "0.04727443", "price": "117642.57000000", "time": "2025-07-15T13:29:55.190779Z", "fetched_at": "2025-07-15T13:30:09.055393+00:00", "symbol": "BTC-USD"}, {"trade_id": 849568705, "side": "sell", "size": "0.02156915", "price": "117642.57000000", "time": "2025-07-15T13:29:55.184718Z", "fetched_at": "2025-07-15T13:30:09.055393+00:00", "symbol": "BTC-USD"}, {"trade_id": 849568704, "side": "sell", "size": "0.00322090", "price": "117642.57000000", "time": "2025-07-15T13:29:55.174766Z", "fetched_at": "2025-07-15T13:30:09.055393+00:00", "symbol": "BTC-USD"}, {"trade_id": 849568703, "side": "sell", "size": "0.00322090", "price": "117642.57000000", "time": "2025-07-15T13:29:55.163337Z", "fetched_at": "2025-07-15T13:30:09.055393+00:00", "symbol": "BTC-USD"}, {"trade_id": 849568702, "side": "sell", "size": "0.00016519", "price": "117642.57000000", "time": "2025-07-15T13:29:55.115127Z", "fetched_at": "2025-07-15T13:30:09.055393+00:00", "symbol": "BTC-USD"}, {"trade_id": 849568701, "side": "sell", "size": "0.01815587", "price": "117642.57000000", "time": "2025-07-15T13:29:55.061656Z", "fetched_at": "2025-07-15T13:30:09.055393+00:00", "symbol": "BTC-USD"}, {"trade_id": 849568700, "side": "sell", "size": "0.00796000", "price": "117642.57000000", "time": "2025-07-15T13:29:55.058550Z", "fetched_at": "2025-07-15T13:30:09.055393+00:00", "symbol": "BTC-USD"}, {"trade_id": 849568699, "side": "sell", "size": "0.00262600", "price": "117644.90000000", "time": "2025-07-15T13:29:55.052517Z", "fetched_at": "2025-07-15T13:30:09.055393+00:00", "symbol": "BTC-USD"}, {"trade_id": 849568698, "side": "buy", "size": "0.00098250", "price": "117644.87000000", "time": "2025-07-15T13:29:55.049684Z", "fetched_at": "2025-07-15T13:30:09.055393+00:00", "symbol": "BTC-USD"}, {"trade_id": 849568697, "side": "buy", "size": "0.03422711", "price": "117644.89000000", "time": "2025-07-15T13:29:55.049684Z", "fetched_at": "2025-07-15T13:30:09.055393+00:00", "symbol": "BTC-USD"}, {"trade_id": 849568696, "side": "sell", "size": "0.07339354", "price": "117644.90000000", "time": "2025-07-15T13:29:55.048859Z", "fetched_at": "2025-07-15T13:30:09.055393+00:00", "symbol": "BTC-USD"}, {"trade_id": 849568695, "side": "sell", "size": "0.00796000", "price": "117644.90000000", "time": "2025-07-15T13:29:55.041089Z", "fetched_at": "2025-07-15T13:30:09.055393+00:00", "symbol": "BTC-USD"}, {"trade_id": 849568694, "side": "sell", "size": "0.00934387", "price": "117644.90000000", "time": "2025-07-15T13:29:55.037674Z", "fetched_at": "2025-07-15T13:30:09.055393+00:00", "symbol": "BTC-USD"}, {"trade_id": 849568693, "side": "sell", "size": "0.12295613", "price": "117644.90000000", "time": "2025-07-15T13:29:55.033735Z", "fetched_at": "2025-07-15T13:30:09.055393+00:00", "symbol": "BTC-USD"}, {"trade_id": 849568692, "side": "sell", "size": "0.00796000", "price": "117644.90000000", "time": "2025-07-15T13:29:55.033735Z", "fetched_at": "2025-07-15T13:30:09.055393+00:00", "symbol": "BTC-USD"}, {"trade_id": 849568691, "side": "buy", "size": "0.00077289", "price": "117644.89000000", "time": "2025-07-15T13:29:54.952615Z", "fetched_at": "2025-07-15T13:30:09.055393+00:00", "symbol": "BTC-USD"}, {"trade_id": 849568690, "side": "buy", "size": "0.00029882", "price": "117642.56000000", "time": "2025-07-15T13:29:54.926112Z", "fetched_at": "2025-07-15T13:30:09.055393+00:00", "symbol": "BTC-USD"}, {"trade_id": 849568689, "side": "sell", "size": "0.00326476", "price": "117654.28000000", "time": "2025-07-15T13:29:54.727619Z", "fetched_at": "2025-07-15T13:30:09.055393+00:00", "symbol": "BTC-USD"}, {"trade_id": 849568688, "side": "sell", "size": "0.00406459", "price": "117654.28000000", "time": "2025-07-15T13:29:54.724035Z", "fetched_at": "2025-07-15T13:30:09.055393+00:00", "symbol": "BTC-USD"}, {"trade_id": 849568687, "side": "sell", "size": "0.00313829", "price": "117654.28000000", "time": "2025-07-15T13:29:54.720213Z", "fetched_at": "2025-07-15T13:30:09.055393+00:00", "symbol": "BTC-USD"}, {"trade_id": 849568686, "side": "sell", "size": "0.00295815", "price": "117654.28000000", "time": "2025-07-15T13:29:54.715405Z", "fetched_at": "2025-07-15T13:30:09.055393+00:00", "symbol": "BTC-USD"}, {"trade_id": 849568685, "side": "sell", "size": "0.00206595", "price": "117654.28000000", "time": "2025-07-15T13:29:54.711773Z", "fetched_at": "2025-07-15T13:30:09.055393+00:00", "symbol": "BTC-USD"}, {"trade_id": 849568684, "side": "sell", "size": "0.04105082", "price": "117654.28000000", "time": "2025-07-15T13:29:54.707953Z", "fetched_at": "2025-07-15T13:30:09.055393+00:00", "symbol": "BTC-USD"}, {"trade_id": 849568683, "side": "sell", "size": "0.04105082", "price": "117654.28000000", "time": "2025-07-15T13:29:54.704657Z", "fetched_at": "2025-07-15T13:30:09.055393+00:00", "symbol": "BTC-USD"}, {"trade_id": 849568682, "side": "sell", "size": "0.01594823", "price": "117646.96000000", "time": "2025-07-15T13:29:54.411037Z", "fetched_at": "2025-07-15T13:30:09.055393+00:00", "symbol": "BTC-USD"}, {"trade_id": 849568681, "side": "sell", "size": "0.00850007", "price": "117646.12000000", "time": "2025-07-15T13:29:54.411037Z", "fetched_at": "2025-07-15T13:30:09.055393+00:00", "symbol": "BTC-USD"}, {"trade_id": 849568680, "side": "sell", "size": "0.13230000", "price": "117644.35000000", "time": "2025-07-15T13:29:54.411037Z", "fetched_at": "2025-07-15T13:30:09.055393+00:00", "symbol": "BTC-USD"}, {"trade_id": 849568679, "side": "sell", "size": "0.00380953", "price": "117644.35000000", "time": "2025-07-15T13:29:54.411037Z", "fetched_at": "2025-07-15T13:30:09.055393+00:00", "symbol": "BTC-USD"}, {"trade_id": 849568678, "side": "sell", "size": "0.00000042", "price": "117644.36000000", "time": "2025-07-15T13:29:54.341993Z", "fetched_at": "2025-07-15T13:30:09.055393+00:00", "symbol": "BTC-USD"}, {"trade_id": 849568677, "side": "sell", "size": "0.05889776", "price": "117643.83000000", "time": "2025-07-15T13:29:54.171770Z", "fetched_at": "2025-07-15T13:30:09.055393+00:00", "symbol": "BTC-USD"}, {"trade_id": 849568676, "side": "buy", "size": "0.13196608", "price": "117625.20000000", "time": "2025-07-15T13:29:54.086470Z", "fetched_at": "2025-07-15T13:30:09.055393+00:00", "symbol": "BTC-USD"}, {"trade_id": 849568675, "side": "buy", "size": "0.03000000", "price": "117625.75000000", "time": "2025-07-15T13:29:54.086470Z", "fetched_at": "2025-07-15T13:30:09.055393+00:00", "symbol": "BTC-USD"}, {"trade_id": 849568674, "side": "buy", "size": "0.03500000", "price": "117625.75000000", "time": "2025-07-15T13:29:54.086470Z", "fetched_at": "2025-07-15T13:30:09.055393+00:00", "symbol": "BTC-USD"}, {"trade_id": 849568673, "side": "buy", "size": "0.11679932", "price": "117625.76000000", "time": "2025-07-15T13:29:54.086470Z", "fetched_at": "2025-07-15T13:30:09.055393+00:00", "symbol": "BTC-USD"}, {"trade_id": 849568672, "side": "buy", "size": "0.00007570", "price": "117625.76000000", "time": "2025-07-15T13:29:54.086470Z", "fetched_at": "2025-07-15T13:30:09.055393+00:00", "symbol": "BTC-USD"}, {"trade_id": 849568671, "side": "sell", "size": "0.00009256", "price": "117654.46000000", "time": "2025-07-15T13:29:53.985208Z", "fetched_at": "2025-07-15T13:30:09.055393+00:00", "symbol": "BTC-USD"}, {"trade_id": 849568670, "side": "sell", "size": "0.00012307", "price": "117647.00000000", "time": "2025-07-15T13:29:53.543886Z", "fetched_at": "2025-07-15T13:30:09.055393+00:00", "symbol": "BTC-USD"}, {"trade_id": 849568669, "side": "sell", "size": "0.00744577", "price": "117645.24000000", "time": "2025-07-15T13:29:53.509663Z", "fetched_at": "2025-07-15T13:30:09.055393+00:00", "symbol": "BTC-USD"}, {"trade_id": 849568668, "side": "sell", "size": "0.00744577", "price": "117645.24000000", "time": "2025-07-15T13:29:53.505320Z", "fetched_at": "2025-07-15T13:30:09.055393+00:00", "symbol": "BTC-USD"}, {"trade_id": 849568667, "side": "sell", "size": "0.00744577", "price": "117645.24000000", "time": "2025-07-15T13:29:53.501282Z", "fetched_at": "2025-07-15T13:30:09.055393+00:00", "symbol": "BTC-USD"}, {"trade_id": 849568666, "side": "sell", "size": "0.00744577", "price": "117645.24000000", "time": "2025-07-15T13:29:53.496648Z", "fetched_at": "2025-07-15T13:30:09.055393+00:00", "symbol": "BTC-USD"}, {"trade_id": 849568665, "side": "sell", "size": "0.00744577", "price": "117645.24000000", "time": "2025-07-15T13:29:53.493069Z", "fetched_at": "2025-07-15T13:30:09.055393+00:00", "symbol": "BTC-USD"}, {"trade_id": 849568664, "side": "sell", "size": "0.00728808", "price": "117645.24000000", "time": "2025-07-15T13:29:53.489383Z", "fetched_at": "2025-07-15T13:30:09.055393+00:00", "symbol": "BTC-USD"}, {"trade_id": 849568663, "side": "sell", "size": "0.00000487", "price": "117641.99000000", "time": "2025-07-15T13:29:53.489383Z", "fetched_at": "2025-07-15T13:30:09.055393+00:00", "symbol": "BTC-USD"}, {"trade_id": 849568662, "side": "sell", "size": "0.00015282", "price": "117641.99000000", "time": "2025-07-15T13:29:53.489383Z", "fetched_at": "2025-07-15T13:30:09.055393+00:00", "symbol": "BTC-USD"}, {"trade_id": 849568661, "side": "sell", "size": "0.05918110", "price": "117647.62000000", "time": "2025-07-15T13:29:53.397708Z", "fetched_at": "2025-07-15T13:30:09.055393+00:00", "symbol": "BTC-USD"}, {"trade_id": 849568660, "side": "sell", "size": "0.09058410", "price": "117647.12000000", "time": "2025-07-15T13:29:53.397708Z", "fetched_at": "2025-07-15T13:30:09.055393+00:00", "symbol": "BTC-USD"}, {"trade_id": 849568659, "side": "sell", "size": "0.06636107", "price": "117645.30000000", "time": "2025-07-15T13:29:53.397708Z", "fetched_at": "2025-07-15T13:30:09.055393+00:00", "symbol": "BTC-USD"}, {"trade_id": 849568658, "side": "sell", "size": "0.07242974", "price": "117645.26000000", "time": "2025-07-15T13:29:53.397708Z", "fetched_at": "2025-07-15T13:30:09.055393+00:00", "symbol": "BTC-USD"}, {"trade_id": 849568657, "side": "sell", "size": "0.11679932", "price": "117645.25000000", "time": "2025-07-15T13:29:53.397708Z", "fetched_at": "2025-07-15T13:30:09.055393+00:00", "symbol": "BTC-USD"}, {"trade_id": 849568656, "side": "sell", "size": "0.00000664", "price": "117645.22000000", "time": "2025-07-15T13:29:53.397708Z", "fetched_at": "2025-07-15T13:30:09.055393+00:00", "symbol": "BTC-USD"}, {"trade_id": 849568655, "side": "sell", "size": "0.00000093", "price": "117644.32000000", "time": "2025-07-15T13:29:53.397708Z", "fetched_at": "2025-07-15T13:30:09.055393+00:00", "symbol": "BTC-USD"}, {"trade_id": 849568654, "side": "sell", "size": "0.00010127", "price": "117636.82000000", "time": "2025-07-15T13:29:53.397708Z", "fetched_at": "2025-07-15T13:30:09.055393+00:00", "symbol": "BTC-USD"}, {"trade_id": 849568653, "side": "sell", "size": "0.00047080", "price": "117635.83000000", "time": "2025-07-15T13:29:53.023477Z", "fetched_at": "2025-07-15T13:30:09.055393+00:00", "symbol": "BTC-USD"}, {"trade_id": 849568652, "side": "buy", "size": "0.13230000", "price": "117605.99000000", "time": "2025-07-15T13:29:52.475334Z", "fetched_at": "2025-07-15T13:30:09.055393+00:00", "symbol": "BTC-USD"}, {"trade_id": 849568651, "side": "buy", "size": "0.05769697", "price": "117606.00000000", "time": "2025-07-15T13:29:52.475334Z", "fetched_at": "2025-07-15T13:30:09.055393+00:00", "symbol": "BTC-USD"}, {"trade_id": 849568650, "side": "buy", "size": "0.06418147", "price": "117607.52000000", "time": "2025-07-15T13:29:52.475334Z", "fetched_at": "2025-07-15T13:30:09.055393+00:00", "symbol": "BTC-USD"}, {"trade_id": 849568649, "side": "buy", "size": "0.02560000", "price": "117607.54000000", "time": "2025-07-15T13:29:52.475334Z", "fetched_at": "2025-07-15T13:30:09.055393+00:00", "symbol": "BTC-USD"}, {"trade_id": 849568648, "side": "buy", "size": "0.08475423", "price": "117607.55000000", "time": "2025-07-15T13:29:52.475334Z", "fetched_at": "2025-07-15T13:30:09.055393+00:00", "symbol": "BTC-USD"}, {"trade_id": 849568647, "side": "buy", "size": "0.11679932", "price": "117607.56000000", "time": "2025-07-15T13:29:52.475334Z", "fetched_at": "2025-07-15T13:30:09.055393+00:00", "symbol": "BTC-USD"}, {"trade_id": 849568646, "side": "buy", "size": "0.00008501", "price": "117634.57000000", "time": "2025-07-15T13:29:52.475334Z", "fetched_at": "2025-07-15T13:30:09.055393+00:00", "symbol": "BTC-USD"}, {"trade_id": 849568645, "side": "buy", "size": "0.13230000", "price": "117634.92000000", "time": "2025-07-15T13:29:52.475334Z", "fetched_at": "2025-07-15T13:30:09.055393+00:00", "symbol": "BTC-USD"}, {"trade_id": 849568644, "side": "sell", "size": "0.00000331", "price": "117642.56000000", "time": "2025-07-15T13:29:52.376851Z", "fetched_at": "2025-07-15T13:30:09.055393+00:00", "symbol": "BTC-USD"}, {"trade_id": 849568643, "side": "sell", "size": "0.00226921", "price": "117642.53000000", "time": "2025-07-15T13:29:52.366233Z", "fetched_at": "2025-07-15T13:30:09.055393+00:00", "symbol": "BTC-USD"}, {"trade_id": 849568642, "side": "sell", "size": "0.00153587", "price": "117642.53000000", "time": "2025-07-15T13:29:52.366233Z", "fetched_at": "2025-07-15T13:30:09.055393+00:00", "symbol": "BTC-USD"}, {"trade_id": 849568641, "side": "sell", "size": "0.00332206", "price": "117642.53000000", "time": "2025-07-15T13:29:52.362623Z", "fetched_at": "2025-07-15T13:30:09.055393+00:00", "symbol": "BTC-USD"}, {"trade_id": 849568640, "side": "sell", "size": "0.00336588", "price": "117642.53000000", "time": "2025-07-15T13:29:52.358785Z", "fetched_at": "2025-07-15T13:30:09.055393+00:00", "symbol": "BTC-USD"}, {"trade_id": 849568639, "side": "sell", "size": "0.00316056", "price": "117642.53000000", "time": "2025-07-15T13:29:52.354754Z", "fetched_at": "2025-07-15T13:30:09.055393+00:00", "symbol": "BTC-USD"}, {"trade_id": 849568638, "side": "sell", "size": "0.00430580", "price": "117642.53000000", "time": "2025-07-15T13:29:52.351172Z", "fetched_at": "2025-07-15T13:30:09.055393+00:00", "symbol": "BTC-USD"}, {"trade_id": 849568637, "side": "sell", "size": "0.00430580", "price": "117642.53000000", "time": "2025-07-15T13:29:52.349212Z", "fetched_at": "2025-07-15T13:30:09.055393+00:00", "symbol": "BTC-USD"}, {"trade_id": 849568636, "side": "sell", "size": "0.00430580", "price": "117642.53000000", "time": "2025-07-15T13:29:52.343704Z", "fetched_at": "2025-07-15T13:30:09.055393+00:00", "symbol": "BTC-USD"}, {"trade_id": 849568635, "side": "sell", "size": "0.00355971", "price": "117642.56000000", "time": "2025-07-15T13:29:51.125055Z", "fetched_at": "2025-07-15T13:30:09.055393+00:00", "symbol": "BTC-USD"}, {"trade_id": 849568634, "side": "sell", "size": "0.00983854", "price": "117642.56000000", "time": "2025-07-15T13:29:51.121999Z", "fetched_at": "2025-07-15T13:30:09.055393+00:00", "symbol": "BTC-USD"}, {"trade_id": 849568633, "side": "sell", "size": "0.00246052", "price": "117642.56000000", "time": "2025-07-15T13:29:51.117992Z", "fetched_at": "2025-07-15T13:30:09.055393+00:00", "symbol": "BTC-USD"}, {"trade_id": 849568632, "side": "sell", "size": "0.00983854", "price": "117642.56000000", "time": "2025-07-15T13:29:51.115603Z", "fetched_at": "2025-07-15T13:30:09.055393+00:00", "symbol": "BTC-USD"}, {"trade_id": 849568631, "side": "sell", "size": "0.00983854", "price": "117642.56000000", "time": "2025-07-15T13:29:51.112414Z", "fetched_at": "2025-07-15T13:30:09.055393+00:00", "symbol": "BTC-USD"}, {"trade_id": 849568630, "side": "sell", "size": "0.00983854", "price": "117642.56000000", "time": "2025-07-15T13:29:51.109025Z", "fetched_at": "2025-07-15T13:30:09.055393+00:00", "symbol": "BTC-USD"}, {"trade_id": 849568629, "side": "sell", "size": "0.00983854", "price": "117642.56000000", "time": "2025-07-15T13:29:51.104297Z", "fetched_at": "2025-07-15T13:30:09.055393+00:00", "symbol": "BTC-USD"}, {"trade_id": 849568628, "side": "sell", "size": "0.00983854", "price": "117642.56000000", "time": "2025-07-15T13:29:51.100913Z", "fetched_at": "2025-07-15T13:30:09.055393+00:00", "symbol": "BTC-USD"}, {"trade_id": 849568627, "side": "buy", "size": "0.13230000", "price": "117621.11000000", "time": "2025-07-15T13:29:50.880558Z", "fetched_at": "2025-07-15T13:30:09.055393+00:00", "symbol": "BTC-USD"}, {"trade_id": 849568626, "side": "buy", "size": "0.00008117", "price": "117621.12000000", "time": "2025-07-15T13:29:50.880558Z", "fetched_at": "2025-07-15T13:30:09.055393+00:00", "symbol": "BTC-USD"}, {"trade_id": 849568625, "side": "buy", "size": "0.01922502", "price": "117632.75000000", "time": "2025-07-15T13:29:50.880558Z", "fetched_at": "2025-07-15T13:30:09.055393+00:00", "symbol": "BTC-USD"}, {"trade_id": 849568624, "side": "buy", "size": "0.04000000", "price": "117635.96000000", "time": "2025-07-15T13:29:50.880558Z", "fetched_at": "2025-07-15T13:30:09.055393+00:00", "symbol": "BTC-USD"}, {"trade_id": 849568623, "side": "sell", "size": "0.00003333", "price": "117643.73000000", "time": "2025-07-15T13:29:50.782384Z", "fetched_at": "2025-07-15T13:30:09.055393+00:00", "symbol": "BTC-USD"}, {"trade_id": 849568622, "side": "sell", "size": "0.00000664", "price": "117642.67000000", "time": "2025-07-15T13:29:50.782384Z", "fetched_at": "2025-07-15T13:30:09.055393+00:00", "symbol": "BTC-USD"}, {"trade_id": 849568621, "side": "sell", "size": "0.04352298", "price": "117641.21000000", "time": "2025-07-15T13:29:50.757053Z", "fetched_at": "2025-07-15T13:30:09.055393+00:00", "symbol": "BTC-USD"}, {"trade_id": 849568620, "side": "sell", "size": "0.00023503", "price": "117641.19000000", "time": "2025-07-15T13:29:50.757053Z", "fetched_at": "2025-07-15T13:30:09.055393+00:00", "symbol": "BTC-USD"}, {"trade_id": 849568619, "side": "sell", "size": "0.04352298", "price": "117641.18000000", "time": "2025-07-15T13:29:50.757053Z", "fetched_at": "2025-07-15T13:30:09.055393+00:00", "symbol": "BTC-USD"}, {"trade_id": 849568618, "side": "sell", "size": "0.06636107", "price": "117641.17000000", "time": "2025-07-15T13:29:50.757053Z", "fetched_at": "2025-07-15T13:30:09.055393+00:00", "symbol": "BTC-USD"}, {"trade_id": 849568617, "side": "sell", "size": "0.13230000", "price": "117641.15000000", "time": "2025-07-15T13:29:50.757053Z", "fetched_at": "2025-07-15T13:30:09.055393+00:00", "symbol": "BTC-USD"}, {"trade_id": 849568616, "side": "sell", "size": "0.11679932", "price": "117641.15000000", "time": "2025-07-15T13:29:50.757053Z", "fetched_at": "2025-07-15T13:30:09.055393+00:00", "symbol": "BTC-USD"}, {"trade_id": 849568615, "side": "sell", "size": "0.12754692", "price": "117631.26000000", "time": "2025-07-15T13:29:50.380433Z", "fetched_at": "2025-07-15T13:30:09.055393+00:00", "symbol": "BTC-USD"}, {"trade_id": 849568614, "side": "sell", "size": "0.00000212", "price": "117631.26000000", "time": "2025-07-15T13:29:50.380433Z", "fetched_at": "2025-07-15T13:30:09.055393+00:00", "symbol": "BTC-USD"}, {"trade_id": 849568613, "side": "sell", "size": "0.13230000", "price": "117631.26000000", "time": "2025-07-15T13:29:50.370027Z", "fetched_at": "2025-07-15T13:30:09.055393+00:00", "symbol": "BTC-USD"}, {"trade_id": 849568612, "side": "sell", "size": "0.00674000", "price": "117631.26000000", "time": "2025-07-15T13:29:50.370027Z", "fetched_at": "2025-07-15T13:30:09.055393+00:00", "symbol": "BTC-USD"}, {"trade_id": 849568611, "side": "buy", "size": "0.00850054", "price": "117639.54000000", "time": "2025-07-15T13:29:50.287688Z", "fetched_at": "2025-07-15T13:30:09.055393+00:00", "symbol": "BTC-USD"}, {"trade_id": 849568610, "side": "buy", "size": "0.00002259", "price": "117641.30000000", "time": "2025-07-15T13:29:50.287688Z", "fetched_at": "2025-07-15T13:30:09.055393+00:00", "symbol": "BTC-USD"}, {"trade_id": 849568609, "side": "buy", "size": "0.04300000", "price": "117641.30000000", "time": "2025-07-15T13:29:50.287688Z", "fetched_at": "2025-07-15T13:30:09.055393+00:00", "symbol": "BTC-USD"}, {"trade_id": 849568608, "side": "buy", "size": "0.00000119", "price": "117641.30000000", "time": "2025-07-15T13:29:50.287688Z", "fetched_at": "2025-07-15T13:30:09.055393+00:00", "symbol": "BTC-USD"}, {"trade_id": 849568607, "side": "buy", "size": "0.00000357", "price": "117641.31000000", "time": "2025-07-15T13:29:50.287688Z", "fetched_at": "2025-07-15T13:30:09.055393+00:00", "symbol": "BTC-USD"}, {"trade_id": 849568606, "side": "sell", "size": "0.00165291", "price": "117642.67000000", "time": "2025-07-15T13:29:50.100391Z", "fetched_at": "2025-07-15T13:30:09.055393+00:00", "symbol": "BTC-USD"}, {"trade_id": 849568605, "side": "sell", "size": "0.00165291", "price": "117642.67000000", "time": "2025-07-15T13:29:50.096153Z", "fetched_at": "2025-07-15T13:30:09.055393+00:00", "symbol": "BTC-USD"}, {"trade_id": 849568604, "side": "sell", "size": "0.00165291", "price": "117642.67000000", "time": "2025-07-15T13:29:50.092543Z", "fetched_at": "2025-07-15T13:30:09.055393+00:00", "symbol": "BTC-USD"}, {"trade_id": 849568603, "side": "sell", "size": "0.00165291", "price": "117642.67000000", "time": "2025-07-15T13:29:50.088153Z", "fetched_at": "2025-07-15T13:30:09.055393+00:00", "symbol": "BTC-USD"}, {"trade_id": 849568602, "side": "sell", "size": "0.00165291", "price": "117642.67000000", "time": "2025-07-15T13:29:50.084375Z", "fetched_at": "2025-07-15T13:30:09.055393+00:00", "symbol": "BTC-USD"}, {"trade_id": 849568601, "side": "sell", "size": "0.00418204", "price": "117642.67000000", "time": "2025-07-15T13:29:50.042646Z", "fetched_at": "2025-07-15T13:30:09.055393+00:00", "symbol": "BTC-USD"}, {"trade_id": 849568600, "side": "sell", "size": "0.00339191", "price": "117642.67000000", "time": "2025-07-15T13:29:50.038548Z", "fetched_at": "2025-07-15T13:30:09.055393+00:00", "symbol": "BTC-USD"}, {"trade_id": 849568599, "side": "sell", "size": "0.00738942", "price": "117642.67000000", "time": "2025-07-15T13:29:50.033622Z", "fetched_at": "2025-07-15T13:30:09.055393+00:00", "symbol": "BTC-USD"}, {"trade_id": 849568598, "side": "sell", "size": "0.00195622", "price": "117642.67000000", "time": "2025-07-15T13:29:49.992219Z", "fetched_at": "2025-07-15T13:30:09.055393+00:00", "symbol": "BTC-USD"}, {"trade_id": 849568597, "side": "sell", "size": "0.00042171", "price": "117654.46000000", "time": "2025-07-15T13:29:49.879089Z", "fetched_at": "2025-07-15T13:30:09.055393+00:00", "symbol": "BTC-USD"}, {"trade_id": 849568596, "side": "sell", "size": "0.13230000", "price": "117645.92000000", "time": "2025-07-15T13:29:49.750340Z", "fetched_at": "2025-07-15T13:30:09.055393+00:00", "symbol": "BTC-USD"}, {"trade_id": 849568595, "side": "sell", "size": "0.02243412", "price": "117645.92000000", "time": "2025-07-15T13:29:49.750340Z", "fetched_at": "2025-07-15T13:30:09.055393+00:00", "symbol": "BTC-USD"}, {"trade_id": 849568594, "side": "sell", "size": "0.00756588", "price": "117645.92000000", "time": "2025-07-15T13:29:49.746227Z", "fetched_at": "2025-07-15T13:30:09.055393+00:00", "symbol": "BTC-USD"}, {"trade_id": 849568593, "side": "sell", "size": "0.00010127", "price": "117641.31000000", "time": "2025-07-15T13:29:49.680901Z", "fetched_at": "2025-07-15T13:30:09.055393+00:00", "symbol": "BTC-USD"}, {"trade_id": 849568592, "side": "sell", "size": "0.03935403", "price": "117643.06000000", "time": "2025-07-15T13:29:49.670326Z", "fetched_at": "2025-07-15T13:30:09.055393+00:00", "symbol": "BTC-USD"}, {"trade_id": 849568591, "side": "sell", "size": "0.03460818", "price": "117643.06000000", "time": "2025-07-15T13:29:49.666162Z", "fetched_at": "2025-07-15T13:30:09.055393+00:00", "symbol": "BTC-USD"}, {"trade_id": 849568590, "side": "sell", "size": "0.00850029", "price": "117643.06000000", "time": "2025-07-15T13:29:49.663556Z", "fetched_at": "2025-07-15T13:30:09.055393+00:00", "symbol": "BTC-USD"}, {"trade_id": 849568589, "side": "sell", "size": "0.00850029", "price": "117643.07000000", "time": "2025-07-15T13:29:49.659628Z", "fetched_at": "2025-07-15T13:30:09.055393+00:00", "symbol": "BTC-USD"}, {"trade_id": 849568588, "side": "sell", "size": "0.06636107", "price": "117641.31000000", "time": "2025-07-15T13:29:49.655075Z", "fetched_at": "2025-07-15T13:30:09.055393+00:00", "symbol": "BTC-USD"}, {"trade_id": 849568587, "side": "sell", "size": "0.02631578", "price": "117641.31000000", "time": "2025-07-15T13:29:49.655075Z", "fetched_at": "2025-07-15T13:30:09.055393+00:00", "symbol": "BTC-USD"}, {"trade_id": 849568586, "side": "sell", "size": "0.02655827", "price": "117641.31000000", "time": "2025-07-15T13:29:49.655075Z", "fetched_at": "2025-07-15T13:30:09.055393+00:00", "symbol": "BTC-USD"}, {"trade_id": 849568585, "side": "sell", "size": "0.00354301", "price": "117641.31000000", "time": "2025-07-15T13:29:49.650995Z", "fetched_at": "2025-07-15T13:30:09.055393+00:00", "symbol": "BTC-USD"}, {"trade_id": 849568584, "side": "sell", "size": "0.01614208", "price": "117641.31000000", "time": "2025-07-15T13:29:49.646876Z", "fetched_at": "2025-07-15T13:30:09.055393+00:00", "symbol": "BTC-USD"}, {"trade_id": 849568583, "side": "sell", "size": "0.00346225", "price": "117641.31000000", "time": "2025-07-15T13:29:49.642690Z", "fetched_at": "2025-07-15T13:30:09.055393+00:00", "symbol": "BTC-USD"}, {"trade_id": 849568582, "side": "sell", "size": "0.00870849", "price": "117641.31000000", "time": "2025-07-15T13:29:49.638634Z", "fetched_at": "2025-07-15T13:30:09.055393+00:00", "symbol": "BTC-USD"}, {"trade_id": 849568581, "side": "sell", "size": "0.00393715", "price": "117641.31000000", "time": "2025-07-15T13:29:49.634590Z", "fetched_at": "2025-07-15T13:30:09.055393+00:00", "symbol": "BTC-USD"}, {"trade_id": 849568580, "side": "sell", "size": "0.01614208", "price": "117641.31000000", "time": "2025-07-15T13:29:49.630798Z", "fetched_at": "2025-07-15T13:30:09.055393+00:00", "symbol": "BTC-USD"}, {"trade_id": 849568579, "side": "sell", "size": "0.00085129", "price": "117641.31000000", "time": "2025-07-15T13:29:49.602494Z", "fetched_at": "2025-07-15T13:30:09.055393+00:00", "symbol": "BTC-USD"}, {"trade_id": 849568578, "side": "sell", "size": "0.00085129", "price": "117641.31000000", "time": "2025-07-15T13:29:49.598773Z", "fetched_at": "2025-07-15T13:30:09.055393+00:00", "symbol": "BTC-USD"}, {"trade_id": 849568577, "side": "sell", "size": "0.00085129", "price": "117641.31000000", "time": "2025-07-15T13:29:49.594596Z", "fetched_at": "2025-07-15T13:30:09.055393+00:00", "symbol": "BTC-USD"}, {"trade_id": 849568576, "side": "sell", "size": "0.00085129", "price": "117641.31000000", "time": "2025-07-15T13:29:49.591254Z", "fetched_at": "2025-07-15T13:30:09.055393+00:00", "symbol": "BTC-USD"}, {"trade_id": 849568575, "side": "sell", "size": "0.00185534", "price": "117641.31000000", "time": "2025-07-15T13:29:49.529435Z", "fetched_at": "2025-07-15T13:30:09.055393+00:00", "symbol": "BTC-USD"}, {"trade_id": 849568574, "side": "sell", "size": "0.00323760", "price": "117641.31000000", "time": "2025-07-15T13:29:49.470394Z", "fetched_at": "2025-07-15T13:30:09.055393+00:00", "symbol": "BTC-USD"}, {"trade_id": 849568573, "side": "sell", "size": "0.00371906", "price": "117641.31000000", "time": "2025-07-15T13:29:49.466580Z", "fetched_at": "2025-07-15T13:30:09.055393+00:00", "symbol": "BTC-USD"}, {"trade_id": 849568572, "side": "sell", "size": "0.00314831", "price": "117641.31000000", "time": "2025-07-15T13:29:49.453344Z", "fetched_at": "2025-07-15T13:30:09.055393+00:00", "symbol": "BTC-USD"}, {"trade_id": 849568571, "side": "sell", "size": "0.03370080", "price": "117641.31000000", "time": "2025-07-15T13:29:49.449502Z", "fetched_at": "2025-07-15T13:30:09.055393+00:00", "symbol": "BTC-USD"}, {"trade_id": 849568570, "side": "sell", "size": "0.00013193", "price": "117641.31000000", "time": "2025-07-15T13:29:49.445710Z", "fetched_at": "2025-07-15T13:30:09.055393+00:00", "symbol": "BTC-USD"}, {"trade_id": 849568569, "side": "sell", "size": "0.00013193", "price": "117641.31000000", "time": "2025-07-15T13:29:49.441397Z", "fetched_at": "2025-07-15T13:30:09.055393+00:00", "symbol": "BTC-USD"}, {"trade_id": 849568568, "side": "sell", "size": "0.00013193", "price": "117641.31000000", "time": "2025-07-15T13:29:49.422345Z", "fetched_at": "2025-07-15T13:30:09.055393+00:00", "symbol": "BTC-USD"}, {"trade_id": 849568567, "side": "sell", "size": "0.00013193", "price": "117641.31000000", "time": "2025-07-15T13:29:49.418399Z", "fetched_at": "2025-07-15T13:30:09.055393+00:00", "symbol": "BTC-USD"}, {"trade_id": 849568566, "side": "sell", "size": "0.00013193", "price": "117641.31000000", "time": "2025-07-15T13:29:49.414674Z", "fetched_at": "2025-07-15T13:30:09.055393+00:00", "symbol": "BTC-USD"}, {"trade_id": 849568565, "side": "sell", "size": "0.00013193", "price": "117641.31000000", "time": "2025-07-15T13:29:49.411863Z", "fetched_at": "2025-07-15T13:30:09.055393+00:00", "symbol": "BTC-USD"}, {"trade_id": 849568564, "side": "sell", "size": "0.00065883", "price": "117641.31000000", "time": "2025-07-15T13:29:49.317711Z", "fetched_at": "2025-07-15T13:30:09.055393+00:00", "symbol": "BTC-USD"}, {"trade_id": 849568563, "side": "sell", "size": "0.00328999", "price": "117641.31000000", "time": "2025-07-15T13:29:49.280123Z", "fetched_at": "2025-07-15T13:30:09.055393+00:00", "symbol": "BTC-USD"}, {"trade_id": 849568562, "side": "buy", "size": "0.00008501", "price": "117641.67000000", "time": "2025-07-15T13:29:49.161048Z", "fetched_at": "2025-07-15T13:30:09.055393+00:00", "symbol": "BTC-USD"}, {"trade_id": 849568561, "side": "buy", "size": "0.01185712", "price": "117607.90000000", "time": "2025-07-15T13:29:49.152492Z", "fetched_at": "2025-07-15T13:30:09.055393+00:00", "symbol": "BTC-USD"}, {"trade_id": 849568560, "side": "buy", "size": "0.03500000", "price": "117610.13000000", "time": "2025-07-15T13:29:49.152492Z", "fetched_at": "2025-07-15T13:30:09.055393+00:00", "symbol": "BTC-USD"}, {"trade_id": 849568559, "side": "buy", "size": "0.05000000", "price": "117610.14000000", "time": "2025-07-15T13:29:49.152492Z", "fetched_at": "2025-07-15T13:30:09.055393+00:00", "symbol": "BTC-USD"}, {"trade_id": 849568558, "side": "buy", "size": "0.07070595", "price": "117610.15000000", "time": "2025-07-15T13:29:49.152492Z", "fetched_at": "2025-07-15T13:30:09.055393+00:00", "symbol": "BTC-USD"}, {"trade_id": 849568557, "side": "buy", "size": "0.11679932", "price": "117610.16000000", "time": "2025-07-15T13:29:49.152492Z", "fetched_at": "2025-07-15T13:30:09.055393+00:00", "symbol": "BTC-USD"}, {"trade_id": 849568556, "side": "buy", "size": "0.07070595", "price": "117610.17000000", "time": "2025-07-15T13:29:49.152492Z", "fetched_at": "2025-07-15T13:30:09.055393+00:00", "symbol": "BTC-USD"}, {"trade_id": 849568555, "side": "buy", "size": "0.13230000", "price": "117629.89000000", "time": "2025-07-15T13:29:49.152492Z", "fetched_at": "2025-07-15T13:30:09.055393+00:00", "symbol": "BTC-USD"}, {"trade_id": 849568554, "side": "buy", "size": "0.00850052", "price": "117639.90000000", "time": "2025-07-15T13:29:49.152492Z", "fetched_at": "2025-07-15T13:30:09.055393+00:00", "symbol": "BTC-USD"}, {"trade_id": 849568553, "side": "buy", "size": "0.00796000", "price": "117641.63000000", "time": "2025-07-15T13:29:49.152492Z", "fetched_at": "2025-07-15T13:30:09.055393+00:00", "symbol": "BTC-USD"}, {"trade_id": 849568552, "side": "buy", "size": "0.02800000", "price": "117641.66000000", "time": "2025-07-15T13:29:49.152492Z", "fetched_at": "2025-07-15T13:30:09.055393+00:00", "symbol": "BTC-USD"}, {"trade_id": 849568551, "side": "buy", "size": "0.00008501", "price": "117641.67000000", "time": "2025-07-15T13:29:49.152492Z", "fetched_at": "2025-07-15T13:30:09.055393+00:00", "symbol": "BTC-USD"}, {"trade_id": 849568550, "side": "sell", "size": "0.00121357", "price": "117647.50000000", "time": "2025-07-15T13:29:48.836508Z", "fetched_at": "2025-07-15T13:30:09.055393+00:00", "symbol": "BTC-USD"}, {"trade_id": 849568549, "side": "sell", "size": "0.00121357", "price": "117647.50000000", "time": "2025-07-15T13:29:48.833351Z", "fetched_at": "2025-07-15T13:30:09.055393+00:00", "symbol": "BTC-USD"}, {"trade_id": 849568548, "side": "sell", "size": "0.02809656", "price": "117649.40000000", "time": "2025-07-15T13:29:48.726675Z", "fetched_at": "2025-07-15T13:30:09.055393+00:00", "symbol": "BTC-USD"}, {"trade_id": 849568547, "side": "sell", "size": "0.07209820", "price": "117647.57000000", "time": "2025-07-15T13:29:48.726675Z", "fetched_at": "2025-07-15T13:30:09.055393+00:00", "symbol": "BTC-USD"}, {"trade_id": 849568546, "side": "sell", "size": "0.03000000", "price": "117647.55000000", "time": "2025-07-15T13:29:48.726675Z", "fetched_at": "2025-07-15T13:30:09.055393+00:00", "symbol": "BTC-USD"}, {"trade_id": 849568545, "side": "sell", "size": "0.03000000", "price": "117647.52000000", "time": "2025-07-15T13:29:48.726675Z", "fetched_at": "2025-07-15T13:30:09.055393+00:00", "symbol": "BTC-USD"}