[{"trade_id": 849748699, "side": "sell", "size": "0.00403294", "price": "117285.09000000", "time": "2025-07-15T16:39:27.000168Z", "fetched_at": "2025-07-15T16:39:33.077717+00:00", "symbol": "BTC-USD"}, {"trade_id": 849748698, "side": "sell", "size": "0.00001066", "price": "117285.09000000", "time": "2025-07-15T16:39:27.000168Z", "fetched_at": "2025-07-15T16:39:33.077717+00:00", "symbol": "BTC-USD"}, {"trade_id": 849748697, "side": "buy", "size": "0.01290322", "price": "117285.06000000", "time": "2025-07-15T16:39:26.460540Z", "fetched_at": "2025-07-15T16:39:33.077717+00:00", "symbol": "BTC-USD"}, {"trade_id": 849748696, "side": "buy", "size": "0.05231225", "price": "117285.11000000", "time": "2025-07-15T16:39:26.460540Z", "fetched_at": "2025-07-15T16:39:33.077717+00:00", "symbol": "BTC-USD"}, {"trade_id": 849748695, "side": "buy", "size": "0.00426281", "price": "117287.03000000", "time": "2025-07-15T16:39:26.460540Z", "fetched_at": "2025-07-15T16:39:33.077717+00:00", "symbol": "BTC-USD"}, {"trade_id": 849748694, "side": "buy", "size": "0.00852572", "price": "117292.10000000", "time": "2025-07-15T16:39:26.460540Z", "fetched_at": "2025-07-15T16:39:33.077717+00:00", "symbol": "BTC-USD"}, {"trade_id": 849748693, "side": "buy", "size": "0.00019719", "price": "117293.86000000", "time": "2025-07-15T16:39:26.460540Z", "fetched_at": "2025-07-15T16:39:33.077717+00:00", "symbol": "BTC-USD"}, {"trade_id": 849748692, "side": "buy", "size": "0.00013086", "price": "117294.30000000", "time": "2025-07-15T16:39:26.460540Z", "fetched_at": "2025-07-15T16:39:33.077717+00:00", "symbol": "BTC-USD"}, {"trade_id": 849748691, "side": "buy", "size": "0.00038816", "price": "117294.30000000", "time": "2025-07-15T16:39:26.460540Z", "fetched_at": "2025-07-15T16:39:33.077717+00:00", "symbol": "BTC-USD"}, {"trade_id": 849748690, "side": "buy", "size": "0.00030905", "price": "117294.30000000", "time": "2025-07-15T16:39:26.460540Z", "fetched_at": "2025-07-15T16:39:33.077717+00:00", "symbol": "BTC-USD"}, {"trade_id": 849748689, "side": "sell", "size": "0.00089148", "price": "117294.31000000", "time": "2025-07-15T16:39:26.131881Z", "fetched_at": "2025-07-15T16:39:33.077717+00:00", "symbol": "BTC-USD"}, {"trade_id": 849748688, "side": "sell", "size": "0.00362888", "price": "117294.31000000", "time": "2025-07-15T16:39:25.486764Z", "fetched_at": "2025-07-15T16:39:33.077717+00:00", "symbol": "BTC-USD"}, {"trade_id": 849748687, "side": "sell", "size": "0.00001008", "price": "117294.31000000", "time": "2025-07-15T16:39:25.370885Z", "fetched_at": "2025-07-15T16:39:33.077717+00:00", "symbol": "BTC-USD"}, {"trade_id": 849748686, "side": "sell", "size": "0.00020215", "price": "117294.31000000", "time": "2025-07-15T16:39:25.310710Z", "fetched_at": "2025-07-15T16:39:33.077717+00:00", "symbol": "BTC-USD"}, {"trade_id": 849748685, "side": "sell", "size": "0.00550946", "price": "117294.31000000", "time": "2025-07-15T16:39:24.002306Z", "fetched_at": "2025-07-15T16:39:33.077717+00:00", "symbol": "BTC-USD"}, {"trade_id": 849748684, "side": "buy", "size": "0.00076332", "price": "117294.30000000", "time": "2025-07-15T16:39:23.849303Z", "fetched_at": "2025-07-15T16:39:33.077717+00:00", "symbol": "BTC-USD"}, {"trade_id": 849748683, "side": "sell", "size": "0.00084770", "price": "117294.31000000", "time": "2025-07-15T16:39:23.327020Z", "fetched_at": "2025-07-15T16:39:33.077717+00:00", "symbol": "BTC-USD"}, {"trade_id": 849748682, "side": "sell", "size": "0.00001116", "price": "117288.90000000", "time": "2025-07-15T16:39:23.327020Z", "fetched_at": "2025-07-15T16:39:33.077717+00:00", "symbol": "BTC-USD"}, {"trade_id": 849748681, "side": "sell", "size": "0.04806938", "price": "117287.82000000", "time": "2025-07-15T16:39:23.143950Z", "fetched_at": "2025-07-15T16:39:33.077717+00:00", "symbol": "BTC-USD"}, {"trade_id": 849748680, "side": "sell", "size": "0.00001124", "price": "117287.81000000", "time": "2025-07-15T16:39:23.143950Z", "fetched_at": "2025-07-15T16:39:33.077717+00:00", "symbol": "BTC-USD"}, {"trade_id": 849748679, "side": "sell", "size": "0.00001034", "price": "117282.52000000", "time": "2025-07-15T16:39:23.143950Z", "fetched_at": "2025-07-15T16:39:33.077717+00:00", "symbol": "BTC-USD"}, {"trade_id": 849748678, "side": "buy", "size": "0.00015347", "price": "117282.51000000", "time": "2025-07-15T16:39:22.982937Z", "fetched_at": "2025-07-15T16:39:33.077717+00:00", "symbol": "BTC-USD"}, {"trade_id": 849748677, "side": "sell", "size": "0.00000482", "price": "117282.52000000", "time": "2025-07-15T16:39:22.829585Z", "fetched_at": "2025-07-15T16:39:33.077717+00:00", "symbol": "BTC-USD"}, {"trade_id": 849748676, "side": "sell", "size": "0.00000929", "price": "117282.52000000", "time": "2025-07-15T16:39:22.206150Z", "fetched_at": "2025-07-15T16:39:33.077717+00:00", "symbol": "BTC-USD"}, {"trade_id": 849748675, "side": "sell", "size": "0.00392267", "price": "117288.93000000", "time": "2025-07-15T16:39:21.984060Z", "fetched_at": "2025-07-15T16:39:33.077717+00:00", "symbol": "BTC-USD"}, {"trade_id": 849748674, "side": "sell", "size": "0.00000664", "price": "117287.63000000", "time": "2025-07-15T16:39:21.984060Z", "fetched_at": "2025-07-15T16:39:33.077717+00:00", "symbol": "BTC-USD"}, {"trade_id": 849748673, "side": "sell", "size": "0.00020256", "price": "117287.63000000", "time": "2025-07-15T16:39:21.984060Z", "fetched_at": "2025-07-15T16:39:33.077717+00:00", "symbol": "BTC-USD"}, {"trade_id": 849748672, "side": "sell", "size": "0.00001071", "price": "117280.29000000", "time": "2025-07-15T16:39:21.984060Z", "fetched_at": "2025-07-15T16:39:33.077717+00:00", "symbol": "BTC-USD"}, {"trade_id": 849748671, "side": "buy", "size": "0.00002523", "price": "117280.28000000", "time": "2025-07-15T16:39:21.744237Z", "fetched_at": "2025-07-15T16:39:33.077717+00:00", "symbol": "BTC-USD"}, {"trade_id": 849748670, "side": "sell", "size": "0.00019822", "price": "117278.13000000", "time": "2025-07-15T16:39:21.302156Z", "fetched_at": "2025-07-15T16:39:33.077717+00:00", "symbol": "BTC-USD"}, {"trade_id": 849748669, "side": "sell", "size": "0.00000213", "price": "117276.37000000", "time": "2025-07-15T16:39:21.302156Z", "fetched_at": "2025-07-15T16:39:33.077717+00:00", "symbol": "BTC-USD"}, {"trade_id": 849748668, "side": "sell", "size": "0.00001066", "price": "117276.37000000", "time": "2025-07-15T16:39:21.302156Z", "fetched_at": "2025-07-15T16:39:33.077717+00:00", "symbol": "BTC-USD"}, {"trade_id": 849748667, "side": "buy", "size": "0.00852636", "price": "117283.32000000", "time": "2025-07-15T16:39:20.973891Z", "fetched_at": "2025-07-15T16:39:33.077717+00:00", "symbol": "BTC-USD"}, {"trade_id": 849748666, "side": "buy", "size": "0.00030430", "price": "117284.09000000", "time": "2025-07-15T16:39:20.973891Z", "fetched_at": "2025-07-15T16:39:33.077717+00:00", "symbol": "BTC-USD"}, {"trade_id": 849748665, "side": "buy", "size": "0.00091257", "price": "117284.09000000", "time": "2025-07-15T16:39:20.973891Z", "fetched_at": "2025-07-15T16:39:33.077717+00:00", "symbol": "BTC-USD"}, {"trade_id": 849748664, "side": "buy", "size": "0.00003154", "price": "117284.09000000", "time": "2025-07-15T16:39:20.973891Z", "fetched_at": "2025-07-15T16:39:33.077717+00:00", "symbol": "BTC-USD"}, {"trade_id": 849748663, "side": "buy", "size": "0.00006309", "price": "117284.09000000", "time": "2025-07-15T16:39:20.973891Z", "fetched_at": "2025-07-15T16:39:33.077717+00:00", "symbol": "BTC-USD"}, {"trade_id": 849748662, "side": "buy", "size": "0.00011851", "price": "117284.09000000", "time": "2025-07-15T16:39:20.973891Z", "fetched_at": "2025-07-15T16:39:33.077717+00:00", "symbol": "BTC-USD"}, {"trade_id": 849748661, "side": "buy", "size": "0.00035256", "price": "117284.09000000", "time": "2025-07-15T16:39:20.973891Z", "fetched_at": "2025-07-15T16:39:33.077717+00:00", "symbol": "BTC-USD"}, {"trade_id": 849748660, "side": "buy", "size": "0.00093088", "price": "117284.09000000", "time": "2025-07-15T16:39:20.973891Z", "fetched_at": "2025-07-15T16:39:33.077717+00:00", "symbol": "BTC-USD"}, {"trade_id": 849748659, "side": "buy", "size": "0.00005226", "price": "117284.11000000", "time": "2025-07-15T16:39:20.973891Z", "fetched_at": "2025-07-15T16:39:33.077717+00:00", "symbol": "BTC-USD"}, {"trade_id": 849748658, "side": "buy", "size": "0.00010333", "price": "117284.11000000", "time": "2025-07-15T16:39:20.973891Z", "fetched_at": "2025-07-15T16:39:33.077717+00:00", "symbol": "BTC-USD"}, {"trade_id": 849748657, "side": "buy", "size": "0.00002617", "price": "117284.74000000", "time": "2025-07-15T16:39:20.958249Z", "fetched_at": "2025-07-15T16:39:33.077717+00:00", "symbol": "BTC-USD"}, {"trade_id": 849748656, "side": "buy", "size": "0.02845991", "price": "117285.06000000", "time": "2025-07-15T16:39:20.958249Z", "fetched_at": "2025-07-15T16:39:33.077717+00:00", "symbol": "BTC-USD"}, {"trade_id": 849748655, "side": "buy", "size": "0.00005337", "price": "117285.08000000", "time": "2025-07-15T16:39:20.958249Z", "fetched_at": "2025-07-15T16:39:33.077717+00:00", "symbol": "BTC-USD"}, {"trade_id": 849748654, "side": "buy", "size": "0.02800000", "price": "117285.08000000", "time": "2025-07-15T16:39:20.958249Z", "fetched_at": "2025-07-15T16:39:33.077717+00:00", "symbol": "BTC-USD"}, {"trade_id": 849748653, "side": "buy", "size": "0.01554009", "price": "117285.06000000", "time": "2025-07-15T16:39:20.573432Z", "fetched_at": "2025-07-15T16:39:33.077717+00:00", "symbol": "BTC-USD"}, {"trade_id": 849748652, "side": "buy", "size": "0.00003339", "price": "117285.86000000", "time": "2025-07-15T16:39:20.573432Z", "fetched_at": "2025-07-15T16:39:33.077717+00:00", "symbol": "BTC-USD"}, {"trade_id": 849748651, "side": "buy", "size": "0.00852618", "price": "117285.86000000", "time": "2025-07-15T16:39:20.573432Z", "fetched_at": "2025-07-15T16:39:33.077717+00:00", "symbol": "BTC-USD"}, {"trade_id": 849748650, "side": "buy", "size": "0.00010444", "price": "117287.62000000", "time": "2025-07-15T16:39:20.573432Z", "fetched_at": "2025-07-15T16:39:33.077717+00:00", "symbol": "BTC-USD"}, {"trade_id": 849748649, "side": "buy", "size": "0.00030582", "price": "117287.62000000", "time": "2025-07-15T16:39:20.573432Z", "fetched_at": "2025-07-15T16:39:33.077717+00:00", "symbol": "BTC-USD"}, {"trade_id": 849748648, "side": "buy", "size": "0.00091008", "price": "117287.62000000", "time": "2025-07-15T16:39:20.573432Z", "fetched_at": "2025-07-15T16:39:33.077717+00:00", "symbol": "BTC-USD"}, {"trade_id": 849748647, "side": "buy", "size": "0.00000050", "price": "117287.62000000", "time": "2025-07-15T16:39:20.357937Z", "fetched_at": "2025-07-15T16:39:33.077717+00:00", "symbol": "BTC-USD"}, {"trade_id": 849748646, "side": "sell", "size": "0.00003207", "price": "117291.86000000", "time": "2025-07-15T16:39:18.147832Z", "fetched_at": "2025-07-15T16:39:33.077717+00:00", "symbol": "BTC-USD"}, {"trade_id": 849748645, "side": "sell", "size": "0.00001124", "price": "117287.63000000", "time": "2025-07-15T16:39:18.147832Z", "fetched_at": "2025-07-15T16:39:33.077717+00:00", "symbol": "BTC-USD"}, {"trade_id": 849748644, "side": "sell", "size": "0.00822299", "price": "117291.86000000", "time": "2025-07-15T16:39:17.612852Z", "fetched_at": "2025-07-15T16:39:33.077717+00:00", "symbol": "BTC-USD"}, {"trade_id": 849748643, "side": "sell", "size": "0.00001033", "price": "117284.75000000", "time": "2025-07-15T16:39:17.612852Z", "fetched_at": "2025-07-15T16:39:33.077717+00:00", "symbol": "BTC-USD"}, {"trade_id": 849748642, "side": "sell", "size": "0.00001152", "price": "117284.75000000", "time": "2025-07-15T16:39:17.612852Z", "fetched_at": "2025-07-15T16:39:33.077717+00:00", "symbol": "BTC-USD"}, {"trade_id": 849748641, "side": "sell", "size": "0.00000085", "price": "117291.86000000", "time": "2025-07-15T16:39:16.887424Z", "fetched_at": "2025-07-15T16:39:33.077717+00:00", "symbol": "BTC-USD"}, {"trade_id": 849748640, "side": "sell", "size": "0.00082852", "price": "117292.27000000", "time": "2025-07-15T16:39:16.736086Z", "fetched_at": "2025-07-15T16:39:33.077717+00:00", "symbol": "BTC-USD"}, {"trade_id": 849748639, "side": "buy", "size": "0.00213158", "price": "117284.74000000", "time": "2025-07-15T16:39:16.637559Z", "fetched_at": "2025-07-15T16:39:33.077717+00:00", "symbol": "BTC-USD"}, {"trade_id": 849748638, "side": "sell", "size": "0.00118644", "price": "117292.27000000", "time": "2025-07-15T16:39:16.474314Z", "fetched_at": "2025-07-15T16:39:33.077717+00:00", "symbol": "BTC-USD"}, {"trade_id": 849748637, "side": "sell", "size": "0.00000221", "price": "117291.79000000", "time": "2025-07-15T16:39:16.474314Z", "fetched_at": "2025-07-15T16:39:33.077717+00:00", "symbol": "BTC-USD"}, {"trade_id": 849748636, "side": "sell", "size": "0.00039767", "price": "117291.79000000", "time": "2025-07-15T16:39:15.942057Z", "fetched_at": "2025-07-15T16:39:33.077717+00:00", "symbol": "BTC-USD"}, {"trade_id": 849748635, "side": "sell", "size": "0.00000664", "price": "117284.12000000", "time": "2025-07-15T16:39:15.942057Z", "fetched_at": "2025-07-15T16:39:33.077717+00:00", "symbol": "BTC-USD"}, {"trade_id": 849748634, "side": "sell", "size": "0.00019647", "price": "117285.88000000", "time": "2025-07-15T16:39:15.502770Z", "fetched_at": "2025-07-15T16:39:33.077717+00:00", "symbol": "BTC-USD"}, {"trade_id": 849748633, "side": "sell", "size": "0.00001523", "price": "117284.12000000", "time": "2025-07-15T16:39:15.502770Z", "fetched_at": "2025-07-15T16:39:33.077717+00:00", "symbol": "BTC-USD"}, {"trade_id": 849748632, "side": "sell", "size": "0.00020255", "price": "117284.12000000", "time": "2025-07-15T16:39:15.502770Z", "fetched_at": "2025-07-15T16:39:33.077717+00:00", "symbol": "BTC-USD"}, {"trade_id": 849748631, "side": "buy", "size": "0.00133370", "price": "117284.11000000", "time": "2025-07-15T16:39:15.242863Z", "fetched_at": "2025-07-15T16:39:33.077717+00:00", "symbol": "BTC-USD"}, {"trade_id": 849748630, "side": "sell", "size": "0.00106461", "price": "117289.63000000", "time": "2025-07-15T16:39:14.500068Z", "fetched_at": "2025-07-15T16:39:33.077717+00:00", "symbol": "BTC-USD"}, {"trade_id": 849748629, "side": "sell", "size": "0.00001180", "price": "117284.10000000", "time": "2025-07-15T16:39:14.500068Z", "fetched_at": "2025-07-15T16:39:33.077717+00:00", "symbol": "BTC-USD"}, {"trade_id": 849748628, "side": "sell", "size": "0.00040439", "price": "117284.10000000", "time": "2025-07-15T16:39:13.687662Z", "fetched_at": "2025-07-15T16:39:33.077717+00:00", "symbol": "BTC-USD"}, {"trade_id": 849748627, "side": "sell", "size": "0.00298553", "price": "117284.10000000", "time": "2025-07-15T16:39:13.444131Z", "fetched_at": "2025-07-15T16:39:33.077717+00:00", "symbol": "BTC-USD"}, {"trade_id": 849748626, "side": "sell", "size": "0.00001447", "price": "117284.10000000", "time": "2025-07-15T16:39:13.444131Z", "fetched_at": "2025-07-15T16:39:33.077717+00:00", "symbol": "BTC-USD"}, {"trade_id": 849748625, "side": "sell", "size": "0.00044717", "price": "117292.49000000", "time": "2025-07-15T16:39:12.657086Z", "fetched_at": "2025-07-15T16:39:33.077717+00:00", "symbol": "BTC-USD"}, {"trade_id": 849748624, "side": "sell", "size": "0.00852592", "price": "117289.36000000", "time": "2025-07-15T16:39:12.657086Z", "fetched_at": "2025-07-15T16:39:33.077717+00:00", "symbol": "BTC-USD"}, {"trade_id": 849748623, "side": "sell", "size": "0.00001034", "price": "117284.10000000", "time": "2025-07-15T16:39:12.657086Z", "fetched_at": "2025-07-15T16:39:33.077717+00:00", "symbol": "BTC-USD"}, {"trade_id": 849748622, "side": "sell", "size": "0.00001657", "price": "117284.10000000", "time": "2025-07-15T16:39:12.657086Z", "fetched_at": "2025-07-15T16:39:33.077717+00:00", "symbol": "BTC-USD"}, {"trade_id": 849748621, "side": "sell", "size": "0.00039607", "price": "117289.55000000", "time": "2025-07-15T16:39:12.165471Z", "fetched_at": "2025-07-15T16:39:33.077717+00:00", "symbol": "BTC-USD"}, {"trade_id": 849748620, "side": "sell", "size": "0.00001821", "price": "117284.10000000", "time": "2025-07-15T16:39:12.165471Z", "fetched_at": "2025-07-15T16:39:33.077717+00:00", "symbol": "BTC-USD"}, {"trade_id": 849748619, "side": "sell", "size": "0.00036275", "price": "117284.10000000", "time": "2025-07-15T16:39:11.586224Z", "fetched_at": "2025-07-15T16:39:33.077717+00:00", "symbol": "BTC-USD"}, {"trade_id": 849748618, "side": "sell", "size": "0.00001652", "price": "117284.10000000", "time": "2025-07-15T16:39:11.586224Z", "fetched_at": "2025-07-15T16:39:33.077717+00:00", "symbol": "BTC-USD"}, {"trade_id": 849748617, "side": "sell", "size": "0.00000213", "price": "117284.10000000", "time": "2025-07-15T16:39:11.586224Z", "fetched_at": "2025-07-15T16:39:33.077717+00:00", "symbol": "BTC-USD"}, {"trade_id": 849748616, "side": "sell", "size": "0.00000664", "price": "117284.10000000", "time": "2025-07-15T16:39:11.586224Z", "fetched_at": "2025-07-15T16:39:33.077717+00:00", "symbol": "BTC-USD"}, {"trade_id": 849748615, "side": "sell", "size": "0.00005685", "price": "117284.10000000", "time": "2025-07-15T16:39:11.586224Z", "fetched_at": "2025-07-15T16:39:33.077717+00:00", "symbol": "BTC-USD"}, {"trade_id": 849748614, "side": "buy", "size": "0.00012228", "price": "117284.09000000", "time": "2025-07-15T16:39:11.124209Z", "fetched_at": "2025-07-15T16:39:33.077717+00:00", "symbol": "BTC-USD"}, {"trade_id": 849748613, "side": "sell", "size": "0.00014570", "price": "117284.10000000", "time": "2025-07-15T16:39:11.055426Z", "fetched_at": "2025-07-15T16:39:33.077717+00:00", "symbol": "BTC-USD"}, {"trade_id": 849748612, "side": "sell", "size": "0.00001769", "price": "117284.10000000", "time": "2025-07-15T16:39:11.055426Z", "fetched_at": "2025-07-15T16:39:33.077717+00:00", "symbol": "BTC-USD"}, {"trade_id": 849748611, "side": "sell", "size": "0.00169255", "price": "117284.10000000", "time": "2025-07-15T16:39:10.143273Z", "fetched_at": "2025-07-15T16:39:33.077717+00:00", "symbol": "BTC-USD"}, {"trade_id": 849748610, "side": "sell", "size": "0.00176156", "price": "117292.49000000", "time": "2025-07-15T16:39:09.388818Z", "fetched_at": "2025-07-15T16:39:33.077717+00:00", "symbol": "BTC-USD"}, {"trade_id": 849748609, "side": "sell", "size": "0.00001174", "price": "117285.80000000", "time": "2025-07-15T16:39:09.388818Z", "fetched_at": "2025-07-15T16:39:33.077717+00:00", "symbol": "BTC-USD"}, {"trade_id": 849748608, "side": "buy", "size": "0.00003445", "price": "117285.79000000", "time": "2025-07-15T16:39:08.948803Z", "fetched_at": "2025-07-15T16:39:33.077717+00:00", "symbol": "BTC-USD"}, {"trade_id": 849748607, "side": "sell", "size": "0.00040513", "price": "117292.49000000", "time": "2025-07-15T16:39:08.887818Z", "fetched_at": "2025-07-15T16:39:33.077717+00:00", "symbol": "BTC-USD"}, {"trade_id": 849748606, "side": "sell", "size": "0.00001697", "price": "117284.10000000", "time": "2025-07-15T16:39:08.887818Z", "fetched_at": "2025-07-15T16:39:33.077717+00:00", "symbol": "BTC-USD"}, {"trade_id": 849748605, "side": "buy", "size": "0.02547472", "price": "117284.09000000", "time": "2025-07-15T16:39:08.767444Z", "fetched_at": "2025-07-15T16:39:33.077717+00:00", "symbol": "BTC-USD"}, {"trade_id": 849748604, "side": "sell", "size": "0.00381890", "price": "117291.50000000", "time": "2025-07-15T16:39:07.841099Z", "fetched_at": "2025-07-15T16:39:33.077717+00:00", "symbol": "BTC-USD"}, {"trade_id": 849748603, "side": "sell", "size": "0.00001573", "price": "117284.10000000", "time": "2025-07-15T16:39:07.841099Z", "fetched_at": "2025-07-15T16:39:33.077717+00:00", "symbol": "BTC-USD"}, {"trade_id": 849748602, "side": "buy", "size": "0.00039666", "price": "117284.09000000", "time": "2025-07-15T16:39:07.760095Z", "fetched_at": "2025-07-15T16:39:33.077717+00:00", "symbol": "BTC-USD"}, {"trade_id": 849748601, "side": "sell", "size": "0.00029853", "price": "117289.04000000", "time": "2025-07-15T16:39:07.654235Z", "fetched_at": "2025-07-15T16:39:33.077717+00:00", "symbol": "BTC-USD"}, {"trade_id": 849748600, "side": "sell", "size": "0.00001334", "price": "117286.84000000", "time": "2025-07-15T16:39:07.654235Z", "fetched_at": "2025-07-15T16:39:33.077717+00:00", "symbol": "BTC-USD"}, {"trade_id": 849748599, "side": "sell", "size": "0.00001033", "price": "117284.10000000", "time": "2025-07-15T16:39:07.654235Z", "fetched_at": "2025-07-15T16:39:33.077717+00:00", "symbol": "BTC-USD"}, {"trade_id": 849748598, "side": "sell", "size": "0.00001561", "price": "117284.10000000", "time": "2025-07-15T16:39:07.654235Z", "fetched_at": "2025-07-15T16:39:33.077717+00:00", "symbol": "BTC-USD"}, {"trade_id": 849748597, "side": "sell", "size": "0.00000682", "price": "117285.84000000", "time": "2025-07-15T16:39:07.051868Z", "fetched_at": "2025-07-15T16:39:33.077717+00:00", "symbol": "BTC-USD"}, {"trade_id": 849748596, "side": "sell", "size": "0.00001870", "price": "117277.90000000", "time": "2025-07-15T16:39:06.373454Z", "fetched_at": "2025-07-15T16:39:33.077717+00:00", "symbol": "BTC-USD"}, {"trade_id": 849748595, "side": "sell", "size": "0.00852676", "price": "117277.88000000", "time": "2025-07-15T16:39:06.063411Z", "fetched_at": "2025-07-15T16:39:33.077717+00:00", "symbol": "BTC-USD"}, {"trade_id": 849748594, "side": "sell", "size": "0.00000213", "price": "117276.12000000", "time": "2025-07-15T16:39:06.063411Z", "fetched_at": "2025-07-15T16:39:33.077717+00:00", "symbol": "BTC-USD"}, {"trade_id": 849748593, "side": "sell", "size": "0.00000664", "price": "117276.12000000", "time": "2025-07-15T16:39:06.063411Z", "fetched_at": "2025-07-15T16:39:33.077717+00:00", "symbol": "BTC-USD"}, {"trade_id": 849748592, "side": "sell", "size": "0.00020255", "price": "117276.12000000", "time": "2025-07-15T16:39:06.063411Z", "fetched_at": "2025-07-15T16:39:33.077717+00:00", "symbol": "BTC-USD"}, {"trade_id": 849748591, "side": "sell", "size": "0.00001847", "price": "117276.12000000", "time": "2025-07-15T16:39:06.063411Z", "fetched_at": "2025-07-15T16:39:33.077717+00:00", "symbol": "BTC-USD"}, {"trade_id": 849748590, "side": "buy", "size": "0.00040011", "price": "117276.11000000", "time": "2025-07-15T16:39:05.472094Z", "fetched_at": "2025-07-15T16:39:33.077717+00:00", "symbol": "BTC-USD"}, {"trade_id": 849748589, "side": "buy", "size": "0.00002003", "price": "117276.11000000", "time": "2025-07-15T16:39:05.472094Z", "fetched_at": "2025-07-15T16:39:33.077717+00:00", "symbol": "BTC-USD"}, {"trade_id": 849748588, "side": "buy", "size": "0.00000366", "price": "117276.11000000", "time": "2025-07-15T16:39:05.472094Z", "fetched_at": "2025-07-15T16:39:33.077717+00:00", "symbol": "BTC-USD"}, {"trade_id": 849748587, "side": "buy", "size": "0.00002369", "price": "117276.60000000", "time": "2025-07-15T16:39:04.775828Z", "fetched_at": "2025-07-15T16:39:33.077717+00:00", "symbol": "BTC-USD"}, {"trade_id": 849748586, "side": "buy", "size": "0.00046455", "price": "117286.80000000", "time": "2025-07-15T16:39:04.612163Z", "fetched_at": "2025-07-15T16:39:33.077717+00:00", "symbol": "BTC-USD"}, {"trade_id": 849748585, "side": "buy", "size": "0.00002464", "price": "117286.80000000", "time": "2025-07-15T16:39:04.612163Z", "fetched_at": "2025-07-15T16:39:33.077717+00:00", "symbol": "BTC-USD"}, {"trade_id": 849748584, "side": "buy", "size": "0.00135675", "price": "117286.81000000", "time": "2025-07-15T16:39:04.612163Z", "fetched_at": "2025-07-15T16:39:33.077717+00:00", "symbol": "BTC-USD"}, {"trade_id": 849748583, "side": "buy", "size": "0.00068029", "price": "117286.81000000", "time": "2025-07-15T16:39:04.612163Z", "fetched_at": "2025-07-15T16:39:33.077717+00:00", "symbol": "BTC-USD"}, {"trade_id": 849748582, "side": "buy", "size": "0.00045265", "price": "117286.83000000", "time": "2025-07-15T16:39:04.612163Z", "fetched_at": "2025-07-15T16:39:33.077717+00:00", "symbol": "BTC-USD"}, {"trade_id": 849748581, "side": "buy", "size": "0.08306294", "price": "117286.83000000", "time": "2025-07-15T16:39:04.612163Z", "fetched_at": "2025-07-15T16:39:33.077717+00:00", "symbol": "BTC-USD"}, {"trade_id": 849748580, "side": "sell", "size": "0.00102252", "price": "117294.08000000", "time": "2025-07-15T16:39:03.550447Z", "fetched_at": "2025-07-15T16:39:33.077717+00:00", "symbol": "BTC-USD"}, {"trade_id": 849748579, "side": "sell", "size": "0.00001333", "price": "117286.83000000", "time": "2025-07-15T16:39:03.550447Z", "fetched_at": "2025-07-15T16:39:33.077717+00:00", "symbol": "BTC-USD"}, {"trade_id": 849748578, "side": "sell", "size": "0.00400718", "price": "117292.10000000", "time": "2025-07-15T16:39:03.415167Z", "fetched_at": "2025-07-15T16:39:33.077717+00:00", "symbol": "BTC-USD"}, {"trade_id": 849748577, "side": "sell", "size": "0.00001034", "price": "117286.82000000", "time": "2025-07-15T16:39:03.415167Z", "fetched_at": "2025-07-15T16:39:33.077717+00:00", "symbol": "BTC-USD"}, {"trade_id": 849748576, "side": "sell", "size": "0.00001336", "price": "117286.82000000", "time": "2025-07-15T16:39:03.415167Z", "fetched_at": "2025-07-15T16:39:33.077717+00:00", "symbol": "BTC-USD"}, {"trade_id": 849748575, "side": "buy", "size": "0.00000043", "price": "117286.81000000", "time": "2025-07-15T16:39:02.540095Z", "fetched_at": "2025-07-15T16:39:33.077717+00:00", "symbol": "BTC-USD"}, {"trade_id": 849748574, "side": "sell", "size": "0.00241160", "price": "117293.04000000", "time": "2025-07-15T16:39:02.071548Z", "fetched_at": "2025-07-15T16:39:33.077717+00:00", "symbol": "BTC-USD"}, {"trade_id": 849748573, "side": "sell", "size": "0.00002557", "price": "117290.67000000", "time": "2025-07-15T16:39:02.071548Z", "fetched_at": "2025-07-15T16:39:33.077717+00:00", "symbol": "BTC-USD"}, {"trade_id": 849748572, "side": "sell", "size": "0.00005347", "price": "117288.99000000", "time": "2025-07-15T16:39:02.071548Z", "fetched_at": "2025-07-15T16:39:33.077717+00:00", "symbol": "BTC-USD"}, {"trade_id": 849748571, "side": "sell", "size": "0.00001196", "price": "117288.91000000", "time": "2025-07-15T16:39:02.071548Z", "fetched_at": "2025-07-15T16:39:33.077717+00:00", "symbol": "BTC-USD"}, {"trade_id": 849748570, "side": "sell", "size": "0.00001775", "price": "117288.22000000", "time": "2025-07-15T16:39:02.071548Z", "fetched_at": "2025-07-15T16:39:33.077717+00:00", "symbol": "BTC-USD"}, {"trade_id": 849748569, "side": "sell", "size": "0.00001320", "price": "117286.82000000", "time": "2025-07-15T16:39:02.071548Z", "fetched_at": "2025-07-15T16:39:33.077717+00:00", "symbol": "BTC-USD"}, {"trade_id": 849748568, "side": "sell", "size": "0.01658061", "price": "117286.81000000", "time": "2025-07-15T16:39:01.924008Z", "fetched_at": "2025-07-15T16:39:33.077717+00:00", "symbol": "BTC-USD"}, {"trade_id": 849748567, "side": "sell", "size": "0.01578122", "price": "117285.89000000", "time": "2025-07-15T16:39:01.578644Z", "fetched_at": "2025-07-15T16:39:33.077717+00:00", "symbol": "BTC-USD"}, {"trade_id": 849748566, "side": "sell", "size": "0.00001000", "price": "117284.97000000", "time": "2025-07-15T16:39:01.578644Z", "fetched_at": "2025-07-15T16:39:33.077717+00:00", "symbol": "BTC-USD"}, {"trade_id": 849748565, "side": "sell", "size": "0.00852626", "price": "117284.67000000", "time": "2025-07-15T16:39:01.578644Z", "fetched_at": "2025-07-15T16:39:33.077717+00:00", "symbol": "BTC-USD"}, {"trade_id": 849748564, "side": "sell", "size": "0.00499941", "price": "117282.94000000", "time": "2025-07-15T16:39:01.578644Z", "fetched_at": "2025-07-15T16:39:33.077717+00:00", "symbol": "BTC-USD"}, {"trade_id": 849748563, "side": "sell", "size": "0.01699440", "price": "117282.87000000", "time": "2025-07-15T16:39:01.531517Z", "fetched_at": "2025-07-15T16:39:33.077717+00:00", "symbol": "BTC-USD"}, {"trade_id": 849748562, "side": "sell", "size": "0.03371965", "price": "117282.86000000", "time": "2025-07-15T16:39:01.531517Z", "fetched_at": "2025-07-15T16:39:33.077717+00:00", "symbol": "BTC-USD"}, {"trade_id": 849748561, "side": "sell", "size": "0.00852640", "price": "117282.78000000", "time": "2025-07-15T16:39:01.531517Z", "fetched_at": "2025-07-15T16:39:33.077717+00:00", "symbol": "BTC-USD"}, {"trade_id": 849748560, "side": "sell", "size": "0.00010554", "price": "117278.93000000", "time": "2025-07-15T16:39:01.322205Z", "fetched_at": "2025-07-15T16:39:33.077717+00:00", "symbol": "BTC-USD"}, {"trade_id": 849748559, "side": "sell", "size": "0.00001000", "price": "117276.18000000", "time": "2025-07-15T16:39:01.322205Z", "fetched_at": "2025-07-15T16:39:33.077717+00:00", "symbol": "BTC-USD"}, {"trade_id": 849748558, "side": "sell", "size": "0.00000213", "price": "117276.12000000", "time": "2025-07-15T16:39:01.322205Z", "fetched_at": "2025-07-15T16:39:33.077717+00:00", "symbol": "BTC-USD"}, {"trade_id": 849748557, "side": "sell", "size": "0.00000664", "price": "117276.12000000", "time": "2025-07-15T16:39:01.322205Z", "fetched_at": "2025-07-15T16:39:33.077717+00:00", "symbol": "BTC-USD"}, {"trade_id": 849748556, "side": "sell", "size": "0.00000470", "price": "117270.54000000", "time": "2025-07-15T16:39:00.454048Z", "fetched_at": "2025-07-15T16:39:33.077717+00:00", "symbol": "BTC-USD"}, {"trade_id": 849748555, "side": "sell", "size": "0.00020256", "price": "117270.53000000", "time": "2025-07-15T16:39:00.454048Z", "fetched_at": "2025-07-15T16:39:33.077717+00:00", "symbol": "BTC-USD"}, {"trade_id": 849748554, "side": "sell", "size": "0.00084457", "price": "117270.53000000", "time": "2025-07-15T16:39:00.451067Z", "fetched_at": "2025-07-15T16:39:33.077717+00:00", "symbol": "BTC-USD"}, {"trade_id": 849748553, "side": "sell", "size": "0.00041486", "price": "117270.53000000", "time": "2025-07-15T16:39:00.300961Z", "fetched_at": "2025-07-15T16:39:33.077717+00:00", "symbol": "BTC-USD"}, {"trade_id": 849748552, "side": "sell", "size": "0.00828295", "price": "117274.13000000", "time": "2025-07-15T16:38:59.935509Z", "fetched_at": "2025-07-15T16:39:33.077717+00:00", "symbol": "BTC-USD"}, {"trade_id": 849748551, "side": "sell", "size": "0.00852708", "price": "117273.39000000", "time": "2025-07-15T16:38:59.935509Z", "fetched_at": "2025-07-15T16:39:33.077717+00:00", "symbol": "BTC-USD"}, {"trade_id": 849748550, "side": "sell", "size": "0.00852721", "price": "117271.63000000", "time": "2025-07-15T16:38:59.935509Z", "fetched_at": "2025-07-15T16:39:33.077717+00:00", "symbol": "BTC-USD"}, {"trade_id": 849748549, "side": "buy", "size": "0.00008616", "price": "117263.74000000", "time": "2025-07-15T16:38:59.803561Z", "fetched_at": "2025-07-15T16:39:33.077717+00:00", "symbol": "BTC-USD"}, {"trade_id": 849748548, "side": "buy", "size": "0.00049481", "price": "117263.74000000", "time": "2025-07-15T16:38:59.717711Z", "fetched_at": "2025-07-15T16:39:33.077717+00:00", "symbol": "BTC-USD"}, {"trade_id": 849748547, "side": "buy", "size": "0.00258495", "price": "117263.74000000", "time": "2025-07-15T16:38:59.305618Z", "fetched_at": "2025-07-15T16:39:33.077717+00:00", "symbol": "BTC-USD"}, {"trade_id": 849748546, "side": "sell", "size": "0.00164623", "price": "117274.02000000", "time": "2025-07-15T16:38:59.303793Z", "fetched_at": "2025-07-15T16:39:33.077717+00:00", "symbol": "BTC-USD"}, {"trade_id": 849748545, "side": "sell", "size": "0.00082905", "price": "117274.02000000", "time": "2025-07-15T16:38:59.266309Z", "fetched_at": "2025-07-15T16:39:33.077717+00:00", "symbol": "BTC-USD"}, {"trade_id": 849748544, "side": "sell", "size": "0.00000019", "price": "117272.34000000", "time": "2025-07-15T16:38:58.190095Z", "fetched_at": "2025-07-15T16:39:33.077717+00:00", "symbol": "BTC-USD"}, {"trade_id": 849748543, "side": "buy", "size": "0.00002285", "price": "117262.76000000", "time": "2025-07-15T16:38:58.120636Z", "fetched_at": "2025-07-15T16:39:33.077717+00:00", "symbol": "BTC-USD"}, {"trade_id": 849748542, "side": "sell", "size": "0.00000836", "price": "117269.09000000", "time": "2025-07-15T16:38:57.689304Z", "fetched_at": "2025-07-15T16:39:33.077717+00:00", "symbol": "BTC-USD"}, {"trade_id": 849748541, "side": "sell", "size": "0.00031766", "price": "117269.09000000", "time": "2025-07-15T16:38:57.687487Z", "fetched_at": "2025-07-15T16:39:33.077717+00:00", "symbol": "BTC-USD"}, {"trade_id": 849748540, "side": "sell", "size": "0.00001000", "price": "117267.39000000", "time": "2025-07-15T16:38:57.687487Z", "fetched_at": "2025-07-15T16:39:33.077717+00:00", "symbol": "BTC-USD"}, {"trade_id": 849748539, "side": "sell", "size": "0.00001033", "price": "117267.38000000", "time": "2025-07-15T16:38:57.687487Z", "fetched_at": "2025-07-15T16:39:33.077717+00:00", "symbol": "BTC-USD"}, {"trade_id": 849748538, "side": "sell", "size": "0.00025322", "price": "117267.37000000", "time": "2025-07-15T16:38:57.076321Z", "fetched_at": "2025-07-15T16:39:33.077717+00:00", "symbol": "BTC-USD"}, {"trade_id": 849748537, "side": "sell", "size": "0.00000860", "price": "117259.83000000", "time": "2025-07-15T16:38:57.076321Z", "fetched_at": "2025-07-15T16:39:33.077717+00:00", "symbol": "BTC-USD"}, {"trade_id": 849748536, "side": "sell", "size": "0.00064910", "price": "117267.37000000", "time": "2025-07-15T16:38:56.791624Z", "fetched_at": "2025-07-15T16:39:33.077717+00:00", "symbol": "BTC-USD"}, {"trade_id": 849748535, "side": "sell", "size": "0.00001000", "price": "117258.60000000", "time": "2025-07-15T16:38:56.791624Z", "fetched_at": "2025-07-15T16:39:33.077717+00:00", "symbol": "BTC-USD"}, {"trade_id": 849748534, "side": "sell", "size": "0.00852866", "price": "117251.70000000", "time": "2025-07-15T16:38:56.507106Z", "fetched_at": "2025-07-15T16:39:33.077717+00:00", "symbol": "BTC-USD"}, {"trade_id": 849748533, "side": "sell", "size": "0.00020826", "price": "117250.05000000", "time": "2025-07-15T16:38:56.507106Z", "fetched_at": "2025-07-15T16:39:33.077717+00:00", "symbol": "BTC-USD"}, {"trade_id": 849748532, "side": "sell", "size": "0.00025111", "price": "117250.04000000", "time": "2025-07-15T16:38:56.507106Z", "fetched_at": "2025-07-15T16:39:33.077717+00:00", "symbol": "BTC-USD"}, {"trade_id": 849748531, "side": "sell", "size": "0.00015701", "price": "117250.03000000", "time": "2025-07-15T16:38:56.507106Z", "fetched_at": "2025-07-15T16:39:33.077717+00:00", "symbol": "BTC-USD"}, {"trade_id": 849748530, "side": "sell", "size": "0.00015728", "price": "117250.02000000", "time": "2025-07-15T16:38:56.507106Z", "fetched_at": "2025-07-15T16:39:33.077717+00:00", "symbol": "BTC-USD"}, {"trade_id": 849748529, "side": "sell", "size": "0.00032784", "price": "117250.01000000", "time": "2025-07-15T16:38:56.507106Z", "fetched_at": "2025-07-15T16:39:33.077717+00:00", "symbol": "BTC-USD"}, {"trade_id": 849748528, "side": "sell", "size": "0.00009786", "price": "117250.00000000", "time": "2025-07-15T16:38:56.507106Z", "fetched_at": "2025-07-15T16:39:33.077717+00:00", "symbol": "BTC-USD"}, {"trade_id": 849748527, "side": "sell", "size": "0.00006340", "price": "117249.99000000", "time": "2025-07-15T16:38:56.507106Z", "fetched_at": "2025-07-15T16:39:33.077717+00:00", "symbol": "BTC-USD"}, {"trade_id": 849748526, "side": "sell", "size": "0.00028482", "price": "117249.98000000", "time": "2025-07-15T16:38:56.507106Z", "fetched_at": "2025-07-15T16:39:33.077717+00:00", "symbol": "BTC-USD"}, {"trade_id": 849748525, "side": "sell", "size": "0.00024287", "price": "117249.97000000", "time": "2025-07-15T16:38:56.507106Z", "fetched_at": "2025-07-15T16:39:33.077717+00:00", "symbol": "BTC-USD"}, {"trade_id": 849748524, "side": "sell", "size": "0.00013414", "price": "117249.96000000", "time": "2025-07-15T16:38:56.507106Z", "fetched_at": "2025-07-15T16:39:33.077717+00:00", "symbol": "BTC-USD"}, {"trade_id": 849748523, "side": "sell", "size": "0.00000213", "price": "117249.81000000", "time": "2025-07-15T16:38:56.507106Z", "fetched_at": "2025-07-15T16:39:33.077717+00:00", "symbol": "BTC-USD"}, {"trade_id": 849748522, "side": "sell", "size": "0.00001000", "price": "117249.81000000", "time": "2025-07-15T16:38:56.507106Z", "fetched_at": "2025-07-15T16:39:33.077717+00:00", "symbol": "BTC-USD"}, {"trade_id": 849748521, "side": "sell", "size": "0.00001022", "price": "117243.31000000", "time": "2025-07-15T16:38:55.770405Z", "fetched_at": "2025-07-15T16:39:33.077717+00:00", "symbol": "BTC-USD"}, {"trade_id": 849748520, "side": "sell", "size": "0.04265586", "price": "117243.31000000", "time": "2025-07-15T16:38:55.646734Z", "fetched_at": "2025-07-15T16:39:33.077717+00:00", "symbol": "BTC-USD"}, {"trade_id": 849748519, "side": "sell", "size": "0.00000009", "price": "117243.31000000", "time": "2025-07-15T16:38:55.616334Z", "fetched_at": "2025-07-15T16:39:33.077717+00:00", "symbol": "BTC-USD"}, {"trade_id": 849748518, "side": "sell", "size": "0.00000664", "price": "117243.22000000", "time": "2025-07-15T16:38:55.616334Z", "fetched_at": "2025-07-15T16:39:33.077717+00:00", "symbol": "BTC-USD"}, {"trade_id": 849748517, "side": "sell", "size": "0.00001022", "price": "117240.77000000", "time": "2025-07-15T16:38:55.616334Z", "fetched_at": "2025-07-15T16:39:33.077717+00:00", "symbol": "BTC-USD"}, {"trade_id": 849748516, "side": "sell", "size": "0.00161668", "price": "117243.13000000", "time": "2025-07-15T16:38:55.464770Z", "fetched_at": "2025-07-15T16:39:33.077717+00:00", "symbol": "BTC-USD"}, {"trade_id": 849748515, "side": "sell", "size": "0.00852939", "price": "117241.63000000", "time": "2025-07-15T16:38:55.464770Z", "fetched_at": "2025-07-15T16:39:33.077717+00:00", "symbol": "BTC-USD"}, {"trade_id": 849748514, "side": "sell", "size": "0.00001000", "price": "117241.02000000", "time": "2025-07-15T16:38:55.464770Z", "fetched_at": "2025-07-15T16:39:33.077717+00:00", "symbol": "BTC-USD"}, {"trade_id": 849748513, "side": "sell", "size": "0.04009723", "price": "117240.28000000", "time": "2025-07-15T16:38:55.464770Z", "fetched_at": "2025-07-15T16:39:33.077717+00:00", "symbol": "BTC-USD"}, {"trade_id": 849748512, "side": "sell", "size": "0.03453393", "price": "117240.28000000", "time": "2025-07-15T16:38:55.464770Z", "fetched_at": "2025-07-15T16:39:33.077717+00:00", "symbol": "BTC-USD"}, {"trade_id": 849748511, "side": "sell", "size": "0.00020255", "price": "117236.68000000", "time": "2025-07-15T16:38:55.464770Z", "fetched_at": "2025-07-15T16:39:33.077717+00:00", "symbol": "BTC-USD"}, {"trade_id": 849748510, "side": "sell", "size": "0.00001022", "price": "117236.68000000", "time": "2025-07-15T16:38:55.464770Z", "fetched_at": "2025-07-15T16:39:33.077717+00:00", "symbol": "BTC-USD"}, {"trade_id": 849748509, "side": "sell", "size": "0.00028967", "price": "117240.28000000", "time": "2025-07-15T16:38:55.378886Z", "fetched_at": "2025-07-15T16:39:33.077717+00:00", "symbol": "BTC-USD"}, {"trade_id": 849748508, "side": "sell", "size": "0.00000909", "price": "117236.68000000", "time": "2025-07-15T16:38:55.378886Z", "fetched_at": "2025-07-15T16:39:33.077717+00:00", "symbol": "BTC-USD"}, {"trade_id": 849748507, "side": "sell", "size": "0.00040437", "price": "117240.28000000", "time": "2025-07-15T16:38:55.063559Z", "fetched_at": "2025-07-15T16:39:33.077717+00:00", "symbol": "BTC-USD"}, {"trade_id": 849748506, "side": "sell", "size": "0.00001034", "price": "117234.29000000", "time": "2025-07-15T16:38:55.063559Z", "fetched_at": "2025-07-15T16:39:33.077717+00:00", "symbol": "BTC-USD"}, {"trade_id": 849748505, "side": "buy", "size": "0.00004462", "price": "117234.28000000", "time": "2025-07-15T16:38:55.046050Z", "fetched_at": "2025-07-15T16:39:33.077717+00:00", "symbol": "BTC-USD"}, {"trade_id": 849748504, "side": "sell", "size": "0.00007282", "price": "117240.40000000", "time": "2025-07-15T16:38:54.332976Z", "fetched_at": "2025-07-15T16:39:33.077717+00:00", "symbol": "BTC-USD"}, {"trade_id": 849748503, "side": "sell", "size": "0.00001167", "price": "117234.29000000", "time": "2025-07-15T16:38:54.332976Z", "fetched_at": "2025-07-15T16:39:33.077717+00:00", "symbol": "BTC-USD"}, {"trade_id": 849748502, "side": "sell", "size": "0.00135318", "price": "117239.16000000", "time": "2025-07-15T16:38:54.279695Z", "fetched_at": "2025-07-15T16:39:33.077717+00:00", "symbol": "BTC-USD"}, {"trade_id": 849748501, "side": "buy", "size": "0.00042656", "price": "117234.28000000", "time": "2025-07-15T16:38:54.153417Z", "fetched_at": "2025-07-15T16:39:33.077717+00:00", "symbol": "BTC-USD"}, {"trade_id": 849748500, "side": "sell", "size": "0.00042090", "price": "117239.37000000", "time": "2025-07-15T16:38:54.134032Z", "fetched_at": "2025-07-15T16:39:33.077717+00:00", "symbol": "BTC-USD"}, {"trade_id": 849748499, "side": "sell", "size": "0.00001034", "price": "117226.96000000", "time": "2025-07-15T16:38:54.134032Z", "fetched_at": "2025-07-15T16:39:33.077717+00:00", "symbol": "BTC-USD"}, {"trade_id": 849748498, "side": "buy", "size": "0.00104222", "price": "117216.96000000", "time": "2025-07-15T16:38:53.027145Z", "fetched_at": "2025-07-15T16:39:33.077717+00:00", "symbol": "BTC-USD"}, {"trade_id": 849748497, "side": "buy", "size": "0.00002984", "price": "117216.96000000", "time": "2025-07-15T16:38:53.027145Z", "fetched_at": "2025-07-15T16:39:33.077717+00:00", "symbol": "BTC-USD"}, {"trade_id": 849748496, "side": "sell", "size": "0.00012432", "price": "117226.96000000", "time": "2025-07-15T16:38:52.756359Z", "fetched_at": "2025-07-15T16:39:33.077717+00:00", "symbol": "BTC-USD"}, {"trade_id": 849748495, "side": "sell", "size": "0.00165807", "price": "117226.96000000", "time": "2025-07-15T16:38:52.742175Z", "fetched_at": "2025-07-15T16:39:33.077717+00:00", "symbol": "BTC-USD"}, {"trade_id": 849748494, "side": "sell", "size": "0.00039271", "price": "117226.96000000", "time": "2025-07-15T16:38:52.236214Z", "fetched_at": "2025-07-15T16:39:33.077717+00:00", "symbol": "BTC-USD"}, {"trade_id": 849748493, "side": "sell", "size": "0.00001184", "price": "117216.97000000", "time": "2025-07-15T16:38:52.236214Z", "fetched_at": "2025-07-15T16:39:33.077717+00:00", "symbol": "BTC-USD"}, {"trade_id": 849748492, "side": "sell", "size": "0.29771986", "price": "117239.37000000", "time": "2025-07-15T16:38:51.710877Z", "fetched_at": "2025-07-15T16:39:33.077717+00:00", "symbol": "BTC-USD"}, {"trade_id": 849748491, "side": "sell", "size": "0.02800768", "price": "117239.04000000", "time": "2025-07-15T16:38:51.710877Z", "fetched_at": "2025-07-15T16:39:33.077717+00:00", "symbol": "BTC-USD"}, {"trade_id": 849748490, "side": "sell", "size": "0.02399089", "price": "117238.86000000", "time": "2025-07-15T16:38:51.710877Z", "fetched_at": "2025-07-15T16:39:33.077717+00:00", "symbol": "BTC-USD"}, {"trade_id": 849748489, "side": "sell", "size": "0.00078930", "price": "117238.85000000", "time": "2025-07-15T16:38:51.710877Z", "fetched_at": "2025-07-15T16:39:33.077717+00:00", "symbol": "BTC-USD"}, {"trade_id": 849748488, "side": "sell", "size": "0.00001281", "price": "117236.19000000", "time": "2025-07-15T16:38:51.710877Z", "fetched_at": "2025-07-15T16:39:33.077717+00:00", "symbol": "BTC-USD"}, {"trade_id": 849748487, "side": "sell", "size": "0.06696055", "price": "117234.00000000", "time": "2025-07-15T16:38:51.710877Z", "fetched_at": "2025-07-15T16:39:33.077717+00:00", "symbol": "BTC-USD"}, {"trade_id": 849748486, "side": "sell", "size": "0.04018402", "price": "117233.99000000", "time": "2025-07-15T16:38:51.710877Z", "fetched_at": "2025-07-15T16:39:33.077717+00:00", "symbol": "BTC-USD"}, {"trade_id": 849748485, "side": "sell", "size": "0.00853076", "price": "117232.90000000", "time": "2025-07-15T16:38:51.710877Z", "fetched_at": "2025-07-15T16:39:33.077717+00:00", "symbol": "BTC-USD"}, {"trade_id": 849748484, "side": "sell", "size": "0.00001000", "price": "117232.23000000", "time": "2025-07-15T16:38:51.710877Z", "fetched_at": "2025-07-15T16:39:33.077717+00:00", "symbol": "BTC-USD"}, {"trade_id": 849748483, "side": "sell", "size": "0.06459660", "price": "117230.56000000", "time": "2025-07-15T16:38:51.710877Z", "fetched_at": "2025-07-15T16:39:33.077717+00:00", "symbol": "BTC-USD"}, {"trade_id": 849748482, "side": "sell", "size": "0.04269291", "price": "117229.30000000", "time": "2025-07-15T16:38:51.710877Z", "fetched_at": "2025-07-15T16:39:33.077717+00:00", "symbol": "BTC-USD"}, {"trade_id": 849748481, "side": "sell", "size": "0.01648513", "price": "117226.96000000", "time": "2025-07-15T16:38:51.710877Z", "fetched_at": "2025-07-15T16:39:33.077717+00:00", "symbol": "BTC-USD"}, {"trade_id": 849748480, "side": "sell", "size": "0.03144056", "price": "117226.95000000", "time": "2025-07-15T16:38:51.710877Z", "fetched_at": "2025-07-15T16:39:33.077717+00:00", "symbol": "BTC-USD"}, {"trade_id": 849748479, "side": "sell", "size": "0.03806598", "price": "117226.95000000", "time": "2025-07-15T16:38:51.710877Z", "fetched_at": "2025-07-15T16:39:33.077717+00:00", "symbol": "BTC-USD"}, {"trade_id": 849748478, "side": "sell", "size": "0.06413711", "price": "117224.64000000", "time": "2025-07-15T16:38:51.710877Z", "fetched_at": "2025-07-15T16:39:33.077717+00:00", "symbol": "BTC-USD"}, {"trade_id": 849748477, "side": "sell", "size": "0.03848227", "price": "117224.63000000", "time": "2025-07-15T16:38:51.710877Z", "fetched_at": "2025-07-15T16:39:33.077717+00:00", "symbol": "BTC-USD"}, {"trade_id": 849748476, "side": "sell", "size": "0.00853071", "price": "117223.54000000", "time": "2025-07-15T16:38:51.710877Z", "fetched_at": "2025-07-15T16:39:33.077717+00:00", "symbol": "BTC-USD"}, {"trade_id": 849748475, "side": "sell", "size": "0.00426549", "price": "117223.44000000", "time": "2025-07-15T16:38:51.710877Z", "fetched_at": "2025-07-15T16:39:33.077717+00:00", "symbol": "BTC-USD"}, {"trade_id": 849748474, "side": "sell", "size": "0.00001000", "price": "117223.44000000", "time": "2025-07-15T16:38:51.710877Z", "fetched_at": "2025-07-15T16:39:33.077717+00:00", "symbol": "BTC-USD"}, {"trade_id": 849748473, "side": "sell", "size": "0.00853094", "price": "117220.39000000", "time": "2025-07-15T16:38:51.710877Z", "fetched_at": "2025-07-15T16:39:33.077717+00:00", "symbol": "BTC-USD"}, {"trade_id": 849748472, "side": "sell", "size": "0.00041813", "price": "117219.66000000", "time": "2025-07-15T16:38:51.710877Z", "fetched_at": "2025-07-15T16:39:33.077717+00:00", "symbol": "BTC-USD"}, {"trade_id": 849748471, "side": "sell", "size": "0.02202064", "price": "117218.79000000", "time": "2025-07-15T16:38:51.710877Z", "fetched_at": "2025-07-15T16:39:33.077717+00:00", "symbol": "BTC-USD"}, {"trade_id": 849748470, "side": "sell", "size": "0.01858183", "price": "117218.77000000", "time": "2025-07-15T16:38:51.710877Z", "fetched_at": "2025-07-15T16:39:33.077717+00:00", "symbol": "BTC-USD"}, {"trade_id": 849748469, "side": "sell", "size": "0.00001357", "price": "117216.97000000", "time": "2025-07-15T16:38:51.710877Z", "fetched_at": "2025-07-15T16:39:33.077717+00:00", "symbol": "BTC-USD"}, {"trade_id": 849748468, "side": "sell", "size": "0.01210358", "price": "117218.79000000", "time": "2025-07-15T16:38:51.499143Z", "fetched_at": "2025-07-15T16:39:33.077717+00:00", "symbol": "BTC-USD"}, {"trade_id": 849748467, "side": "sell", "size": "0.49047373", "price": "117218.78000000", "time": "2025-07-15T16:38:51.499143Z", "fetched_at": "2025-07-15T16:39:33.077717+00:00", "symbol": "BTC-USD"}, {"trade_id": 849748466, "side": "sell", "size": "0.31153275", "price": "117218.77000000", "time": "2025-07-15T16:38:51.499143Z", "fetched_at": "2025-07-15T16:39:33.077717+00:00", "symbol": "BTC-USD"}, {"trade_id": 849748465, "side": "sell", "size": "0.00001261", "price": "117216.96000000", "time": "2025-07-15T16:38:51.499143Z", "fetched_at": "2025-07-15T16:39:33.077717+00:00", "symbol": "BTC-USD"}, {"trade_id": 849748464, "side": "sell", "size": "0.00000213", "price": "117216.96000000", "time": "2025-07-15T16:38:51.499143Z", "fetched_at": "2025-07-15T16:39:33.077717+00:00", "symbol": "BTC-USD"}, {"trade_id": 849748463, "side": "buy", "size": "0.00011201", "price": "117216.95000000", "time": "2025-07-15T16:38:51.125694Z", "fetched_at": "2025-07-15T16:39:33.077717+00:00", "symbol": "BTC-USD"}, {"trade_id": 849748462, "side": "sell", "size": "0.00014923", "price": "117218.77000000", "time": "2025-07-15T16:38:51.014653Z", "fetched_at": "2025-07-15T16:39:33.077717+00:00", "symbol": "BTC-USD"}, {"trade_id": 849748461, "side": "sell", "size": "0.00001261", "price": "117216.96000000", "time": "2025-07-15T16:38:51.014653Z", "fetched_at": "2025-07-15T16:39:33.077717+00:00", "symbol": "BTC-USD"}, {"trade_id": 849748460, "side": "sell", "size": "0.00019225", "price": "117218.72000000", "time": "2025-07-15T16:38:50.666299Z", "fetched_at": "2025-07-15T16:39:33.077717+00:00", "symbol": "BTC-USD"}, {"trade_id": 849748459, "side": "sell", "size": "0.00000664", "price": "117216.96000000", "time": "2025-07-15T16:38:50.666299Z", "fetched_at": "2025-07-15T16:39:33.077717+00:00", "symbol": "BTC-USD"}, {"trade_id": 849748458, "side": "sell", "size": "0.00020258", "price": "117216.96000000", "time": "2025-07-15T16:38:50.666299Z", "fetched_at": "2025-07-15T16:39:33.077717+00:00", "symbol": "BTC-USD"}, {"trade_id": 849748457, "side": "sell", "size": "0.00001321", "price": "117216.96000000", "time": "2025-07-15T16:38:50.666299Z", "fetched_at": "2025-07-15T16:39:33.077717+00:00", "symbol": "BTC-USD"}, {"trade_id": 849748456, "side": "sell", "size": "0.00207270", "price": "117218.32000000", "time": "2025-07-15T16:38:49.912078Z", "fetched_at": "2025-07-15T16:39:33.077717+00:00", "symbol": "BTC-USD"}, {"trade_id": 849748455, "side": "sell", "size": "0.00033836", "price": "117216.96000000", "time": "2025-07-15T16:38:49.840688Z", "fetched_at": "2025-07-15T16:39:33.077717+00:00", "symbol": "BTC-USD"}, {"trade_id": 849748454, "side": "buy", "size": "0.00029804", "price": "117216.95000000", "time": "2025-07-15T16:38:49.539755Z", "fetched_at": "2025-07-15T16:39:33.077717+00:00", "symbol": "BTC-USD"}, {"trade_id": 849748453, "side": "sell", "size": "0.00844623", "price": "117218.77000000", "time": "2025-07-15T16:38:48.942157Z", "fetched_at": "2025-07-15T16:39:33.077717+00:00", "symbol": "BTC-USD"}, {"trade_id": 849748452, "side": "sell", "size": "0.03500000", "price": "117218.76000000", "time": "2025-07-15T16:38:48.942157Z", "fetched_at": "2025-07-15T16:39:33.077717+00:00", "symbol": "BTC-USD"}, {"trade_id": 849748451, "side": "sell", "size": "0.00853106", "price": "117218.72000000", "time": "2025-07-15T16:38:48.942157Z", "fetched_at": "2025-07-15T16:39:33.077717+00:00", "symbol": "BTC-USD"}, {"trade_id": 849748450, "side": "sell", "size": "0.00001494", "price": "117216.96000000", "time": "2025-07-15T16:38:48.942157Z", "fetched_at": "2025-07-15T16:39:33.077717+00:00", "symbol": "BTC-USD"}, {"trade_id": 849748449, "side": "sell", "size": "0.00030000", "price": "117216.96000000", "time": "2025-07-15T16:38:48.942157Z", "fetched_at": "2025-07-15T16:39:33.077717+00:00", "symbol": "BTC-USD"}, {"trade_id": 849748448, "side": "sell", "size": "0.00575564", "price": "117216.96000000", "time": "2025-07-15T16:38:48.942157Z", "fetched_at": "2025-07-15T16:39:33.077717+00:00", "symbol": "BTC-USD"}, {"trade_id": 849748447, "side": "sell", "size": "0.00036000", "price": "117216.96000000", "time": "2025-07-15T16:38:48.887285Z", "fetched_at": "2025-07-15T16:39:33.077717+00:00", "symbol": "BTC-USD"}, {"trade_id": 849748446, "side": "sell", "size": "0.00057000", "price": "117216.96000000", "time": "2025-07-15T16:38:48.405066Z", "fetched_at": "2025-07-15T16:39:33.077717+00:00", "symbol": "BTC-USD"}, {"trade_id": 849748445, "side": "buy", "size": "0.00215000", "price": "117216.95000000", "time": "2025-07-15T16:38:48.124793Z", "fetched_at": "2025-07-15T16:39:33.077717+00:00", "symbol": "BTC-USD"}, {"trade_id": 849748444, "side": "sell", "size": "0.02424709", "price": "117216.96000000", "time": "2025-07-15T16:38:48.044806Z", "fetched_at": "2025-07-15T16:39:33.077717+00:00", "symbol": "BTC-USD"}, {"trade_id": 849748443, "side": "sell", "size": "0.00422652", "price": "117216.96000000", "time": "2025-07-15T16:38:47.850254Z", "fetched_at": "2025-07-15T16:39:33.077717+00:00", "symbol": "BTC-USD"}, {"trade_id": 849748442, "side": "sell", "size": "0.00001033", "price": "117216.96000000", "time": "2025-07-15T16:38:47.850254Z", "fetched_at": "2025-07-15T16:39:33.077717+00:00", "symbol": "BTC-USD"}, {"trade_id": 849748441, "side": "buy", "size": "0.02154125", "price": "117216.95000000", "time": "2025-07-15T16:38:47.587452Z", "fetched_at": "2025-07-15T16:39:33.077717+00:00", "symbol": "BTC-USD"}, {"trade_id": 849748440, "side": "buy", "size": "0.00049504", "price": "117216.95000000", "time": "2025-07-15T16:38:47.008856Z", "fetched_at": "2025-07-15T16:39:33.077717+00:00", "symbol": "BTC-USD"}, {"trade_id": 849748439, "side": "sell", "size": "0.00014014", "price": "117218.77000000", "time": "2025-07-15T16:38:46.869824Z", "fetched_at": "2025-07-15T16:39:33.077717+00:00", "symbol": "BTC-USD"}, {"trade_id": 849748438, "side": "sell", "size": "0.00001738", "price": "117216.96000000", "time": "2025-07-15T16:38:46.869824Z", "fetched_at": "2025-07-15T16:39:33.077717+00:00", "symbol": "BTC-USD"}, {"trade_id": 849748437, "side": "sell", "size": "0.00061338", "price": "117218.77000000", "time": "2025-07-15T16:38:46.720399Z", "fetched_at": "2025-07-15T16:39:33.077717+00:00", "symbol": "BTC-USD"}, {"trade_id": 849748436, "side": "sell", "size": "0.00020257", "price": "117218.77000000", "time": "2025-07-15T16:38:46.720399Z", "fetched_at": "2025-07-15T16:39:33.077717+00:00", "symbol": "BTC-USD"}, {"trade_id": 849748435, "side": "sell", "size": "0.00001308", "price": "117216.96000000", "time": "2025-07-15T16:38:46.720399Z", "fetched_at": "2025-07-15T16:39:33.077717+00:00", "symbol": "BTC-USD"}, {"trade_id": 849748434, "side": "sell", "size": "0.00000008", "price": "117216.96000000", "time": "2025-07-15T16:38:46.673730Z", "fetched_at": "2025-07-15T16:39:33.077717+00:00", "symbol": "BTC-USD"}, {"trade_id": 849748433, "side": "sell", "size": "0.00000811", "price": "117216.96000000", "time": "2025-07-15T16:38:46.656020Z", "fetched_at": "2025-07-15T16:39:33.077717+00:00", "symbol": "BTC-USD"}, {"trade_id": 849748432, "side": "sell", "size": "0.00000213", "price": "117216.96000000", "time": "2025-07-15T16:38:46.656020Z", "fetched_at": "2025-07-15T16:39:33.077717+00:00", "symbol": "BTC-USD"}, {"trade_id": 849748431, "side": "sell", "size": "0.00000664", "price": "117216.96000000", "time": "2025-07-15T16:38:46.656020Z", "fetched_at": "2025-07-15T16:39:33.077717+00:00", "symbol": "BTC-USD"}, {"trade_id": 849748430, "side": "sell", "size": "0.00083013", "price": "117218.76000000", "time": "2025-07-15T16:38:45.408554Z", "fetched_at": "2025-07-15T16:39:33.077717+00:00", "symbol": "BTC-USD"}, {"trade_id": 849748429, "side": "sell", "size": "0.00001477", "price": "117216.94000000", "time": "2025-07-15T16:38:45.408554Z", "fetched_at": "2025-07-15T16:39:33.077717+00:00", "symbol": "BTC-USD"}, {"trade_id": 849748428, "side": "sell", "size": "0.00081411", "price": "117218.78000000", "time": "2025-07-15T16:38:44.492409Z", "fetched_at": "2025-07-15T16:39:33.077717+00:00", "symbol": "BTC-USD"}, {"trade_id": 849748427, "side": "sell", "size": "0.00001494", "price": "117216.94000000", "time": "2025-07-15T16:38:44.492409Z", "fetched_at": "2025-07-15T16:39:33.077717+00:00", "symbol": "BTC-USD"}, {"trade_id": 849748426, "side": "sell", "size": "0.00218506", "price": "117218.78000000", "time": "2025-07-15T16:38:44.112116Z", "fetched_at": "2025-07-15T16:39:33.077717+00:00", "symbol": "BTC-USD"}, {"trade_id": 849748425, "side": "sell", "size": "0.00001494", "price": "117216.94000000", "time": "2025-07-15T16:38:44.112116Z", "fetched_at": "2025-07-15T16:39:33.077717+00:00", "symbol": "BTC-USD"}, {"trade_id": 849748424, "side": "sell", "size": "0.00013964", "price": "117218.76000000", "time": "2025-07-15T16:38:43.396342Z", "fetched_at": "2025-07-15T16:39:33.077717+00:00", "symbol": "BTC-USD"}, {"trade_id": 849748423, "side": "sell", "size": "0.00002623", "price": "117216.94000000", "time": "2025-07-15T16:38:43.396342Z", "fetched_at": "2025-07-15T16:39:33.077717+00:00", "symbol": "BTC-USD"}, {"trade_id": 849748422, "side": "sell", "size": "0.00014200", "price": "117218.76000000", "time": "2025-07-15T16:38:42.860920Z", "fetched_at": "2025-07-15T16:39:33.077717+00:00", "symbol": "BTC-USD"}, {"trade_id": 849748421, "side": "sell", "size": "0.00002386", "price": "117216.96000000", "time": "2025-07-15T16:38:42.860920Z", "fetched_at": "2025-07-15T16:39:33.077717+00:00", "symbol": "BTC-USD"}, {"trade_id": 849748420, "side": "sell", "size": "0.00395614", "price": "117218.77000000", "time": "2025-07-15T16:38:42.816770Z", "fetched_at": "2025-07-15T16:39:33.077717+00:00", "symbol": "BTC-USD"}, {"trade_id": 849748419, "side": "sell", "size": "0.00002386", "price": "117216.96000000", "time": "2025-07-15T16:38:42.816770Z", "fetched_at": "2025-07-15T16:39:33.077717+00:00", "symbol": "BTC-USD"}, {"trade_id": 849748418, "side": "sell", "size": "0.00037280", "price": "117218.77000000", "time": "2025-07-15T16:38:42.640395Z", "fetched_at": "2025-07-15T16:39:33.077717+00:00", "symbol": "BTC-USD"}, {"trade_id": 849748417, "side": "sell", "size": "0.00002386", "price": "117216.96000000", "time": "2025-07-15T16:38:42.640395Z", "fetched_at": "2025-07-15T16:39:33.077717+00:00", "symbol": "BTC-USD"}, {"trade_id": 849748416, "side": "sell", "size": "0.00841165", "price": "117218.77000000", "time": "2025-07-15T16:38:42.570365Z", "fetched_at": "2025-07-15T16:39:33.077717+00:00", "symbol": "BTC-USD"}, {"trade_id": 849748415, "side": "sell", "size": "0.00001034", "price": "117216.96000000", "time": "2025-07-15T16:38:42.570365Z", "fetched_at": "2025-07-15T16:39:33.077717+00:00", "symbol": "BTC-USD"}, {"trade_id": 849748414, "side": "sell", "size": "0.00002471", "price": "117216.96000000", "time": "2025-07-15T16:38:42.570365Z", "fetched_at": "2025-07-15T16:39:33.077717+00:00", "symbol": "BTC-USD"}, {"trade_id": 849748413, "side": "sell", "size": "0.00021123", "price": "117216.96000000", "time": "2025-07-15T16:38:42.347872Z", "fetched_at": "2025-07-15T16:39:33.077717+00:00", "symbol": "BTC-USD"}, {"trade_id": 849748412, "side": "sell", "size": "0.00024343", "price": "117216.96000000", "time": "2025-07-15T16:38:42.332914Z", "fetched_at": "2025-07-15T16:39:33.077717+00:00", "symbol": "BTC-USD"}, {"trade_id": 849748411, "side": "sell", "size": "0.00002371", "price": "117216.96000000", "time": "2025-07-15T16:38:42.332914Z", "fetched_at": "2025-07-15T16:39:33.077717+00:00", "symbol": "BTC-USD"}, {"trade_id": 849748410, "side": "buy", "size": "0.00861904", "price": "117216.95000000", "time": "2025-07-15T16:38:42.276832Z", "fetched_at": "2025-07-15T16:39:33.077717+00:00", "symbol": "BTC-USD"}, {"trade_id": 849748409, "side": "sell", "size": "0.00017572", "price": "117218.76000000", "time": "2025-07-15T16:38:42.257308Z", "fetched_at": "2025-07-15T16:39:33.077717+00:00", "symbol": "BTC-USD"}, {"trade_id": 849748408, "side": "sell", "size": "0.00002664", "price": "117216.96000000", "time": "2025-07-15T16:38:42.257308Z", "fetched_at": "2025-07-15T16:39:33.077717+00:00", "symbol": "BTC-USD"}, {"trade_id": 849748407, "side": "buy", "size": "0.00872174", "price": "117216.95000000", "time": "2025-07-15T16:38:42.013129Z", "fetched_at": "2025-07-15T16:39:33.077717+00:00", "symbol": "BTC-USD"}, {"trade_id": 849748406, "side": "sell", "size": "0.00170687", "price": "117218.76000000", "time": "2025-07-15T16:38:42.004093Z", "fetched_at": "2025-07-15T16:39:33.077717+00:00", "symbol": "BTC-USD"}, {"trade_id": 849748405, "side": "sell", "size": "0.00001817", "price": "117216.96000000", "time": "2025-07-15T16:38:42.004093Z", "fetched_at": "2025-07-15T16:39:33.077717+00:00", "symbol": "BTC-USD"}, {"trade_id": 849748404, "side": "sell", "size": "0.00010049", "price": "117218.77000000", "time": "2025-07-15T16:38:41.772843Z", "fetched_at": "2025-07-15T16:39:33.077717+00:00", "symbol": "BTC-USD"}, {"trade_id": 849748403, "side": "sell", "size": "0.00002092", "price": "117216.96000000", "time": "2025-07-15T16:38:41.772843Z", "fetched_at": "2025-07-15T16:39:33.077717+00:00", "symbol": "BTC-USD"}, {"trade_id": 849748402, "side": "sell", "size": "0.00006970", "price": "117218.76000000", "time": "2025-07-15T16:38:41.447154Z", "fetched_at": "2025-07-15T16:39:33.077717+00:00", "symbol": "BTC-USD"}, {"trade_id": 849748401, "side": "sell", "size": "0.00001268", "price": "117216.96000000", "time": "2025-07-15T16:38:41.447154Z", "fetched_at": "2025-07-15T16:39:33.077717+00:00", "symbol": "BTC-USD"}, {"trade_id": 849748400, "side": "sell", "size": "0.00041454", "price": "117216.96000000", "time": "2025-07-15T16:38:41.155387Z", "fetched_at": "2025-07-15T16:39:33.077717+00:00", "symbol": "BTC-USD"}, {"trade_id": 849748399, "side": "sell", "size": "0.00039120", "price": "117216.96000000", "time": "2025-07-15T16:38:41.067719Z", "fetched_at": "2025-07-15T16:39:33.077717+00:00", "symbol": "BTC-USD"}, {"trade_id": 849748398, "side": "sell", "size": "0.00000213", "price": "117216.96000000", "time": "2025-07-15T16:38:41.067719Z", "fetched_at": "2025-07-15T16:39:33.077717+00:00", "symbol": "BTC-USD"}, {"trade_id": 849748397, "side": "sell", "size": "0.00001138", "price": "117216.96000000", "time": "2025-07-15T16:38:41.067719Z", "fetched_at": "2025-07-15T16:39:33.077717+00:00", "symbol": "BTC-USD"}, {"trade_id": 849748396, "side": "sell", "size": "0.00080591", "price": "117218.77000000", "time": "2025-07-15T16:38:40.570595Z", "fetched_at": "2025-07-15T16:39:33.077717+00:00", "symbol": "BTC-USD"}, {"trade_id": 849748395, "side": "sell", "size": "0.00000664", "price": "117217.41000000", "time": "2025-07-15T16:38:40.570595Z", "fetched_at": "2025-07-15T16:39:33.077717+00:00", "symbol": "BTC-USD"}, {"trade_id": 849748394, "side": "sell", "size": "0.00000368", "price": "117217.41000000", "time": "2025-07-15T16:38:40.570595Z", "fetched_at": "2025-07-15T16:39:33.077717+00:00", "symbol": "BTC-USD"}, {"trade_id": 849748393, "side": "sell", "size": "0.00001312", "price": "117216.96000000", "time": "2025-07-15T16:38:40.570595Z", "fetched_at": "2025-07-15T16:39:33.077717+00:00", "symbol": "BTC-USD"}, {"trade_id": 849748392, "side": "buy", "size": "0.01708455", "price": "117217.40000000", "time": "2025-07-15T16:38:40.525178Z", "fetched_at": "2025-07-15T16:39:33.077717+00:00", "symbol": "BTC-USD"}, {"trade_id": 849748391, "side": "buy", "size": "0.00002465", "price": "117217.40000000", "time": "2025-07-15T16:38:40.525178Z", "fetched_at": "2025-07-15T16:39:33.077717+00:00", "symbol": "BTC-USD"}, {"trade_id": 849748390, "side": "buy", "size": "0.00067549", "price": "117217.40000000", "time": "2025-07-15T16:38:40.525178Z", "fetched_at": "2025-07-15T16:39:33.077717+00:00", "symbol": "BTC-USD"}, {"trade_id": 849748389, "side": "sell", "size": "0.00019887", "price": "117217.41000000", "time": "2025-07-15T16:38:40.483507Z", "fetched_at": "2025-07-15T16:39:33.077717+00:00", "symbol": "BTC-USD"}, {"trade_id": 849748388, "side": "sell", "size": "0.00001236", "price": "117217.41000000", "time": "2025-07-15T16:38:40.483507Z", "fetched_at": "2025-07-15T16:39:33.077717+00:00", "symbol": "BTC-USD"}, {"trade_id": 849748387, "side": "sell", "size": "0.00019498", "price": "117218.78000000", "time": "2025-07-15T16:38:39.636316Z", "fetched_at": "2025-07-15T16:39:33.077717+00:00", "symbol": "BTC-USD"}, {"trade_id": 849748386, "side": "sell", "size": "0.00001236", "price": "117217.41000000", "time": "2025-07-15T16:38:39.636316Z", "fetched_at": "2025-07-15T16:39:33.077717+00:00", "symbol": "BTC-USD"}, {"trade_id": 849748385, "side": "sell", "size": "0.00206108", "price": "117218.78000000", "time": "2025-07-15T16:38:39.427067Z", "fetched_at": "2025-07-15T16:39:33.077717+00:00", "symbol": "BTC-USD"}, {"trade_id": 849748384, "side": "sell", "size": "0.00001240", "price": "117217.41000000", "time": "2025-07-15T16:38:39.427067Z", "fetched_at": "2025-07-15T16:39:33.077717+00:00", "symbol": "BTC-USD"}, {"trade_id": 849748383, "side": "sell", "size": "0.00081698", "price": "117218.77000000", "time": "2025-07-15T16:38:39.398948Z", "fetched_at": "2025-07-15T16:39:33.077717+00:00", "symbol": "BTC-USD"}, {"trade_id": 849748382, "side": "sell", "size": "0.00001240", "price": "117217.41000000", "time": "2025-07-15T16:38:39.398948Z", "fetched_at": "2025-07-15T16:39:33.077717+00:00", "symbol": "BTC-USD"}, {"trade_id": 849748381, "side": "sell", "size": "0.00083470", "price": "117218.78000000", "time": "2025-07-15T16:38:38.980148Z", "fetched_at": "2025-07-15T16:39:33.077717+00:00", "symbol": "BTC-USD"}, {"trade_id": 849748380, "side": "sell", "size": "0.00001025", "price": "117217.41000000", "time": "2025-07-15T16:38:38.980148Z", "fetched_at": "2025-07-15T16:39:33.077717+00:00", "symbol": "BTC-USD"}, {"trade_id": 849748379, "side": "sell", "size": "0.00081900", "price": "117218.78000000", "time": "2025-07-15T16:38:38.772035Z", "fetched_at": "2025-07-15T16:39:33.077717+00:00", "symbol": "BTC-USD"}, {"trade_id": 849748378, "side": "sell", "size": "0.00001030", "price": "117216.94000000", "time": "2025-07-15T16:38:38.772035Z", "fetched_at": "2025-07-15T16:39:33.077717+00:00", "symbol": "BTC-USD"}, {"trade_id": 849748377, "side": "sell", "size": "0.00015556", "price": "117218.78000000", "time": "2025-07-15T16:38:38.715742Z", "fetched_at": "2025-07-15T16:39:33.077717+00:00", "symbol": "BTC-USD"}, {"trade_id": 849748376, "side": "sell", "size": "0.00001030", "price": "117216.94000000", "time": "2025-07-15T16:38:38.715742Z", "fetched_at": "2025-07-15T16:39:33.077717+00:00", "symbol": "BTC-USD"}, {"trade_id": 849748375, "side": "sell", "size": "0.00164557", "price": "117218.78000000", "time": "2025-07-15T16:38:38.121202Z", "fetched_at": "2025-07-15T16:39:33.077717+00:00", "symbol": "BTC-USD"}, {"trade_id": 849748374, "side": "sell", "size": "0.00001304", "price": "117216.94000000", "time": "2025-07-15T16:38:38.121202Z", "fetched_at": "2025-07-15T16:39:33.077717+00:00", "symbol": "BTC-USD"}, {"trade_id": 849748373, "side": "sell", "size": "0.00019430", "price": "117218.78000000", "time": "2025-07-15T16:38:37.986494Z", "fetched_at": "2025-07-15T16:39:33.077717+00:00", "symbol": "BTC-USD"}, {"trade_id": 849748372, "side": "sell", "size": "0.00001304", "price": "117216.94000000", "time": "2025-07-15T16:38:37.986494Z", "fetched_at": "2025-07-15T16:39:33.077717+00:00", "symbol": "BTC-USD"}, {"trade_id": 849748371, "side": "sell", "size": "0.00020734", "price": "117218.78000000", "time": "2025-07-15T16:38:37.868281Z", "fetched_at": "2025-07-15T16:39:33.077717+00:00", "symbol": "BTC-USD"}, {"trade_id": 849748370, "side": "sell", "size": "0.00021121", "price": "117218.78000000", "time": "2025-07-15T16:38:37.813990Z", "fetched_at": "2025-07-15T16:39:33.077717+00:00", "symbol": "BTC-USD"}, {"trade_id": 849748369, "side": "sell", "size": "0.00007158", "price": "117218.78000000", "time": "2025-07-15T16:38:37.610218Z", "fetched_at": "2025-07-15T16:39:33.077717+00:00", "symbol": "BTC-USD"}, {"trade_id": 849748368, "side": "sell", "size": "0.00001080", "price": "117214.00000000", "time": "2025-07-15T16:38:37.610218Z", "fetched_at": "2025-07-15T16:39:33.077717+00:00", "symbol": "BTC-USD"}, {"trade_id": 849748367, "side": "sell", "size": "0.00007014", "price": "117218.78000000", "time": "2025-07-15T16:38:37.597954Z", "fetched_at": "2025-07-15T16:39:33.077717+00:00", "symbol": "BTC-USD"}, {"trade_id": 849748366, "side": "sell", "size": "0.00001080", "price": "117214.00000000", "time": "2025-07-15T16:38:37.597954Z", "fetched_at": "2025-07-15T16:39:33.077717+00:00", "symbol": "BTC-USD"}, {"trade_id": 849748365, "side": "sell", "size": "0.00006164", "price": "117218.78000000", "time": "2025-07-15T16:38:37.572631Z", "fetched_at": "2025-07-15T16:39:33.077717+00:00", "symbol": "BTC-USD"}, {"trade_id": 849748364, "side": "sell", "size": "0.00001033", "price": "117214.00000000", "time": "2025-07-15T16:38:37.572631Z", "fetched_at": "2025-07-15T16:39:33.077717+00:00", "symbol": "BTC-USD"}, {"trade_id": 849748363, "side": "sell", "size": "0.00001041", "price": "117214.00000000", "time": "2025-07-15T16:38:37.572631Z", "fetched_at": "2025-07-15T16:39:33.077717+00:00", "symbol": "BTC-USD"}, {"trade_id": 849748362, "side": "sell", "size": "0.00294535", "price": "117217.62000000", "time": "2025-07-15T16:38:37.285306Z", "fetched_at": "2025-07-15T16:39:33.077717+00:00", "symbol": "BTC-USD"}, {"trade_id": 849748361, "side": "sell", "size": "0.00001159", "price": "117214.00000000", "time": "2025-07-15T16:38:37.285306Z", "fetched_at": "2025-07-15T16:39:33.077717+00:00", "symbol": "BTC-USD"}, {"trade_id": 849748360, "side": "sell", "size": "0.00117208", "price": "117217.62000000", "time": "2025-07-15T16:38:37.256014Z", "fetched_at": "2025-07-15T16:39:33.077717+00:00", "symbol": "BTC-USD"}, {"trade_id": 849748359, "side": "sell", "size": "0.00001159", "price": "117214.00000000", "time": "2025-07-15T16:38:37.256014Z", "fetched_at": "2025-07-15T16:39:33.077717+00:00", "symbol": "BTC-USD"}, {"trade_id": 849748358, "side": "buy", "size": "0.00089600", "price": "117202.92000000", "time": "2025-07-15T16:38:37.078783Z", "fetched_at": "2025-07-15T16:39:33.077717+00:00", "symbol": "BTC-USD"}, {"trade_id": 849748357, "side": "buy", "size": "0.00853189", "price": "117207.32000000", "time": "2025-07-15T16:38:37.078783Z", "fetched_at": "2025-07-15T16:39:33.077717+00:00", "symbol": "BTC-USD"}, {"trade_id": 849748356, "side": "buy", "size": "0.00002465", "price": "117209.08000000", "time": "2025-07-15T16:38:37.078783Z", "fetched_at": "2025-07-15T16:39:33.077717+00:00", "symbol": "BTC-USD"}, {"trade_id": 849748355, "side": "buy", "size": "0.00420284", "price": "117209.08000000", "time": "2025-07-15T16:38:37.078783Z", "fetched_at": "2025-07-15T16:39:33.077717+00:00", "symbol": "BTC-USD"}, {"trade_id": 849748354, "side": "buy", "size": "0.00853159", "price": "117211.44000000", "time": "2025-07-15T16:38:37.078783Z", "fetched_at": "2025-07-15T16:39:33.077717+00:00", "symbol": "BTC-USD"}, {"trade_id": 849748353, "side": "sell", "size": "0.00020236", "price": "117216.43000000", "time": "2025-07-15T16:38:36.942984Z", "fetched_at": "2025-07-15T16:39:33.077717+00:00", "symbol": "BTC-USD"}, {"trade_id": 849748352, "side": "sell", "size": "0.00103670", "price": "117216.43000000", "time": "2025-07-15T16:38:36.880947Z", "fetched_at": "2025-07-15T16:39:33.077717+00:00", "symbol": "BTC-USD"}, {"trade_id": 849748351, "side": "sell", "size": "0.00081929", "price": "117216.43000000", "time": "2025-07-15T16:38:36.776782Z", "fetched_at": "2025-07-15T16:39:33.077717+00:00", "symbol": "BTC-USD"}, {"trade_id": 849748350, "side": "sell", "size": "0.00001000", "price": "117214.65000000", "time": "2025-07-15T16:38:36.776782Z", "fetched_at": "2025-07-15T16:39:33.077717+00:00", "symbol": "BTC-USD"}, {"trade_id": 849748349, "side": "sell", "size": "0.00006899", "price": "117205.92000000", "time": "2025-07-15T16:38:36.304781Z", "fetched_at": "2025-07-15T16:39:33.077717+00:00", "symbol": "BTC-USD"}, {"trade_id": 849748348, "side": "sell", "size": "0.00001339", "price": "117202.17000000", "time": "2025-07-15T16:38:36.304781Z", "fetched_at": "2025-07-15T16:39:33.077717+00:00", "symbol": "BTC-USD"}, {"trade_id": 849748347, "side": "sell", "size": "0.00041471", "price": "117205.91000000", "time": "2025-07-15T16:38:36.199332Z", "fetched_at": "2025-07-15T16:39:33.077717+00:00", "symbol": "BTC-USD"}, {"trade_id": 849748346, "side": "sell", "size": "0.00316221", "price": "117205.91000000", "time": "2025-07-15T16:38:36.182368Z", "fetched_at": "2025-07-15T16:39:33.077717+00:00", "symbol": "BTC-USD"}, {"trade_id": 849748345, "side": "sell", "size": "0.00001339", "price": "117202.15000000", "time": "2025-07-15T16:38:36.182368Z", "fetched_at": "2025-07-15T16:39:33.077717+00:00", "symbol": "BTC-USD"}, {"trade_id": 849748344, "side": "sell", "size": "0.00081741", "price": "117205.91000000", "time": "2025-07-15T16:38:36.065750Z", "fetched_at": "2025-07-15T16:39:33.077717+00:00", "symbol": "BTC-USD"}, {"trade_id": 849748343, "side": "sell", "size": "0.00000213", "price": "117202.15000000", "time": "2025-07-15T16:38:36.065750Z", "fetched_at": "2025-07-15T16:39:33.077717+00:00", "symbol": "BTC-USD"}, {"trade_id": 849748342, "side": "sell", "size": "0.00000981", "price": "117202.15000000", "time": "2025-07-15T16:38:36.065750Z", "fetched_at": "2025-07-15T16:39:33.077717+00:00", "symbol": "BTC-USD"}, {"trade_id": 849748341, "side": "sell", "size": "0.00022638", "price": "117205.91000000", "time": "2025-07-15T16:38:35.960076Z", "fetched_at": "2025-07-15T16:39:33.077717+00:00", "symbol": "BTC-USD"}, {"trade_id": 849748340, "side": "sell", "size": "0.00000981", "price": "117202.15000000", "time": "2025-07-15T16:38:35.960076Z", "fetched_at": "2025-07-15T16:39:33.077717+00:00", "symbol": "BTC-USD"}, {"trade_id": 849748339, "side": "sell", "size": "0.00000664", "price": "117202.15000000", "time": "2025-07-15T16:38:35.960076Z", "fetched_at": "2025-07-15T16:39:33.077717+00:00", "symbol": "BTC-USD"}, {"trade_id": 849748338, "side": "sell", "size": "0.00025441", "price": "117203.91000000", "time": "2025-07-15T16:38:35.522715Z", "fetched_at": "2025-07-15T16:39:33.077717+00:00", "symbol": "BTC-USD"}, {"trade_id": 849748337, "side": "sell", "size": "0.00001551", "price": "117202.15000000", "time": "2025-07-15T16:38:35.522715Z", "fetched_at": "2025-07-15T16:39:33.077717+00:00", "symbol": "BTC-USD"}, {"trade_id": 849748336, "side": "sell", "size": "0.00014475", "price": "117202.15000000", "time": "2025-07-15T16:38:35.522715Z", "fetched_at": "2025-07-15T16:39:33.077717+00:00", "symbol": "BTC-USD"}, {"trade_id": 849748335, "side": "sell", "size": "0.00003285", "price": "117202.15000000", "time": "2025-07-15T16:38:35.506552Z", "fetched_at": "2025-07-15T16:39:33.077717+00:00", "symbol": "BTC-USD"}, {"trade_id": 849748334, "side": "sell", "size": "0.00002496", "price": "117202.15000000", "time": "2025-07-15T16:38:35.483434Z", "fetched_at": "2025-07-15T16:39:33.077717+00:00", "symbol": "BTC-USD"}, {"trade_id": 849748333, "side": "sell", "size": "0.00001551", "price": "117202.15000000", "time": "2025-07-15T16:38:35.483434Z", "fetched_at": "2025-07-15T16:39:33.077717+00:00", "symbol": "BTC-USD"}, {"trade_id": 849748332, "side": "sell", "size": "0.00102479", "price": "117205.91000000", "time": "2025-07-15T16:38:35.401191Z", "fetched_at": "2025-07-15T16:39:33.077717+00:00", "symbol": "BTC-USD"}, {"trade_id": 849748331, "side": "sell", "size": "0.00001551", "price": "117202.15000000", "time": "2025-07-15T16:38:35.401191Z", "fetched_at": "2025-07-15T16:39:33.077717+00:00", "symbol": "BTC-USD"}, {"trade_id": 849748330, "side": "sell", "size": "0.00019183", "price": "117212.50000000", "time": "2025-07-15T16:38:35.176283Z", "fetched_at": "2025-07-15T16:39:33.077717+00:00", "symbol": "BTC-USD"}, {"trade_id": 849748329, "side": "sell", "size": "0.00001551", "price": "117202.15000000", "time": "2025-07-15T16:38:35.176283Z", "fetched_at": "2025-07-15T16:39:33.077717+00:00", "symbol": "BTC-USD"}, {"trade_id": 849748328, "side": "sell", "size": "0.00040767", "price": "117212.60000000", "time": "2025-07-15T16:38:35.107617Z", "fetched_at": "2025-07-15T16:39:33.077717+00:00", "symbol": "BTC-USD"}, {"trade_id": 849748327, "side": "sell", "size": "0.00001478", "price": "117202.15000000", "time": "2025-07-15T16:38:35.107617Z", "fetched_at": "2025-07-15T16:39:33.077717+00:00", "symbol": "BTC-USD"}, {"trade_id": 849748326, "side": "sell", "size": "0.00081780", "price": "117212.70000000", "time": "2025-07-15T16:38:34.925866Z", "fetched_at": "2025-07-15T16:39:33.077717+00:00", "symbol": "BTC-USD"}, {"trade_id": 849748325, "side": "sell", "size": "0.00001161", "price": "117202.15000000", "time": "2025-07-15T16:38:34.925866Z", "fetched_at": "2025-07-15T16:39:33.077717+00:00", "symbol": "BTC-USD"}, {"trade_id": 849748324, "side": "sell", "size": "0.00057897", "price": "117211.11000000", "time": "2025-07-15T16:38:34.675531Z", "fetched_at": "2025-07-15T16:39:33.077717+00:00", "symbol": "BTC-USD"}, {"trade_id": 849748323, "side": "sell", "size": "0.00001283", "price": "117202.15000000", "time": "2025-07-15T16:38:34.675531Z", "fetched_at": "2025-07-15T16:39:33.077717+00:00", "symbol": "BTC-USD"}, {"trade_id": 849748322, "side": "sell", "size": "0.00011391", "price": "117211.63000000", "time": "2025-07-15T16:38:34.624593Z", "fetched_at": "2025-07-15T16:39:33.077717+00:00", "symbol": "BTC-USD"}, {"trade_id": 849748321, "side": "sell", "size": "0.00001283", "price": "117202.15000000", "time": "2025-07-15T16:38:34.624593Z", "fetched_at": "2025-07-15T16:39:33.077717+00:00", "symbol": "BTC-USD"}, {"trade_id": 849748320, "side": "sell", "size": "0.00009443", "price": "117205.91000000", "time": "2025-07-15T16:38:34.006492Z", "fetched_at": "2025-07-15T16:39:33.077717+00:00", "symbol": "BTC-USD"}, {"trade_id": 849748319, "side": "sell", "size": "0.00001221", "price": "117202.15000000", "time": "2025-07-15T16:38:34.006492Z", "fetched_at": "2025-07-15T16:39:33.077717+00:00", "symbol": "BTC-USD"}, {"trade_id": 849748318, "side": "sell", "size": "0.00072279", "price": "117202.15000000", "time": "2025-07-15T16:38:34.006492Z", "fetched_at": "2025-07-15T16:39:33.077717+00:00", "symbol": "BTC-USD"}, {"trade_id": 849748317, "side": "sell", "size": "0.00081721", "price": "117202.15000000", "time": "2025-07-15T16:38:33.896958Z", "fetched_at": "2025-07-15T16:39:33.077717+00:00", "symbol": "BTC-USD"}, {"trade_id": 849748316, "side": "sell", "size": "0.00001221", "price": "117202.15000000", "time": "2025-07-15T16:38:33.896958Z", "fetched_at": "2025-07-15T16:39:33.077717+00:00", "symbol": "BTC-USD"}, {"trade_id": 849748315, "side": "buy", "size": "0.00032947", "price": "117202.14000000", "time": "2025-07-15T16:38:33.868447Z", "fetched_at": "2025-07-15T16:39:33.077717+00:00", "symbol": "BTC-USD"}, {"trade_id": 849748314, "side": "buy", "size": "0.00000810", "price": "117202.14000000", "time": "2025-07-15T16:38:33.868447Z", "fetched_at": "2025-07-15T16:39:33.077717+00:00", "symbol": "BTC-USD"}, {"trade_id": 849748313, "side": "buy", "size": "0.00000238", "price": "117202.14000000", "time": "2025-07-15T16:38:33.868447Z", "fetched_at": "2025-07-15T16:39:33.077717+00:00", "symbol": "BTC-USD"}, {"trade_id": 849748312, "side": "sell", "size": "0.00358614", "price": "117205.91000000", "time": "2025-07-15T16:38:33.853679Z", "fetched_at": "2025-07-15T16:39:33.077717+00:00", "symbol": "BTC-USD"}, {"trade_id": 849748311, "side": "sell", "size": "0.00853214", "price": "117203.91000000", "time": "2025-07-15T16:38:33.853679Z", "fetched_at": "2025-07-15T16:39:33.077717+00:00", "symbol": "BTC-USD"}, {"trade_id": 849748310, "side": "sell", "size": "0.00001221", "price": "117202.15000000", "time": "2025-07-15T16:38:33.853679Z", "fetched_at": "2025-07-15T16:39:33.077717+00:00", "symbol": "BTC-USD"}, {"trade_id": 849748309, "side": "sell", "size": "0.00054321", "price": "117202.15000000", "time": "2025-07-15T16:38:33.853679Z", "fetched_at": "2025-07-15T16:39:33.077717+00:00", "symbol": "BTC-USD"}, {"trade_id": 849748308, "side": "sell", "size": "0.00040473", "price": "117202.15000000", "time": "2025-07-15T16:38:33.728486Z", "fetched_at": "2025-07-15T16:39:33.077717+00:00", "symbol": "BTC-USD"}, {"trade_id": 849748307, "side": "sell", "size": "0.00062206", "price": "117202.15000000", "time": "2025-07-15T16:38:33.721150Z", "fetched_at": "2025-07-15T16:39:33.077717+00:00", "symbol": "BTC-USD"}, {"trade_id": 849748306, "side": "sell", "size": "0.00038055", "price": "117211.03000000", "time": "2025-07-15T16:38:33.007310Z", "fetched_at": "2025-07-15T16:39:33.077717+00:00", "symbol": "BTC-USD"}, {"trade_id": 849748305, "side": "sell", "size": "0.00001000", "price": "117205.86000000", "time": "2025-07-15T16:38:33.007310Z", "fetched_at": "2025-07-15T16:39:33.077717+00:00", "symbol": "BTC-USD"}, {"trade_id": 849748304, "side": "sell", "size": "0.00002413", "price": "117202.15000000", "time": "2025-07-15T16:38:33.007310Z", "fetched_at": "2025-07-15T16:39:33.077717+00:00", "symbol": "BTC-USD"}, {"trade_id": 849748303, "side": "sell", "size": "0.00002112", "price": "117202.15000000", "time": "2025-07-15T16:38:32.832578Z", "fetched_at": "2025-07-15T16:39:33.077717+00:00", "symbol": "BTC-USD"}, {"trade_id": 849748302, "side": "sell", "size": "0.00079681", "price": "117202.15000000", "time": "2025-07-15T16:38:32.791596Z", "fetched_at": "2025-07-15T16:39:33.077717+00:00", "symbol": "BTC-USD"}, {"trade_id": 849748301, "side": "sell", "size": "0.00001034", "price": "117194.74000000", "time": "2025-07-15T16:38:32.791596Z", "fetched_at": "2025-07-15T16:39:33.077717+00:00", "symbol": "BTC-USD"}, {"trade_id": 849748300, "side": "sell", "size": "0.00002226", "price": "117194.74000000", "time": "2025-07-15T16:38:32.791596Z", "fetched_at": "2025-07-15T16:39:33.077717+00:00", "symbol": "BTC-USD"}, {"trade_id": 849748299, "side": "sell", "size": "0.00078432", "price": "117201.02000000", "time": "2025-07-15T16:38:32.393573Z", "fetched_at": "2025-07-15T16:39:33.077717+00:00", "symbol": "BTC-USD"}, {"trade_id": 849748298, "side": "sell", "size": "0.00001281", "price": "117201.02000000", "time": "2025-07-15T16:38:32.393573Z", "fetched_at": "2025-07-15T16:39:33.077717+00:00", "symbol": "BTC-USD"}, {"trade_id": 849748297, "side": "sell", "size": "0.00001000", "price": "117197.07000000", "time": "2025-07-15T16:38:32.393573Z", "fetched_at": "2025-07-15T16:39:33.077717+00:00", "symbol": "BTC-USD"}, {"trade_id": 849748296, "side": "sell", "size": "0.00002226", "price": "117195.31000000", "time": "2025-07-15T16:38:32.393573Z", "fetched_at": "2025-07-15T16:39:33.077717+00:00", "symbol": "BTC-USD"}, {"trade_id": 849748295, "side": "sell", "size": "0.04267463", "price": "117191.99000000", "time": "2025-07-15T16:38:32.276387Z", "fetched_at": "2025-07-15T16:39:33.077717+00:00", "symbol": "BTC-USD"}, {"trade_id": 849748294, "side": "sell", "size": "0.00002226", "price": "117188.28000000", "time": "2025-07-15T16:38:32.258152Z", "fetched_at": "2025-07-15T16:39:33.077717+00:00", "symbol": "BTC-USD"}, {"trade_id": 849748293, "side": "sell", "size": "0.00001000", "price": "117188.28000000", "time": "2025-07-15T16:38:32.258152Z", "fetched_at": "2025-07-15T16:39:33.077717+00:00", "symbol": "BTC-USD"}, {"trade_id": 849748292, "side": "sell", "size": "0.00002226", "price": "117185.23000000", "time": "2025-07-15T16:38:32.176678Z", "fetched_at": "2025-07-15T16:39:33.077717+00:00", "symbol": "BTC-USD"}, {"trade_id": 849748291, "side": "sell", "size": "0.00002226", "price": "117180.18000000", "time": "2025-07-15T16:38:32.097096Z", "fetched_at": "2025-07-15T16:39:33.077717+00:00", "symbol": "BTC-USD"}, {"trade_id": 849748290, "side": "sell", "size": "0.00012703", "price": "117187.20000000", "time": "2025-07-15T16:38:32.012427Z", "fetched_at": "2025-07-15T16:39:33.077717+00:00", "symbol": "BTC-USD"}, {"trade_id": 849748289, "side": "sell", "size": "0.00002148", "price": "117177.24000000", "time": "2025-07-15T16:38:32.012427Z", "fetched_at": "2025-07-15T16:39:33.077717+00:00", "symbol": "BTC-USD"}, {"trade_id": 849748288, "side": "sell", "size": "0.00002559", "price": "117175.25000000", "time": "2025-07-15T16:38:31.834494Z", "fetched_at": "2025-07-15T16:39:33.077717+00:00", "symbol": "BTC-USD"}, {"trade_id": 849748287, "side": "sell", "size": "0.00433812", "price": "117185.72000000", "time": "2025-07-15T16:38:31.560485Z", "fetched_at": "2025-07-15T16:39:33.077717+00:00", "symbol": "BTC-USD"}, {"trade_id": 849748286, "side": "sell", "size": "0.00239531", "price": "117185.71000000", "time": "2025-07-15T16:38:31.560485Z", "fetched_at": "2025-07-15T16:39:33.077717+00:00", "symbol": "BTC-USD"}, {"trade_id": 849748285, "side": "sell", "size": "0.00002638", "price": "117175.25000000", "time": "2025-07-15T16:38:31.560485Z", "fetched_at": "2025-07-15T16:39:33.077717+00:00", "symbol": "BTC-USD"}, {"trade_id": 849748284, "side": "sell", "size": "0.00145212", "price": "117185.72000000", "time": "2025-07-15T16:38:31.384430Z", "fetched_at": "2025-07-15T16:39:33.077717+00:00", "symbol": "BTC-USD"}, {"trade_id": 849748283, "side": "sell", "size": "0.00000664", "price": "117180.74000000", "time": "2025-07-15T16:38:31.384430Z", "fetched_at": "2025-07-15T16:39:33.077717+00:00", "symbol": "BTC-USD"}, {"trade_id": 849748282, "side": "sell", "size": "0.00020256", "price": "117180.74000000", "time": "2025-07-15T16:38:31.384430Z", "fetched_at": "2025-07-15T16:39:33.077717+00:00", "symbol": "BTC-USD"}, {"trade_id": 849748281, "side": "sell", "size": "0.00000213", "price": "117180.72000000", "time": "2025-07-15T16:38:31.384430Z", "fetched_at": "2025-07-15T16:39:33.077717+00:00", "symbol": "BTC-USD"}, {"trade_id": 849748280, "side": "sell", "size": "0.00002638", "price": "117175.25000000", "time": "2025-07-15T16:38:31.384430Z", "fetched_at": "2025-07-15T16:39:33.077717+00:00", "symbol": "BTC-USD"}, {"trade_id": 849748279, "side": "sell", "size": "0.00062207", "price": "117180.72000000", "time": "2025-07-15T16:38:31.297889Z", "fetched_at": "2025-07-15T16:39:33.077717+00:00", "symbol": "BTC-USD"}, {"trade_id": 849748278, "side": "buy", "size": "0.00008492", "price": "117175.22000000", "time": "2025-07-15T16:38:31.042705Z", "fetched_at": "2025-07-15T16:39:33.077717+00:00", "symbol": "BTC-USD"}, {"trade_id": 849748277, "side": "buy", "size": "0.00000042", "price": "117179.48000000", "time": "2025-07-15T16:38:31.042705Z", "fetched_at": "2025-07-15T16:39:33.077717+00:00", "symbol": "BTC-USD"}, {"trade_id": 849748276, "side": "sell", "size": "0.00082939", "price": "117180.73000000", "time": "2025-07-15T16:38:30.825774Z", "fetched_at": "2025-07-15T16:39:33.077717+00:00", "symbol": "BTC-USD"}, {"trade_id": 849748275, "side": "sell", "size": "0.00004013", "price": "117180.73000000", "time": "2025-07-15T16:38:30.595583Z", "fetched_at": "2025-07-15T16:39:33.077717+00:00", "symbol": "BTC-USD"}, {"trade_id": 849748274, "side": "sell", "size": "0.00829291", "price": "117181.80000000", "time": "2025-07-15T16:38:30.218913Z", "fetched_at": "2025-07-15T16:39:33.077717+00:00", "symbol": "BTC-USD"}, {"trade_id": 849748273, "side": "sell", "size": "0.00082942", "price": "117185.40000000", "time": "2025-07-15T16:38:29.991564Z", "fetched_at": "2025-07-15T16:39:33.077717+00:00", "symbol": "BTC-USD"}, {"trade_id": 849748272, "side": "buy", "size": "0.00236162", "price": "117179.32000000", "time": "2025-07-15T16:38:29.579789Z", "fetched_at": "2025-07-15T16:39:33.077717+00:00", "symbol": "BTC-USD"}, {"trade_id": 849748271, "side": "sell", "size": "0.01183783", "price": "117182.51000000", "time": "2025-07-15T16:38:29.271602Z", "fetched_at": "2025-07-15T16:39:33.077717+00:00", "symbol": "BTC-USD"}, {"trade_id": 849748270, "side": "sell", "size": "0.00082942", "price": "117182.51000000", "time": "2025-07-15T16:38:29.068873Z", "fetched_at": "2025-07-15T16:39:33.077717+00:00", "symbol": "BTC-USD"}, {"trade_id": 849748269, "side": "sell", "size": "0.00829056", "price": "117182.51000000", "time": "2025-07-15T16:38:28.826859Z", "fetched_at": "2025-07-15T16:39:33.077717+00:00", "symbol": "BTC-USD"}, {"trade_id": 849748268, "side": "sell", "size": "0.00008508", "price": "117182.51000000", "time": "2025-07-15T16:38:28.672316Z", "fetched_at": "2025-07-15T16:39:33.077717+00:00", "symbol": "BTC-USD"}, {"trade_id": 849748267, "side": "sell", "size": "0.00003116", "price": "117182.51000000", "time": "2025-07-15T16:38:28.441220Z", "fetched_at": "2025-07-15T16:39:33.077717+00:00", "symbol": "BTC-USD"}, {"trade_id": 849748266, "side": "sell", "size": "0.00001033", "price": "117175.50000000", "time": "2025-07-15T16:38:28.441220Z", "fetched_at": "2025-07-15T16:39:33.077717+00:00", "symbol": "BTC-USD"}, {"trade_id": 849748265, "side": "sell", "size": "0.00000062", "price": "117175.50000000", "time": "2025-07-15T16:38:27.455825Z", "fetched_at": "2025-07-15T16:39:33.077717+00:00", "symbol": "BTC-USD"}, {"trade_id": 849748264, "side": "sell", "size": "0.00378573", "price": "117175.50000000", "time": "2025-07-15T16:38:27.425914Z", "fetched_at": "2025-07-15T16:39:33.077717+00:00", "symbol": "BTC-USD"}, {"trade_id": 849748263, "side": "sell", "size": "0.00005270", "price": "117175.04000000", "time": "2025-07-15T16:38:27.425914Z", "fetched_at": "2025-07-15T16:39:33.077717+00:00", "symbol": "BTC-USD"}, {"trade_id": 849748262, "side": "sell", "size": "0.00018293", "price": "117173.58000000", "time": "2025-07-15T16:38:27.257370Z", "fetched_at": "2025-07-15T16:39:33.077717+00:00", "symbol": "BTC-USD"}, {"trade_id": 849748261, "side": "sell", "size": "0.00000221", "price": "117171.82000000", "time": "2025-07-15T16:38:27.257370Z", "fetched_at": "2025-07-15T16:39:33.077717+00:00", "symbol": "BTC-USD"}, {"trade_id": 849748260, "side": "sell", "size": "0.00000664", "price": "117171.82000000", "time": "2025-07-15T16:38:27.257370Z", "fetched_at": "2025-07-15T16:39:33.077717+00:00", "symbol": "BTC-USD"}, {"trade_id": 849748259, "side": "sell", "size": "0.00020256", "price": "117171.82000000", "time": "2025-07-15T16:38:27.257370Z", "fetched_at": "2025-07-15T16:39:33.077717+00:00", "symbol": "BTC-USD"}, {"trade_id": 849748258, "side": "sell", "size": "0.00001033", "price": "117171.82000000", "time": "2025-07-15T16:38:27.257370Z", "fetched_at": "2025-07-15T16:39:33.077717+00:00", "symbol": "BTC-USD"}, {"trade_id": 849748257, "side": "buy", "size": "0.01875789", "price": "117163.03000000", "time": "2025-07-15T16:38:27.072305Z", "fetched_at": "2025-07-15T16:39:33.077717+00:00", "symbol": "BTC-USD"}, {"trade_id": 849748256, "side": "buy", "size": "0.00021263", "price": "117163.05000000", "time": "2025-07-15T16:38:27.072305Z", "fetched_at": "2025-07-15T16:39:33.077717+00:00", "symbol": "BTC-USD"}, {"trade_id": 849748255, "side": "buy", "size": "0.06585144", "price": "117167.55000000", "time": "2025-07-15T16:38:27.072305Z", "fetched_at": "2025-07-15T16:39:33.077717+00:00", "symbol": "BTC-USD"}, {"trade_id": 849748254, "side": "buy", "size": "0.00009388", "price": "117167.56000000", "time": "2025-07-15T16:38:27.072305Z", "fetched_at": "2025-07-15T16:39:33.077717+00:00", "symbol": "BTC-USD"}, {"trade_id": 849748253, "side": "buy", "size": "0.00853465", "price": "117169.32000000", "time": "2025-07-15T16:38:27.072305Z", "fetched_at": "2025-07-15T16:39:33.077717+00:00", "symbol": "BTC-USD"}, {"trade_id": 849748252, "side": "buy", "size": "0.00853460", "price": "117170.05000000", "time": "2025-07-15T16:38:27.072305Z", "fetched_at": "2025-07-15T16:39:33.077717+00:00", "symbol": "BTC-USD"}, {"trade_id": 849748251, "side": "buy", "size": "0.05100000", "price": "117171.73000000", "time": "2025-07-15T16:38:27.072305Z", "fetched_at": "2025-07-15T16:39:33.077717+00:00", "symbol": "BTC-USD"}, {"trade_id": 849748250, "side": "buy", "size": "0.03886918", "price": "117171.81000000", "time": "2025-07-15T16:38:27.072305Z", "fetched_at": "2025-07-15T16:39:33.077717+00:00", "symbol": "BTC-USD"}, {"trade_id": 849748249, "side": "buy", "size": "0.00002865", "price": "117171.81000000", "time": "2025-07-15T16:38:27.072305Z", "fetched_at": "2025-07-15T16:39:33.077717+00:00", "symbol": "BTC-USD"}, {"trade_id": 849748248, "side": "buy", "size": "0.00157000", "price": "117171.81000000", "time": "2025-07-15T16:38:27.072305Z", "fetched_at": "2025-07-15T16:39:33.077717+00:00", "symbol": "BTC-USD"}, {"trade_id": 849748247, "side": "buy", "size": "0.00316753", "price": "117171.81000000", "time": "2025-07-15T16:38:27.072305Z", "fetched_at": "2025-07-15T16:39:33.077717+00:00", "symbol": "BTC-USD"}, {"trade_id": 849748246, "side": "buy", "size": "0.00029701", "price": "117171.81000000", "time": "2025-07-15T16:38:25.741191Z", "fetched_at": "2025-07-15T16:39:33.077717+00:00", "symbol": "BTC-USD"}, {"trade_id": 849748245, "side": "buy", "size": "0.00500027", "price": "117163.05000000", "time": "2025-07-15T16:38:24.519483Z", "fetched_at": "2025-07-15T16:39:33.077717+00:00", "symbol": "BTC-USD"}, {"trade_id": 849748244, "side": "buy", "size": "0.00009389", "price": "117163.06000000", "time": "2025-07-15T16:38:24.519483Z", "fetched_at": "2025-07-15T16:39:33.077717+00:00", "symbol": "BTC-USD"}, {"trade_id": 849748243, "side": "sell", "size": "0.00815085", "price": "117168.44000000", "time": "2025-07-15T16:38:23.817908Z", "fetched_at": "2025-07-15T16:39:33.077717+00:00", "symbol": "BTC-USD"}, {"trade_id": 849748242, "side": "sell", "size": "0.00853499", "price": "117164.82000000", "time": "2025-07-15T16:38:23.817908Z", "fetched_at": "2025-07-15T16:39:33.077717+00:00", "symbol": "BTC-USD"}, {"trade_id": 849748241, "side": "sell", "size": "0.00013685", "price": "117164.78000000", "time": "2025-07-15T16:38:23.817908Z", "fetched_at": "2025-07-15T16:39:33.077717+00:00", "symbol": "BTC-USD"}, {"trade_id": 849748240, "side": "sell", "size": "0.00002076", "price": "117164.77000000", "time": "2025-07-15T16:38:23.817908Z", "fetched_at": "2025-07-15T16:39:33.077717+00:00", "symbol": "BTC-USD"}, {"trade_id": 849748239, "side": "sell", "size": "0.00850106", "price": "117163.06000000", "time": "2025-07-15T16:38:23.817908Z", "fetched_at": "2025-07-15T16:39:33.077717+00:00", "symbol": "BTC-USD"}, {"trade_id": 849748238, "side": "buy", "size": "0.00002451", "price": "117163.05000000", "time": "2025-07-15T16:38:23.758312Z", "fetched_at": "2025-07-15T16:39:33.077717+00:00", "symbol": "BTC-USD"}, {"trade_id": 849748237, "side": "buy", "size": "0.00002731", "price": "117163.05000000", "time": "2025-07-15T16:38:23.650363Z", "fetched_at": "2025-07-15T16:39:33.077717+00:00", "symbol": "BTC-USD"}, {"trade_id": 849748236, "side": "sell", "size": "0.00003494", "price": "117163.06000000", "time": "2025-07-15T16:38:23.461798Z", "fetched_at": "2025-07-15T16:39:33.077717+00:00", "symbol": "BTC-USD"}, {"trade_id": 849748235, "side": "sell", "size": "0.00020732", "price": "117163.06000000", "time": "2025-07-15T16:38:23.378614Z", "fetched_at": "2025-07-15T16:39:33.077717+00:00", "symbol": "BTC-USD"}, {"trade_id": 849748234, "side": "buy", "size": "0.00004267", "price": "117163.03000000", "time": "2025-07-15T16:38:22.913257Z", "fetched_at": "2025-07-15T16:39:33.077717+00:00", "symbol": "BTC-USD"}, {"trade_id": 849748233, "side": "sell", "size": "0.00384305", "price": "117169.98000000", "time": "2025-07-15T16:38:21.874365Z", "fetched_at": "2025-07-15T16:39:33.077717+00:00", "symbol": "BTC-USD"}, {"trade_id": 849748232, "side": "sell", "size": "0.00002331", "price": "117169.97000000", "time": "2025-07-15T16:38:21.874365Z", "fetched_at": "2025-07-15T16:39:33.077717+00:00", "symbol": "BTC-USD"}, {"trade_id": 849748231, "side": "sell", "size": "0.00013364", "price": "117168.21000000", "time": "2025-07-15T16:38:21.874365Z", "fetched_at": "2025-07-15T16:39:33.077717+00:00", "symbol": "BTC-USD"}, {"trade_id": 849748230, "side": "sell", "size": "0.00000320", "price": "117168.21000000", "time": "2025-07-15T16:38:21.514224Z", "fetched_at": "2025-07-15T16:39:33.077717+00:00", "symbol": "BTC-USD"}, {"trade_id": 849748229, "side": "sell", "size": "0.00000664", "price": "117168.20000000", "time": "2025-07-15T16:38:21.514224Z", "fetched_at": "2025-07-15T16:39:33.077717+00:00", "symbol": "BTC-USD"}, {"trade_id": 849748228, "side": "sell", "size": "0.00000213", "price": "117165.28000000", "time": "2025-07-15T16:38:21.514224Z", "fetched_at": "2025-07-15T16:39:33.077717+00:00", "symbol": "BTC-USD"}, {"trade_id": 849748227, "side": "sell", "size": "0.00726631", "price": "117168.20000000", "time": "2025-07-15T16:38:20.485031Z", "fetched_at": "2025-07-15T16:39:33.077717+00:00", "symbol": "BTC-USD"}, {"trade_id": 849748226, "side": "sell", "size": "0.00002135", "price": "117168.20000000", "time": "2025-07-15T16:38:20.485031Z", "fetched_at": "2025-07-15T16:39:33.077717+00:00", "symbol": "BTC-USD"}, {"trade_id": 849748225, "side": "sell", "size": "0.00000841", "price": "117168.21000000", "time": "2025-07-15T16:38:20.394233Z", "fetched_at": "2025-07-15T16:39:33.077717+00:00", "symbol": "BTC-USD"}, {"trade_id": 849748224, "side": "sell", "size": "0.00040124", "price": "117167.92000000", "time": "2025-07-15T16:38:20.327819Z", "fetched_at": "2025-07-15T16:39:33.077717+00:00", "symbol": "BTC-USD"}, {"trade_id": 849748223, "side": "sell", "size": "0.00002135", "price": "117167.92000000", "time": "2025-07-15T16:38:20.327819Z", "fetched_at": "2025-07-15T16:39:33.077717+00:00", "symbol": "BTC-USD"}, {"trade_id": 849748222, "side": "sell", "size": "0.00016585", "price": "117165.89000000", "time": "2025-07-15T16:38:20.044820Z", "fetched_at": "2025-07-15T16:39:33.077717+00:00", "symbol": "BTC-USD"}, {"trade_id": 849748221, "side": "buy", "size": "0.00012800", "price": "117163.03000000", "time": "2025-07-15T16:38:19.848831Z", "fetched_at": "2025-07-15T16:39:33.077717+00:00", "symbol": "BTC-USD"}, {"trade_id": 849748220, "side": "buy", "size": "0.00000230", "price": "117175.18000000", "time": "2025-07-15T16:38:19.348479Z", "fetched_at": "2025-07-15T16:39:33.077717+00:00", "symbol": "BTC-USD"}, {"trade_id": 849748219, "side": "buy", "size": "0.00004932", "price": "117175.18000000", "time": "2025-07-15T16:38:19.348479Z", "fetched_at": "2025-07-15T16:39:33.077717+00:00", "symbol": "BTC-USD"}, {"trade_id": 849748218, "side": "buy", "size": "0.00000358", "price": "117175.18000000", "time": "2025-07-15T16:38:19.348479Z", "fetched_at": "2025-07-15T16:39:33.077717+00:00", "symbol": "BTC-USD"}, {"trade_id": 849748217, "side": "buy", "size": "0.00112411", "price": "117175.18000000", "time": "2025-07-15T16:38:19.348479Z", "fetched_at": "2025-07-15T16:39:33.077717+00:00", "symbol": "BTC-USD"}, {"trade_id": 849748216, "side": "buy", "size": "0.00617049", "price": "117175.23000000", "time": "2025-07-15T16:38:19.348479Z", "fetched_at": "2025-07-15T16:39:33.077717+00:00", "symbol": "BTC-USD"}, {"trade_id": 849748215, "side": "buy", "size": "0.02700000", "price": "117175.23000000", "time": "2025-07-15T16:38:19.348479Z", "fetched_at": "2025-07-15T16:39:33.077717+00:00", "symbol": "BTC-USD"}, {"trade_id": 849748214, "side": "sell", "size": "0.00206399", "price": "117182.51000000", "time": "2025-07-15T16:38:18.591785Z", "fetched_at": "2025-07-15T16:39:33.077717+00:00", "symbol": "BTC-USD"}, {"trade_id": 849748213, "side": "sell", "size": "0.00000928", "price": "117175.22000000", "time": "2025-07-15T16:38:18.591785Z", "fetched_at": "2025-07-15T16:39:33.077717+00:00", "symbol": "BTC-USD"}, {"trade_id": 849748212, "side": "sell", "size": "0.00014378", "price": "117187.47000000", "time": "2025-07-15T16:38:18.098246Z", "fetched_at": "2025-07-15T16:39:33.077717+00:00", "symbol": "BTC-USD"}, {"trade_id": 849748211, "side": "sell", "size": "0.00001814", "price": "117175.22000000", "time": "2025-07-15T16:38:18.098246Z", "fetched_at": "2025-07-15T16:39:33.077717+00:00", "symbol": "BTC-USD"}, {"trade_id": 849748210, "side": "sell", "size": "0.00010625", "price": "117189.45000000", "time": "2025-07-15T16:38:17.887583Z", "fetched_at": "2025-07-15T16:39:33.077717+00:00", "symbol": "BTC-USD"}, {"trade_id": 849748209, "side": "sell", "size": "0.00001814", "price": "117175.22000000", "time": "2025-07-15T16:38:17.887583Z", "fetched_at": "2025-07-15T16:39:33.077717+00:00", "symbol": "BTC-USD"}, {"trade_id": 849748208, "side": "sell", "size": "0.00013235", "price": "117192.08000000", "time": "2025-07-15T16:38:17.604692Z", "fetched_at": "2025-07-15T16:39:33.077717+00:00", "symbol": "BTC-USD"}, {"trade_id": 849748207, "side": "sell", "size": "0.00001420", "price": "117175.22000000", "time": "2025-07-15T16:38:17.604692Z", "fetched_at": "2025-07-15T16:39:33.077717+00:00", "symbol": "BTC-USD"}, {"trade_id": 849748206, "side": "sell", "size": "0.00001930", "price": "117175.22000000", "time": "2025-07-15T16:38:17.604692Z", "fetched_at": "2025-07-15T16:39:33.077717+00:00", "symbol": "BTC-USD"}, {"trade_id": 849748205, "side": "buy", "size": "0.00098164", "price": "117175.21000000", "time": "2025-07-15T16:38:17.424138Z", "fetched_at": "2025-07-15T16:39:33.077717+00:00", "symbol": "BTC-USD"}, {"trade_id": 849748204, "side": "buy", "size": "0.00853407", "price": "117177.31000000", "time": "2025-07-15T16:38:17.424138Z", "fetched_at": "2025-07-15T16:39:33.077717+00:00", "symbol": "BTC-USD"}, {"trade_id": 849748203, "side": "buy", "size": "0.00853405", "price": "117177.71000000", "time": "2025-07-15T16:38:17.424138Z", "fetched_at": "2025-07-15T16:39:33.077717+00:00", "symbol": "BTC-USD"}, {"trade_id": 849748202, "side": "buy", "size": "0.00157000", "price": "117179.47000000", "time": "2025-07-15T16:38:17.424138Z", "fetched_at": "2025-07-15T16:39:33.077717+00:00", "symbol": "BTC-USD"}