[{"trade_id": 849740076, "side": "sell", "size": "0.00817342", "price": "116711.26000000", "time": "2025-07-15T16:20:17.017210Z", "fetched_at": "2025-07-15T16:20:18.884103+00:00", "symbol": "BTC-USD"}, {"trade_id": 849740075, "side": "sell", "size": "0.00000214", "price": "116709.50000000", "time": "2025-07-15T16:20:17.017210Z", "fetched_at": "2025-07-15T16:20:18.884103+00:00", "symbol": "BTC-USD"}, {"trade_id": 849740074, "side": "sell", "size": "0.00014949", "price": "116709.50000000", "time": "2025-07-15T16:20:17.017210Z", "fetched_at": "2025-07-15T16:20:18.884103+00:00", "symbol": "BTC-USD"}, {"trade_id": 849740073, "side": "sell", "size": "0.00000351", "price": "116709.50000000", "time": "2025-07-15T16:20:17.017210Z", "fetched_at": "2025-07-15T16:20:18.884103+00:00", "symbol": "BTC-USD"}, {"trade_id": 849740072, "side": "sell", "size": "0.00000856", "price": "116709.50000000", "time": "2025-07-15T16:20:16.102318Z", "fetched_at": "2025-07-15T16:20:18.884103+00:00", "symbol": "BTC-USD"}, {"trade_id": 849740071, "side": "sell", "size": "0.00014144", "price": "116709.50000000", "time": "2025-07-15T16:20:16.102318Z", "fetched_at": "2025-07-15T16:20:18.884103+00:00", "symbol": "BTC-USD"}, {"trade_id": 849740070, "side": "sell", "size": "0.00008331", "price": "116709.50000000", "time": "2025-07-15T16:20:15.362834Z", "fetched_at": "2025-07-15T16:20:18.884103+00:00", "symbol": "BTC-USD"}, {"trade_id": 849740069, "side": "sell", "size": "0.00004232", "price": "116709.50000000", "time": "2025-07-15T16:20:14.932657Z", "fetched_at": "2025-07-15T16:20:18.884103+00:00", "symbol": "BTC-USD"}, {"trade_id": 849740068, "side": "sell", "size": "0.00044809", "price": "116708.00000000", "time": "2025-07-15T16:20:14.253850Z", "fetched_at": "2025-07-15T16:20:18.884103+00:00", "symbol": "BTC-USD"}, {"trade_id": 849740067, "side": "sell", "size": "0.00001000", "price": "116707.50000000", "time": "2025-07-15T16:20:14.253850Z", "fetched_at": "2025-07-15T16:20:18.884103+00:00", "symbol": "BTC-USD"}, {"trade_id": 849740066, "side": "sell", "size": "0.00074300", "price": "116699.00000000", "time": "2025-07-15T16:20:13.909473Z", "fetched_at": "2025-07-15T16:20:18.884103+00:00", "symbol": "BTC-USD"}, {"trade_id": 849740065, "side": "sell", "size": "0.00001000", "price": "116698.75000000", "time": "2025-07-15T16:20:13.909473Z", "fetched_at": "2025-07-15T16:20:18.884103+00:00", "symbol": "BTC-USD"}, {"trade_id": 849740064, "side": "sell", "size": "0.00000121", "price": "116698.75000000", "time": "2025-07-15T16:20:13.909473Z", "fetched_at": "2025-07-15T16:20:18.884103+00:00", "symbol": "BTC-USD"}, {"trade_id": 849740063, "side": "sell", "size": "0.00005862", "price": "116698.75000000", "time": "2025-07-15T16:20:13.909473Z", "fetched_at": "2025-07-15T16:20:18.884103+00:00", "symbol": "BTC-USD"}, {"trade_id": 849740062, "side": "sell", "size": "0.03269524", "price": "116698.00000000", "time": "2025-07-15T16:20:13.424698Z", "fetched_at": "2025-07-15T16:20:18.884103+00:00", "symbol": "BTC-USD"}, {"trade_id": 849740061, "side": "sell", "size": "0.00001570", "price": "116697.99000000", "time": "2025-07-15T16:20:13.424698Z", "fetched_at": "2025-07-15T16:20:18.884103+00:00", "symbol": "BTC-USD"}, {"trade_id": 849740060, "side": "sell", "size": "0.00000351", "price": "116697.99000000", "time": "2025-07-15T16:20:13.424698Z", "fetched_at": "2025-07-15T16:20:18.884103+00:00", "symbol": "BTC-USD"}, {"trade_id": 849740059, "side": "sell", "size": "0.00016057", "price": "116697.99000000", "time": "2025-07-15T16:20:13.424698Z", "fetched_at": "2025-07-15T16:20:18.884103+00:00", "symbol": "BTC-USD"}, {"trade_id": 849740058, "side": "sell", "size": "0.01600925", "price": "116697.99000000", "time": "2025-07-15T16:20:13.424698Z", "fetched_at": "2025-07-15T16:20:18.884103+00:00", "symbol": "BTC-USD"}, {"trade_id": 849740057, "side": "sell", "size": "0.00042168", "price": "116697.99000000", "time": "2025-07-15T16:20:11.994776Z", "fetched_at": "2025-07-15T16:20:18.884103+00:00", "symbol": "BTC-USD"}, {"trade_id": 849740056, "side": "sell", "size": "0.00083283", "price": "116697.99000000", "time": "2025-07-15T16:20:11.412227Z", "fetched_at": "2025-07-15T16:20:18.884103+00:00", "symbol": "BTC-USD"}, {"trade_id": 849740055, "side": "sell", "size": "0.00044396", "price": "116697.99000000", "time": "2025-07-15T16:20:11.302327Z", "fetched_at": "2025-07-15T16:20:18.884103+00:00", "symbol": "BTC-USD"}, {"trade_id": 849740054, "side": "sell", "size": "0.00103000", "price": "116697.99000000", "time": "2025-07-15T16:20:10.957501Z", "fetched_at": "2025-07-15T16:20:18.884103+00:00", "symbol": "BTC-USD"}, {"trade_id": 849740053, "side": "sell", "size": "0.00081301", "price": "116697.99000000", "time": "2025-07-15T16:20:10.920380Z", "fetched_at": "2025-07-15T16:20:18.884103+00:00", "symbol": "BTC-USD"}, {"trade_id": 849740052, "side": "sell", "size": "0.00823807", "price": "116697.99000000", "time": "2025-07-15T16:20:10.490059Z", "fetched_at": "2025-07-15T16:20:18.884103+00:00", "symbol": "BTC-USD"}, {"trade_id": 849740051, "side": "sell", "size": "0.00097526", "price": "116697.99000000", "time": "2025-07-15T16:20:10.161170Z", "fetched_at": "2025-07-15T16:20:18.884103+00:00", "symbol": "BTC-USD"}, {"trade_id": 849740050, "side": "sell", "size": "0.00022527", "price": "116697.99000000", "time": "2025-07-15T16:20:10.124490Z", "fetched_at": "2025-07-15T16:20:18.884103+00:00", "symbol": "BTC-USD"}, {"trade_id": 849740049, "side": "sell", "size": "0.00018460", "price": "116697.99000000", "time": "2025-07-15T16:20:10.079456Z", "fetched_at": "2025-07-15T16:20:18.884103+00:00", "symbol": "BTC-USD"}, {"trade_id": 849740048, "side": "sell", "size": "0.00226372", "price": "116697.99000000", "time": "2025-07-15T16:20:09.283780Z", "fetched_at": "2025-07-15T16:20:18.884103+00:00", "symbol": "BTC-USD"}, {"trade_id": 849740047, "side": "sell", "size": "0.00017530", "price": "116697.74000000", "time": "2025-07-15T16:20:09.283780Z", "fetched_at": "2025-07-15T16:20:18.884103+00:00", "symbol": "BTC-USD"}, {"trade_id": 849740046, "side": "sell", "size": "0.00000617", "price": "116695.95000000", "time": "2025-07-15T16:20:08.653251Z", "fetched_at": "2025-07-15T16:20:18.884103+00:00", "symbol": "BTC-USD"}, {"trade_id": 849740045, "side": "sell", "size": "0.00008486", "price": "116695.95000000", "time": "2025-07-15T16:20:08.556990Z", "fetched_at": "2025-07-15T16:20:18.884103+00:00", "symbol": "BTC-USD"}, {"trade_id": 849740044, "side": "sell", "size": "0.00027025", "price": "116682.65000000", "time": "2025-07-15T16:20:07.900955Z", "fetched_at": "2025-07-15T16:20:18.884103+00:00", "symbol": "BTC-USD"}, {"trade_id": 849740043, "side": "sell", "size": "0.00830000", "price": "116682.65000000", "time": "2025-07-15T16:20:07.895604Z", "fetched_at": "2025-07-15T16:20:18.884103+00:00", "symbol": "BTC-USD"}, {"trade_id": 849740042, "side": "sell", "size": "0.00002726", "price": "116680.90000000", "time": "2025-07-15T16:20:07.895604Z", "fetched_at": "2025-07-15T16:20:18.884103+00:00", "symbol": "BTC-USD"}, {"trade_id": 849740041, "side": "sell", "size": "0.00001034", "price": "116680.90000000", "time": "2025-07-15T16:20:07.895604Z", "fetched_at": "2025-07-15T16:20:18.884103+00:00", "symbol": "BTC-USD"}, {"trade_id": 849740040, "side": "sell", "size": "0.00014804", "price": "116680.90000000", "time": "2025-07-15T16:20:07.895604Z", "fetched_at": "2025-07-15T16:20:18.884103+00:00", "symbol": "BTC-USD"}, {"trade_id": 849740039, "side": "sell", "size": "0.00509138", "price": "116680.90000000", "time": "2025-07-15T16:20:07.336846Z", "fetched_at": "2025-07-15T16:20:18.884103+00:00", "symbol": "BTC-USD"}, {"trade_id": 849740038, "side": "sell", "size": "0.00249884", "price": "116680.90000000", "time": "2025-07-15T16:20:07.300216Z", "fetched_at": "2025-07-15T16:20:18.884103+00:00", "symbol": "BTC-USD"}, {"trade_id": 849740037, "side": "sell", "size": "0.00041000", "price": "116680.90000000", "time": "2025-07-15T16:20:06.977405Z", "fetched_at": "2025-07-15T16:20:18.884103+00:00", "symbol": "BTC-USD"}, {"trade_id": 849740036, "side": "sell", "size": "0.00022767", "price": "116680.90000000", "time": "2025-07-15T16:20:06.235380Z", "fetched_at": "2025-07-15T16:20:18.884103+00:00", "symbol": "BTC-USD"}, {"trade_id": 849740035, "side": "sell", "size": "0.00015274", "price": "116680.90000000", "time": "2025-07-15T16:20:05.962832Z", "fetched_at": "2025-07-15T16:20:18.884103+00:00", "symbol": "BTC-USD"}, {"trade_id": 849740034, "side": "sell", "size": "0.00002546", "price": "116680.90000000", "time": "2025-07-15T16:20:05.865509Z", "fetched_at": "2025-07-15T16:20:18.884103+00:00", "symbol": "BTC-USD"}, {"trade_id": 849740033, "side": "sell", "size": "0.00425322", "price": "116680.90000000", "time": "2025-07-15T16:20:05.100863Z", "fetched_at": "2025-07-15T16:20:18.884103+00:00", "symbol": "BTC-USD"}, {"trade_id": 849740032, "side": "sell", "size": "0.00043203", "price": "116680.90000000", "time": "2025-07-15T16:20:04.913376Z", "fetched_at": "2025-07-15T16:20:18.884103+00:00", "symbol": "BTC-USD"}, {"trade_id": 849740031, "side": "buy", "size": "0.00004329", "price": "116680.89000000", "time": "2025-07-15T16:20:03.984156Z", "fetched_at": "2025-07-15T16:20:18.884103+00:00", "symbol": "BTC-USD"}, {"trade_id": 849740030, "side": "sell", "size": "0.00140208", "price": "116680.90000000", "time": "2025-07-15T16:20:03.981790Z", "fetched_at": "2025-07-15T16:20:18.884103+00:00", "symbol": "BTC-USD"}, {"trade_id": 849740029, "side": "buy", "size": "0.00002161", "price": "116680.89000000", "time": "2025-07-15T16:20:03.321402Z", "fetched_at": "2025-07-15T16:20:18.884103+00:00", "symbol": "BTC-USD"}, {"trade_id": 849740028, "side": "sell", "size": "0.00070329", "price": "116680.90000000", "time": "2025-07-15T16:20:03.281809Z", "fetched_at": "2025-07-15T16:20:18.884103+00:00", "symbol": "BTC-USD"}, {"trade_id": 849740027, "side": "sell", "size": "0.00252555", "price": "116680.27000000", "time": "2025-07-15T16:20:03.127433Z", "fetched_at": "2025-07-15T16:20:18.884103+00:00", "symbol": "BTC-USD"}, {"trade_id": 849740026, "side": "sell", "size": "0.00000085", "price": "116680.27000000", "time": "2025-07-15T16:20:03.127433Z", "fetched_at": "2025-07-15T16:20:18.884103+00:00", "symbol": "BTC-USD"}, {"trade_id": 849740025, "side": "sell", "size": "0.00014804", "price": "116680.27000000", "time": "2025-07-15T16:20:03.127433Z", "fetched_at": "2025-07-15T16:20:18.884103+00:00", "symbol": "BTC-USD"}, {"trade_id": 849740024, "side": "sell", "size": "0.00156852", "price": "116680.27000000", "time": "2025-07-15T16:20:03.127433Z", "fetched_at": "2025-07-15T16:20:18.884103+00:00", "symbol": "BTC-USD"}, {"trade_id": 849740023, "side": "sell", "size": "0.00000148", "price": "116680.27000000", "time": "2025-07-15T16:20:02.784958Z", "fetched_at": "2025-07-15T16:20:18.884103+00:00", "symbol": "BTC-USD"}, {"trade_id": 849740022, "side": "buy", "size": "0.02364240", "price": "116660.73000000", "time": "2025-07-15T16:20:02.573317Z", "fetched_at": "2025-07-15T16:20:18.884103+00:00", "symbol": "BTC-USD"}, {"trade_id": 849740021, "side": "buy", "size": "0.00000973", "price": "116660.74000000", "time": "2025-07-15T16:20:02.573317Z", "fetched_at": "2025-07-15T16:20:18.884103+00:00", "symbol": "BTC-USD"}, {"trade_id": 849740020, "side": "buy", "size": "0.00005194", "price": "116667.66000000", "time": "2025-07-15T16:20:02.573317Z", "fetched_at": "2025-07-15T16:20:18.884103+00:00", "symbol": "BTC-USD"}, {"trade_id": 849740019, "side": "buy", "size": "0.00012762", "price": "116667.67000000", "time": "2025-07-15T16:20:02.573317Z", "fetched_at": "2025-07-15T16:20:18.884103+00:00", "symbol": "BTC-USD"}, {"trade_id": 849740018, "side": "buy", "size": "0.00001000", "price": "116672.50000000", "time": "2025-07-15T16:20:02.573317Z", "fetched_at": "2025-07-15T16:20:18.884103+00:00", "symbol": "BTC-USD"}, {"trade_id": 849740017, "side": "buy", "size": "0.00857056", "price": "116678.51000000", "time": "2025-07-15T16:20:02.573317Z", "fetched_at": "2025-07-15T16:20:18.884103+00:00", "symbol": "BTC-USD"}, {"trade_id": 849740016, "side": "buy", "size": "0.00605507", "price": "116680.26000000", "time": "2025-07-15T16:20:02.573317Z", "fetched_at": "2025-07-15T16:20:18.884103+00:00", "symbol": "BTC-USD"}, {"trade_id": 849740015, "side": "sell", "size": "0.00096412", "price": "116685.10000000", "time": "2025-07-15T16:20:02.056934Z", "fetched_at": "2025-07-15T16:20:18.884103+00:00", "symbol": "BTC-USD"}, {"trade_id": 849740014, "side": "sell", "size": "0.00000214", "price": "116682.65000000", "time": "2025-07-15T16:20:02.056934Z", "fetched_at": "2025-07-15T16:20:18.884103+00:00", "symbol": "BTC-USD"}, {"trade_id": 849740013, "side": "sell", "size": "0.00001485", "price": "116682.65000000", "time": "2025-07-15T16:20:01.820540Z", "fetched_at": "2025-07-15T16:20:18.884103+00:00", "symbol": "BTC-USD"}, {"trade_id": 849740012, "side": "buy", "size": "0.00019997", "price": "116680.26000000", "time": "2025-07-15T16:20:01.708117Z", "fetched_at": "2025-07-15T16:20:18.884103+00:00", "symbol": "BTC-USD"}, {"trade_id": 849740011, "side": "buy", "size": "0.00002476", "price": "116680.26000000", "time": "2025-07-15T16:20:01.708117Z", "fetched_at": "2025-07-15T16:20:18.884103+00:00", "symbol": "BTC-USD"}, {"trade_id": 849740010, "side": "buy", "size": "0.00000591", "price": "116680.26000000", "time": "2025-07-15T16:20:01.708117Z", "fetched_at": "2025-07-15T16:20:18.884103+00:00", "symbol": "BTC-USD"}, {"trade_id": 849740009, "side": "buy", "size": "0.00000955", "price": "116681.50000000", "time": "2025-07-15T16:20:01.708117Z", "fetched_at": "2025-07-15T16:20:18.884103+00:00", "symbol": "BTC-USD"}, {"trade_id": 849740008, "side": "buy", "size": "0.00000059", "price": "116683.50000000", "time": "2025-07-15T16:20:01.708117Z", "fetched_at": "2025-07-15T16:20:18.884103+00:00", "symbol": "BTC-USD"}, {"trade_id": 849740007, "side": "buy", "size": "0.01375661", "price": "116689.99000000", "time": "2025-07-15T16:20:01.654092Z", "fetched_at": "2025-07-15T16:20:18.884103+00:00", "symbol": "BTC-USD"}, {"trade_id": 849740006, "side": "buy", "size": "0.00000702", "price": "116690.00000000", "time": "2025-07-15T16:20:01.654092Z", "fetched_at": "2025-07-15T16:20:18.884103+00:00", "symbol": "BTC-USD"}, {"trade_id": 849740005, "side": "buy", "size": "0.05784136", "price": "116689.99000000", "time": "2025-07-15T16:20:01.462615Z", "fetched_at": "2025-07-15T16:20:18.884103+00:00", "symbol": "BTC-USD"}, {"trade_id": 849740004, "side": "buy", "size": "0.00001062", "price": "116689.99000000", "time": "2025-07-15T16:20:01.462615Z", "fetched_at": "2025-07-15T16:20:18.884103+00:00", "symbol": "BTC-USD"}, {"trade_id": 849740003, "side": "buy", "size": "0.00001103", "price": "116690.00000000", "time": "2025-07-15T16:20:01.462615Z", "fetched_at": "2025-07-15T16:20:18.884103+00:00", "symbol": "BTC-USD"}, {"trade_id": 849740002, "side": "buy", "size": "0.07414217", "price": "116694.10000000", "time": "2025-07-15T16:20:01.393361Z", "fetched_at": "2025-07-15T16:20:18.884103+00:00", "symbol": "BTC-USD"}, {"trade_id": 849740001, "side": "buy", "size": "0.00001148", "price": "116698.74000000", "time": "2025-07-15T16:20:01.393361Z", "fetched_at": "2025-07-15T16:20:18.884103+00:00", "symbol": "BTC-USD"}, {"trade_id": 849740000, "side": "buy", "size": "0.00296967", "price": "116698.74000000", "time": "2025-07-15T16:20:01.339569Z", "fetched_at": "2025-07-15T16:20:18.884103+00:00", "symbol": "BTC-USD"}, {"trade_id": 849739999, "side": "buy", "size": "0.00163934", "price": "116698.74000000", "time": "2025-07-15T16:20:01.339569Z", "fetched_at": "2025-07-15T16:20:18.884103+00:00", "symbol": "BTC-USD"}, {"trade_id": 849739998, "side": "buy", "size": "0.00009434", "price": "116698.74000000", "time": "2025-07-15T16:20:01.339569Z", "fetched_at": "2025-07-15T16:20:18.884103+00:00", "symbol": "BTC-USD"}, {"trade_id": 849739997, "side": "buy", "size": "0.25700393", "price": "116698.74000000", "time": "2025-07-15T16:20:01.339569Z", "fetched_at": "2025-07-15T16:20:18.884103+00:00", "symbol": "BTC-USD"}, {"trade_id": 849739996, "side": "buy", "size": "0.00001151", "price": "116698.74000000", "time": "2025-07-15T16:20:01.339569Z", "fetched_at": "2025-07-15T16:20:18.884103+00:00", "symbol": "BTC-USD"}, {"trade_id": 849739995, "side": "sell", "size": "0.01606435", "price": "116698.75000000", "time": "2025-07-15T16:20:01.334052Z", "fetched_at": "2025-07-15T16:20:18.884103+00:00", "symbol": "BTC-USD"}, {"trade_id": 849739994, "side": "sell", "size": "0.00000497", "price": "116698.75000000", "time": "2025-07-15T16:20:01.334052Z", "fetched_at": "2025-07-15T16:20:18.884103+00:00", "symbol": "BTC-USD"}, {"trade_id": 849739993, "side": "sell", "size": "0.00029607", "price": "116698.75000000", "time": "2025-07-15T16:20:01.334052Z", "fetched_at": "2025-07-15T16:20:18.884103+00:00", "symbol": "BTC-USD"}, {"trade_id": 849739992, "side": "sell", "size": "0.00000642", "price": "116698.75000000", "time": "2025-07-15T16:20:01.334052Z", "fetched_at": "2025-07-15T16:20:18.884103+00:00", "symbol": "BTC-USD"}, {"trade_id": 849739991, "side": "sell", "size": "0.00002656", "price": "116698.75000000", "time": "2025-07-15T16:20:01.334052Z", "fetched_at": "2025-07-15T16:20:18.884103+00:00", "symbol": "BTC-USD"}, {"trade_id": 849739990, "side": "sell", "size": "0.00025056", "price": "116698.75000000", "time": "2025-07-15T16:20:01.334052Z", "fetched_at": "2025-07-15T16:20:18.884103+00:00", "symbol": "BTC-USD"}, {"trade_id": 849739989, "side": "sell", "size": "0.00001000", "price": "116698.75000000", "time": "2025-07-15T16:20:01.334052Z", "fetched_at": "2025-07-15T16:20:18.884103+00:00", "symbol": "BTC-USD"}, {"trade_id": 849739988, "side": "buy", "size": "0.00441360", "price": "116698.74000000", "time": "2025-07-15T16:20:00.633361Z", "fetched_at": "2025-07-15T16:20:18.884103+00:00", "symbol": "BTC-USD"}, {"trade_id": 849739987, "side": "sell", "size": "0.00056498", "price": "116695.72000000", "time": "2025-07-15T16:20:00.467727Z", "fetched_at": "2025-07-15T16:20:18.884103+00:00", "symbol": "BTC-USD"}, {"trade_id": 849739986, "side": "sell", "size": "0.00157000", "price": "116695.72000000", "time": "2025-07-15T16:20:00.461087Z", "fetched_at": "2025-07-15T16:20:18.884103+00:00", "symbol": "BTC-USD"}, {"trade_id": 849739985, "side": "sell", "size": "0.00643431", "price": "116695.72000000", "time": "2025-07-15T16:20:00.457669Z", "fetched_at": "2025-07-15T16:20:18.884103+00:00", "symbol": "BTC-USD"}, {"trade_id": 849739984, "side": "sell", "size": "0.01093614", "price": "116693.97000000", "time": "2025-07-15T16:20:00.452075Z", "fetched_at": "2025-07-15T16:20:18.884103+00:00", "symbol": "BTC-USD"}, {"trade_id": 849739983, "side": "sell", "size": "0.01860526", "price": "116693.97000000", "time": "2025-07-15T16:20:00.443719Z", "fetched_at": "2025-07-15T16:20:18.884103+00:00", "symbol": "BTC-USD"}, {"trade_id": 849739982, "side": "sell", "size": "0.01324049", "price": "116693.97000000", "time": "2025-07-15T16:20:00.393549Z", "fetched_at": "2025-07-15T16:20:18.884103+00:00", "symbol": "BTC-USD"}, {"trade_id": 849739981, "side": "sell", "size": "0.00007486", "price": "116693.97000000", "time": "2025-07-15T16:20:00.244164Z", "fetched_at": "2025-07-15T16:20:18.884103+00:00", "symbol": "BTC-USD"}, {"trade_id": 849739980, "side": "sell", "size": "0.00001000", "price": "116690.00000000", "time": "2025-07-15T16:20:00.244164Z", "fetched_at": "2025-07-15T16:20:18.884103+00:00", "symbol": "BTC-USD"}, {"trade_id": 849739979, "side": "sell", "size": "0.00001000", "price": "116681.25000000", "time": "2025-07-15T16:20:00.114958Z", "fetched_at": "2025-07-15T16:20:18.884103+00:00", "symbol": "BTC-USD"}, {"trade_id": 849739978, "side": "sell", "size": "0.00001000", "price": "116672.50000000", "time": "2025-07-15T16:19:59.971494Z", "fetched_at": "2025-07-15T16:20:18.884103+00:00", "symbol": "BTC-USD"}, {"trade_id": 849739977, "side": "sell", "size": "0.01781603", "price": "116670.01000000", "time": "2025-07-15T16:19:59.905714Z", "fetched_at": "2025-07-15T16:20:18.884103+00:00", "symbol": "BTC-USD"}, {"trade_id": 849739976, "side": "sell", "size": "0.00801784", "price": "116670.01000000", "time": "2025-07-15T16:19:59.905410Z", "fetched_at": "2025-07-15T16:20:18.884103+00:00", "symbol": "BTC-USD"}, {"trade_id": 849739975, "side": "sell", "size": "0.03267369", "price": "116670.01000000", "time": "2025-07-15T16:19:59.904707Z", "fetched_at": "2025-07-15T16:20:18.884103+00:00", "symbol": "BTC-USD"}, {"trade_id": 849739974, "side": "sell", "size": "0.01696108", "price": "116670.01000000", "time": "2025-07-15T16:19:59.904681Z", "fetched_at": "2025-07-15T16:20:18.884103+00:00", "symbol": "BTC-USD"}, {"trade_id": 849739973, "side": "sell", "size": "0.05107951", "price": "116670.01000000", "time": "2025-07-15T16:19:59.904199Z", "fetched_at": "2025-07-15T16:20:18.884103+00:00", "symbol": "BTC-USD"}, {"trade_id": 849739972, "side": "sell", "size": "0.00511672", "price": "116670.01000000", "time": "2025-07-15T16:19:59.904136Z", "fetched_at": "2025-07-15T16:20:18.884103+00:00", "symbol": "BTC-USD"}, {"trade_id": 849739971, "side": "sell", "size": "0.05474933", "price": "116670.01000000", "time": "2025-07-15T16:19:59.904108Z", "fetched_at": "2025-07-15T16:20:18.884103+00:00", "symbol": "BTC-USD"}, {"trade_id": 849739970, "side": "sell", "size": "0.08596634", "price": "116668.45000000", "time": "2025-07-15T16:19:59.804579Z", "fetched_at": "2025-07-15T16:20:18.884103+00:00", "symbol": "BTC-USD"}, {"trade_id": 849739969, "side": "sell", "size": "0.00001138", "price": "116668.45000000", "time": "2025-07-15T16:19:59.804579Z", "fetched_at": "2025-07-15T16:20:18.884103+00:00", "symbol": "BTC-USD"}, {"trade_id": 849739968, "side": "sell", "size": "0.00017152", "price": "116668.45000000", "time": "2025-07-15T16:19:59.804579Z", "fetched_at": "2025-07-15T16:20:18.884103+00:00", "symbol": "BTC-USD"}, {"trade_id": 849739967, "side": "sell", "size": "0.00328781", "price": "116668.45000000", "time": "2025-07-15T16:19:59.804579Z", "fetched_at": "2025-07-15T16:20:18.884103+00:00", "symbol": "BTC-USD"}, {"trade_id": 849739966, "side": "sell", "size": "0.00000214", "price": "116668.40000000", "time": "2025-07-15T16:19:59.804579Z", "fetched_at": "2025-07-15T16:20:18.884103+00:00", "symbol": "BTC-USD"}, {"trade_id": 849739965, "side": "sell", "size": "0.00011181", "price": "116667.99000000", "time": "2025-07-15T16:19:59.804579Z", "fetched_at": "2025-07-15T16:20:18.884103+00:00", "symbol": "BTC-USD"}, {"trade_id": 849739964, "side": "sell", "size": "0.00002067", "price": "116667.99000000", "time": "2025-07-15T16:19:59.804579Z", "fetched_at": "2025-07-15T16:20:18.884103+00:00", "symbol": "BTC-USD"}, {"trade_id": 849739963, "side": "sell", "size": "0.00424282", "price": "116667.99000000", "time": "2025-07-15T16:19:59.782629Z", "fetched_at": "2025-07-15T16:20:18.884103+00:00", "symbol": "BTC-USD"}, {"trade_id": 849739962, "side": "sell", "size": "0.00174918", "price": "116667.99000000", "time": "2025-07-15T16:19:59.656172Z", "fetched_at": "2025-07-15T16:20:18.884103+00:00", "symbol": "BTC-USD"}, {"trade_id": 849739961, "side": "sell", "size": "0.00650403", "price": "116667.99000000", "time": "2025-07-15T16:19:59.503663Z", "fetched_at": "2025-07-15T16:20:18.884103+00:00", "symbol": "BTC-USD"}, {"trade_id": 849739960, "side": "sell", "size": "0.00083297", "price": "116667.99000000", "time": "2025-07-15T16:19:59.500091Z", "fetched_at": "2025-07-15T16:20:18.884103+00:00", "symbol": "BTC-USD"}, {"trade_id": 849739959, "side": "sell", "size": "0.00083295", "price": "116667.99000000", "time": "2025-07-15T16:19:59.358095Z", "fetched_at": "2025-07-15T16:20:18.884103+00:00", "symbol": "BTC-USD"}, {"trade_id": 849739958, "side": "sell", "size": "0.00081303", "price": "116667.99000000", "time": "2025-07-15T16:19:58.658275Z", "fetched_at": "2025-07-15T16:20:18.884103+00:00", "symbol": "BTC-USD"}, {"trade_id": 849739957, "side": "buy", "size": "0.00015261", "price": "116667.98000000", "time": "2025-07-15T16:19:58.460473Z", "fetched_at": "2025-07-15T16:20:18.884103+00:00", "symbol": "BTC-USD"}, {"trade_id": 849739956, "side": "sell", "size": "0.00040000", "price": "116667.99000000", "time": "2025-07-15T16:19:58.330054Z", "fetched_at": "2025-07-15T16:20:18.884103+00:00", "symbol": "BTC-USD"}, {"trade_id": 849739955, "side": "sell", "size": "0.00020824", "price": "116667.99000000", "time": "2025-07-15T16:19:58.088083Z", "fetched_at": "2025-07-15T16:20:18.884103+00:00", "symbol": "BTC-USD"}, {"trade_id": 849739954, "side": "sell", "size": "0.00081303", "price": "116667.99000000", "time": "2025-07-15T16:19:57.869735Z", "fetched_at": "2025-07-15T16:20:18.884103+00:00", "symbol": "BTC-USD"}, {"trade_id": 849739953, "side": "sell", "size": "0.04997635", "price": "116667.99000000", "time": "2025-07-15T16:19:56.598866Z", "fetched_at": "2025-07-15T16:20:18.884103+00:00", "symbol": "BTC-USD"}, {"trade_id": 849739952, "side": "sell", "size": "0.00054202", "price": "116667.99000000", "time": "2025-07-15T16:19:56.524755Z", "fetched_at": "2025-07-15T16:20:18.884103+00:00", "symbol": "BTC-USD"}, {"trade_id": 849739951, "side": "sell", "size": "0.00001033", "price": "116667.72000000", "time": "2025-07-15T16:19:56.524755Z", "fetched_at": "2025-07-15T16:20:18.884103+00:00", "symbol": "BTC-USD"}, {"trade_id": 849739950, "side": "sell", "size": "0.00013874", "price": "116667.72000000", "time": "2025-07-15T16:19:56.524755Z", "fetched_at": "2025-07-15T16:20:18.884103+00:00", "symbol": "BTC-USD"}, {"trade_id": 849739949, "side": "sell", "size": "0.00000008", "price": "116667.67000000", "time": "2025-07-15T16:19:55.401745Z", "fetched_at": "2025-07-15T16:20:18.884103+00:00", "symbol": "BTC-USD"}, {"trade_id": 849739948, "side": "sell", "size": "0.00004032", "price": "116667.67000000", "time": "2025-07-15T16:19:55.294444Z", "fetched_at": "2025-07-15T16:20:18.884103+00:00", "symbol": "BTC-USD"}, {"trade_id": 849739947, "side": "sell", "size": "0.00099290", "price": "116667.67000000", "time": "2025-07-15T16:19:55.204750Z", "fetched_at": "2025-07-15T16:20:18.884103+00:00", "symbol": "BTC-USD"}, {"trade_id": 849739946, "side": "sell", "size": "0.00079149", "price": "116667.67000000", "time": "2025-07-15T16:19:55.048170Z", "fetched_at": "2025-07-15T16:20:18.884103+00:00", "symbol": "BTC-USD"}, {"trade_id": 849739945, "side": "sell", "size": "0.00042214", "price": "116667.67000000", "time": "2025-07-15T16:19:54.592492Z", "fetched_at": "2025-07-15T16:20:18.884103+00:00", "symbol": "BTC-USD"}, {"trade_id": 849739944, "side": "sell", "size": "0.00941542", "price": "116667.67000000", "time": "2025-07-15T16:19:54.376535Z", "fetched_at": "2025-07-15T16:20:18.884103+00:00", "symbol": "BTC-USD"}, {"trade_id": 849739943, "side": "sell", "size": "0.00018995", "price": "116667.67000000", "time": "2025-07-15T16:19:53.503115Z", "fetched_at": "2025-07-15T16:20:18.884103+00:00", "symbol": "BTC-USD"}, {"trade_id": 849739942, "side": "sell", "size": "0.00084858", "price": "116667.67000000", "time": "2025-07-15T16:19:53.457315Z", "fetched_at": "2025-07-15T16:20:18.884103+00:00", "symbol": "BTC-USD"}, {"trade_id": 849739941, "side": "sell", "size": "0.00037000", "price": "116667.67000000", "time": "2025-07-15T16:19:53.324015Z", "fetched_at": "2025-07-15T16:20:18.884103+00:00", "symbol": "BTC-USD"}, {"trade_id": 849739940, "side": "sell", "size": "0.00812987", "price": "116667.67000000", "time": "2025-07-15T16:19:53.321383Z", "fetched_at": "2025-07-15T16:20:18.884103+00:00", "symbol": "BTC-USD"}, {"trade_id": 849739939, "side": "sell", "size": "0.00044634", "price": "116667.67000000", "time": "2025-07-15T16:19:52.446071Z", "fetched_at": "2025-07-15T16:20:18.884103+00:00", "symbol": "BTC-USD"}, {"trade_id": 849739938, "side": "sell", "size": "0.00020834", "price": "116667.67000000", "time": "2025-07-15T16:19:52.283982Z", "fetched_at": "2025-07-15T16:20:18.884103+00:00", "symbol": "BTC-USD"}, {"trade_id": 849739937, "side": "sell", "size": "0.00020323", "price": "116667.67000000", "time": "2025-07-15T16:19:51.739530Z", "fetched_at": "2025-07-15T16:20:18.884103+00:00", "symbol": "BTC-USD"}, {"trade_id": 849739936, "side": "sell", "size": "0.00423391", "price": "116667.67000000", "time": "2025-07-15T16:19:51.514300Z", "fetched_at": "2025-07-15T16:20:18.884103+00:00", "symbol": "BTC-USD"}, {"trade_id": 849739935, "side": "sell", "size": "0.00050914", "price": "116667.67000000", "time": "2025-07-15T16:19:51.499180Z", "fetched_at": "2025-07-15T16:20:18.884103+00:00", "symbol": "BTC-USD"}, {"trade_id": 849739934, "side": "buy", "size": "0.01941415", "price": "116657.81000000", "time": "2025-07-15T16:19:51.341200Z", "fetched_at": "2025-07-15T16:20:18.884103+00:00", "symbol": "BTC-USD"}, {"trade_id": 849739933, "side": "buy", "size": "0.02242975", "price": "116657.82000000", "time": "2025-07-15T16:19:51.341200Z", "fetched_at": "2025-07-15T16:20:18.884103+00:00", "symbol": "BTC-USD"}, {"trade_id": 849739932, "side": "buy", "size": "0.00002938", "price": "116657.82000000", "time": "2025-07-15T16:19:51.341200Z", "fetched_at": "2025-07-15T16:20:18.884103+00:00", "symbol": "BTC-USD"}, {"trade_id": 849739931, "side": "buy", "size": "0.00097074", "price": "116657.83000000", "time": "2025-07-15T16:19:51.341200Z", "fetched_at": "2025-07-15T16:20:18.884103+00:00", "symbol": "BTC-USD"}, {"trade_id": 849739930, "side": "buy", "size": "0.00001411", "price": "116667.66000000", "time": "2025-07-15T16:19:51.341200Z", "fetched_at": "2025-07-15T16:20:18.884103+00:00", "symbol": "BTC-USD"}, {"trade_id": 849739929, "side": "sell", "size": "0.00212140", "price": "116667.67000000", "time": "2025-07-15T16:19:51.320617Z", "fetched_at": "2025-07-15T16:20:18.884103+00:00", "symbol": "BTC-USD"}, {"trade_id": 849739928, "side": "sell", "size": "0.00243934", "price": "116667.67000000", "time": "2025-07-15T16:19:51.084656Z", "fetched_at": "2025-07-15T16:20:18.884103+00:00", "symbol": "BTC-USD"}, {"trade_id": 849739927, "side": "sell", "size": "0.00008488", "price": "116667.67000000", "time": "2025-07-15T16:19:50.604053Z", "fetched_at": "2025-07-15T16:20:18.884103+00:00", "symbol": "BTC-USD"}, {"trade_id": 849739926, "side": "sell", "size": "0.00017173", "price": "116667.71000000", "time": "2025-07-15T16:19:48.958919Z", "fetched_at": "2025-07-15T16:20:18.884103+00:00", "symbol": "BTC-USD"}, {"trade_id": 849739925, "side": "sell", "size": "0.00020827", "price": "116667.72000000", "time": "2025-07-15T16:19:48.900173Z", "fetched_at": "2025-07-15T16:20:18.884103+00:00", "symbol": "BTC-USD"}, {"trade_id": 849739924, "side": "sell", "size": "0.00041651", "price": "116667.72000000", "time": "2025-07-15T16:19:47.915192Z", "fetched_at": "2025-07-15T16:20:18.884103+00:00", "symbol": "BTC-USD"}, {"trade_id": 849739923, "side": "sell", "size": "0.00000849", "price": "116667.72000000", "time": "2025-07-15T16:19:47.811287Z", "fetched_at": "2025-07-15T16:20:18.884103+00:00", "symbol": "BTC-USD"}, {"trade_id": 849739922, "side": "sell", "size": "0.00125005", "price": "116667.72000000", "time": "2025-07-15T16:19:47.303411Z", "fetched_at": "2025-07-15T16:20:18.884103+00:00", "symbol": "BTC-USD"}, {"trade_id": 849739921, "side": "sell", "size": "0.00008275", "price": "116667.72000000", "time": "2025-07-15T16:19:47.255810Z", "fetched_at": "2025-07-15T16:20:18.884103+00:00", "symbol": "BTC-USD"}, {"trade_id": 849739920, "side": "buy", "size": "0.00003459", "price": "116667.71000000", "time": "2025-07-15T16:19:47.092105Z", "fetched_at": "2025-07-15T16:20:18.884103+00:00", "symbol": "BTC-USD"}, {"trade_id": 849739919, "side": "sell", "size": "0.00424417", "price": "116667.72000000", "time": "2025-07-15T16:19:46.930958Z", "fetched_at": "2025-07-15T16:20:18.884103+00:00", "symbol": "BTC-USD"}, {"trade_id": 849739918, "side": "sell", "size": "0.00020830", "price": "116667.72000000", "time": "2025-07-15T16:19:46.713747Z", "fetched_at": "2025-07-15T16:20:18.884103+00:00", "symbol": "BTC-USD"}, {"trade_id": 849739917, "side": "sell", "size": "0.00008278", "price": "116667.72000000", "time": "2025-07-15T16:19:46.653986Z", "fetched_at": "2025-07-15T16:20:18.884103+00:00", "symbol": "BTC-USD"}, {"trade_id": 849739916, "side": "sell", "size": "0.00185913", "price": "116667.72000000", "time": "2025-07-15T16:19:46.498858Z", "fetched_at": "2025-07-15T16:20:18.884103+00:00", "symbol": "BTC-USD"}, {"trade_id": 849739915, "side": "sell", "size": "0.00001586", "price": "116667.17000000", "time": "2025-07-15T16:19:46.498858Z", "fetched_at": "2025-07-15T16:20:18.884103+00:00", "symbol": "BTC-USD"}, {"trade_id": 849739914, "side": "sell", "size": "0.00021217", "price": "116665.96000000", "time": "2025-07-15T16:19:46.436113Z", "fetched_at": "2025-07-15T16:20:18.884103+00:00", "symbol": "BTC-USD"}, {"trade_id": 849739913, "side": "sell", "size": "0.00040655", "price": "116665.97000000", "time": "2025-07-15T16:19:46.192090Z", "fetched_at": "2025-07-15T16:20:18.884103+00:00", "symbol": "BTC-USD"}, {"trade_id": 849739912, "side": "buy", "size": "0.00990570", "price": "116654.79000000", "time": "2025-07-15T16:19:46.044153Z", "fetched_at": "2025-07-15T16:20:18.884103+00:00", "symbol": "BTC-USD"}, {"trade_id": 849739911, "side": "buy", "size": "0.00009430", "price": "116654.79000000", "time": "2025-07-15T16:19:46.044153Z", "fetched_at": "2025-07-15T16:20:18.884103+00:00", "symbol": "BTC-USD"}, {"trade_id": 849739910, "side": "sell", "size": "0.00004031", "price": "116665.98000000", "time": "2025-07-15T16:19:46.041716Z", "fetched_at": "2025-07-15T16:20:18.884103+00:00", "symbol": "BTC-USD"}, {"trade_id": 849739909, "side": "sell", "size": "0.00083337", "price": "116665.98000000", "time": "2025-07-15T16:19:46.036651Z", "fetched_at": "2025-07-15T16:20:18.884103+00:00", "symbol": "BTC-USD"}, {"trade_id": 849739908, "side": "sell", "size": "0.00625066", "price": "116665.99000000", "time": "2025-07-15T16:19:45.558106Z", "fetched_at": "2025-07-15T16:20:18.884103+00:00", "symbol": "BTC-USD"}, {"trade_id": 849739907, "side": "sell", "size": "0.00027747", "price": "116665.16000000", "time": "2025-07-15T16:19:45.558106Z", "fetched_at": "2025-07-15T16:20:18.884103+00:00", "symbol": "BTC-USD"}, {"trade_id": 849739906, "side": "sell", "size": "0.00083309", "price": "116663.99000000", "time": "2025-07-15T16:19:45.172315Z", "fetched_at": "2025-07-15T16:20:18.884103+00:00", "symbol": "BTC-USD"}, {"trade_id": 849739905, "side": "sell", "size": "0.00020835", "price": "116663.99000000", "time": "2025-07-15T16:19:45.047302Z", "fetched_at": "2025-07-15T16:20:18.884103+00:00", "symbol": "BTC-USD"}, {"trade_id": 849739904, "side": "sell", "size": "0.00077649", "price": "116663.98000000", "time": "2025-07-15T16:19:45.030489Z", "fetched_at": "2025-07-15T16:20:18.884103+00:00", "symbol": "BTC-USD"}, {"trade_id": 849739903, "side": "sell", "size": "0.00005657", "price": "116663.49000000", "time": "2025-07-15T16:19:45.030489Z", "fetched_at": "2025-07-15T16:20:18.884103+00:00", "symbol": "BTC-USD"}, {"trade_id": 849739902, "side": "sell", "size": "0.00011570", "price": "116663.49000000", "time": "2025-07-15T16:19:44.618775Z", "fetched_at": "2025-07-15T16:20:18.884103+00:00", "symbol": "BTC-USD"}, {"trade_id": 849739901, "side": "sell", "size": "0.00005404", "price": "116663.39000000", "time": "2025-07-15T16:19:44.618775Z", "fetched_at": "2025-07-15T16:20:18.884103+00:00", "symbol": "BTC-USD"}, {"trade_id": 849739900, "side": "buy", "size": "0.00003973", "price": "116659.42000000", "time": "2025-07-15T16:19:44.461728Z", "fetched_at": "2025-07-15T16:20:18.884103+00:00", "symbol": "BTC-USD"}, {"trade_id": 849739899, "side": "buy", "size": "0.00009429", "price": "116665.15000000", "time": "2025-07-15T16:19:44.461728Z", "fetched_at": "2025-07-15T16:20:18.884103+00:00", "symbol": "BTC-USD"}, {"trade_id": 849739898, "side": "buy", "size": "0.00093040", "price": "116658.77000000", "time": "2025-07-15T16:19:44.329065Z", "fetched_at": "2025-07-15T16:20:18.884103+00:00", "symbol": "BTC-USD"}, {"trade_id": 849739897, "side": "buy", "size": "0.00009429", "price": "116665.15000000", "time": "2025-07-15T16:19:44.329065Z", "fetched_at": "2025-07-15T16:20:18.884103+00:00", "symbol": "BTC-USD"}, {"trade_id": 849739896, "side": "sell", "size": "0.00042500", "price": "116665.16000000", "time": "2025-07-15T16:19:43.838391Z", "fetched_at": "2025-07-15T16:20:18.884103+00:00", "symbol": "BTC-USD"}, {"trade_id": 849739895, "side": "sell", "size": "0.00004245", "price": "116665.16000000", "time": "2025-07-15T16:19:43.384047Z", "fetched_at": "2025-07-15T16:20:18.884103+00:00", "symbol": "BTC-USD"}, {"trade_id": 849739894, "side": "sell", "size": "0.00042436", "price": "116665.17000000", "time": "2025-07-15T16:19:43.255498Z", "fetched_at": "2025-07-15T16:20:18.884103+00:00", "symbol": "BTC-USD"}, {"trade_id": 849739893, "side": "sell", "size": "0.00008010", "price": "116658.49000000", "time": "2025-07-15T16:19:43.016641Z", "fetched_at": "2025-07-15T16:20:18.884103+00:00", "symbol": "BTC-USD"}, {"trade_id": 849739892, "side": "buy", "size": "0.00247709", "price": "116647.34000000", "time": "2025-07-15T16:19:42.781272Z", "fetched_at": "2025-07-15T16:20:18.884103+00:00", "symbol": "BTC-USD"}, {"trade_id": 849739891, "side": "buy", "size": "0.00009430", "price": "116647.35000000", "time": "2025-07-15T16:19:42.781272Z", "fetched_at": "2025-07-15T16:20:18.884103+00:00", "symbol": "BTC-USD"}, {"trade_id": 849739890, "side": "sell", "size": "0.00020830", "price": "116658.49000000", "time": "2025-07-15T16:19:42.761563Z", "fetched_at": "2025-07-15T16:20:18.884103+00:00", "symbol": "BTC-USD"}, {"trade_id": 849739889, "side": "sell", "size": "0.00041661", "price": "116658.49000000", "time": "2025-07-15T16:19:42.754773Z", "fetched_at": "2025-07-15T16:20:18.884103+00:00", "symbol": "BTC-USD"}, {"trade_id": 849739888, "side": "sell", "size": "0.00016660", "price": "116655.67000000", "time": "2025-07-15T16:19:42.686884Z", "fetched_at": "2025-07-15T16:20:18.884103+00:00", "symbol": "BTC-USD"}, {"trade_id": 849739887, "side": "sell", "size": "0.00002090", "price": "116658.49000000", "time": "2025-07-15T16:19:42.624984Z", "fetched_at": "2025-07-15T16:20:18.884103+00:00", "symbol": "BTC-USD"}, {"trade_id": 849739886, "side": "sell", "size": "0.00014112", "price": "116654.11000000", "time": "2025-07-15T16:19:42.624984Z", "fetched_at": "2025-07-15T16:20:18.884103+00:00", "symbol": "BTC-USD"}, {"trade_id": 849739885, "side": "sell", "size": "0.00018815", "price": "116653.92000000", "time": "2025-07-15T16:19:42.624984Z", "fetched_at": "2025-07-15T16:20:18.884103+00:00", "symbol": "BTC-USD"}, {"trade_id": 849739884, "side": "sell", "size": "0.00006651", "price": "116653.91000000", "time": "2025-07-15T16:19:42.624984Z", "fetched_at": "2025-07-15T16:20:18.884103+00:00", "symbol": "BTC-USD"}, {"trade_id": 849739883, "side": "sell", "size": "0.00012493", "price": "116653.91000000", "time": "2025-07-15T16:19:42.617418Z", "fetched_at": "2025-07-15T16:20:18.884103+00:00", "symbol": "BTC-USD"}, {"trade_id": 849739882, "side": "sell", "size": "0.00015376", "price": "116667.18000000", "time": "2025-07-15T16:19:42.373036Z", "fetched_at": "2025-07-15T16:20:18.884103+00:00", "symbol": "BTC-USD"}, {"trade_id": 849739881, "side": "sell", "size": "0.00063668", "price": "116667.18000000", "time": "2025-07-15T16:19:42.368672Z", "fetched_at": "2025-07-15T16:20:18.884103+00:00", "symbol": "BTC-USD"}, {"trade_id": 849739880, "side": "buy", "size": "0.03308288", "price": "116647.82000000", "time": "2025-07-15T16:19:42.242496Z", "fetched_at": "2025-07-15T16:20:18.884103+00:00", "symbol": "BTC-USD"}, {"trade_id": 849739879, "side": "buy", "size": "0.05000000", "price": "116647.84000000", "time": "2025-07-15T16:19:42.242496Z", "fetched_at": "2025-07-15T16:20:18.884103+00:00", "symbol": "BTC-USD"}, {"trade_id": 849739878, "side": "buy", "size": "0.11679932", "price": "116647.84000000", "time": "2025-07-15T16:19:42.242496Z", "fetched_at": "2025-07-15T16:20:18.884103+00:00", "symbol": "BTC-USD"}, {"trade_id": 849739877, "side": "buy", "size": "0.00660000", "price": "116647.85000000", "time": "2025-07-15T16:19:42.242496Z", "fetched_at": "2025-07-15T16:20:18.884103+00:00", "symbol": "BTC-USD"}, {"trade_id": 849739876, "side": "buy", "size": "0.13230000", "price": "116647.85000000", "time": "2025-07-15T16:19:42.242496Z", "fetched_at": "2025-07-15T16:20:18.884103+00:00", "symbol": "BTC-USD"}, {"trade_id": 849739875, "side": "buy", "size": "0.03500000", "price": "116647.85000000", "time": "2025-07-15T16:19:42.242496Z", "fetched_at": "2025-07-15T16:20:18.884103+00:00", "symbol": "BTC-USD"}, {"trade_id": 849739874, "side": "buy", "size": "0.00000971", "price": "116647.86000000", "time": "2025-07-15T16:19:42.242496Z", "fetched_at": "2025-07-15T16:20:18.884103+00:00", "symbol": "BTC-USD"}, {"trade_id": 849739873, "side": "sell", "size": "0.00020831", "price": "116667.24000000", "time": "2025-07-15T16:19:42.156424Z", "fetched_at": "2025-07-15T16:20:18.884103+00:00", "symbol": "BTC-USD"}, {"trade_id": 849739872, "side": "sell", "size": "0.00016974", "price": "116667.24000000", "time": "2025-07-15T16:19:42.067960Z", "fetched_at": "2025-07-15T16:20:18.884103+00:00", "symbol": "BTC-USD"}, {"trade_id": 849739871, "side": "sell", "size": "0.00020835", "price": "116667.25000000", "time": "2025-07-15T16:19:41.887177Z", "fetched_at": "2025-07-15T16:20:18.884103+00:00", "symbol": "BTC-USD"}, {"trade_id": 849739870, "side": "sell", "size": "0.00424418", "price": "116667.25000000", "time": "2025-07-15T16:19:41.880384Z", "fetched_at": "2025-07-15T16:20:18.884103+00:00", "symbol": "BTC-USD"}, {"trade_id": 849739869, "side": "sell", "size": "0.00083314", "price": "116667.25000000", "time": "2025-07-15T16:19:41.869326Z", "fetched_at": "2025-07-15T16:20:18.884103+00:00", "symbol": "BTC-USD"}, {"trade_id": 849739868, "side": "sell", "size": "0.00043000", "price": "116667.78000000", "time": "2025-07-15T16:19:41.835375Z", "fetched_at": "2025-07-15T16:20:18.884103+00:00", "symbol": "BTC-USD"}, {"trade_id": 849739867, "side": "sell", "size": "0.00041668", "price": "116668.03000000", "time": "2025-07-15T16:19:41.692163Z", "fetched_at": "2025-07-15T16:20:18.884103+00:00", "symbol": "BTC-USD"}, {"trade_id": 849739866, "side": "sell", "size": "0.00041664", "price": "116668.37000000", "time": "2025-07-15T16:19:41.381779Z", "fetched_at": "2025-07-15T16:20:18.884103+00:00", "symbol": "BTC-USD"}, {"trade_id": 849739865, "side": "sell", "size": "0.00124969", "price": "116668.37000000", "time": "2025-07-15T16:19:41.303061Z", "fetched_at": "2025-07-15T16:20:18.884103+00:00", "symbol": "BTC-USD"}, {"trade_id": 849739864, "side": "sell", "size": "0.00141622", "price": "116668.38000000", "time": "2025-07-15T16:19:41.172495Z", "fetched_at": "2025-07-15T16:20:18.884103+00:00", "symbol": "BTC-USD"}, {"trade_id": 849739863, "side": "sell", "size": "0.00169739", "price": "116668.39000000", "time": "2025-07-15T16:19:41.015355Z", "fetched_at": "2025-07-15T16:20:18.884103+00:00", "symbol": "BTC-USD"}, {"trade_id": 849739862, "side": "sell", "size": "0.00049238", "price": "116668.40000000", "time": "2025-07-15T16:19:40.920547Z", "fetched_at": "2025-07-15T16:20:18.884103+00:00", "symbol": "BTC-USD"}, {"trade_id": 849739861, "side": "sell", "size": "0.00138221", "price": "116668.45000000", "time": "2025-07-15T16:19:40.449434Z", "fetched_at": "2025-07-15T16:20:18.884103+00:00", "symbol": "BTC-USD"}, {"trade_id": 849739860, "side": "buy", "size": "0.00123504", "price": "116653.50000000", "time": "2025-07-15T16:19:40.345013Z", "fetched_at": "2025-07-15T16:20:18.884103+00:00", "symbol": "BTC-USD"}, {"trade_id": 849739859, "side": "buy", "size": "0.00009430", "price": "116653.51000000", "time": "2025-07-15T16:19:40.345013Z", "fetched_at": "2025-07-15T16:20:18.884103+00:00", "symbol": "BTC-USD"}, {"trade_id": 849739858, "side": "buy", "size": "0.00000360", "price": "116663.74000000", "time": "2025-07-15T16:19:40.345013Z", "fetched_at": "2025-07-15T16:20:18.884103+00:00", "symbol": "BTC-USD"}, {"trade_id": 849739857, "side": "buy", "size": "0.00163020", "price": "116666.07000000", "time": "2025-07-15T16:19:40.345013Z", "fetched_at": "2025-07-15T16:20:18.884103+00:00", "symbol": "BTC-USD"}, {"trade_id": 849739856, "side": "buy", "size": "0.00857143", "price": "116666.69000000", "time": "2025-07-15T16:19:40.345013Z", "fetched_at": "2025-07-15T16:20:18.884103+00:00", "symbol": "BTC-USD"}, {"trade_id": 849739855, "side": "buy", "size": "0.00046543", "price": "116668.44000000", "time": "2025-07-15T16:19:40.345013Z", "fetched_at": "2025-07-15T16:20:18.884103+00:00", "symbol": "BTC-USD"}, {"trade_id": 849739854, "side": "sell", "size": "0.00079459", "price": "116668.45000000", "time": "2025-07-15T16:19:40.233993Z", "fetched_at": "2025-07-15T16:20:18.884103+00:00", "symbol": "BTC-USD"}, {"trade_id": 849739853, "side": "sell", "size": "0.00004244", "price": "116668.45000000", "time": "2025-07-15T16:19:39.925260Z", "fetched_at": "2025-07-15T16:20:18.884103+00:00", "symbol": "BTC-USD"}, {"trade_id": 849739852, "side": "sell", "size": "0.00083339", "price": "116668.45000000", "time": "2025-07-15T16:19:39.730326Z", "fetched_at": "2025-07-15T16:20:18.884103+00:00", "symbol": "BTC-USD"}, {"trade_id": 849739851, "side": "sell", "size": "0.00004244", "price": "116668.45000000", "time": "2025-07-15T16:19:39.721923Z", "fetched_at": "2025-07-15T16:20:18.884103+00:00", "symbol": "BTC-USD"}, {"trade_id": 849739850, "side": "sell", "size": "0.00040667", "price": "116668.45000000", "time": "2025-07-15T16:19:39.596061Z", "fetched_at": "2025-07-15T16:20:18.884103+00:00", "symbol": "BTC-USD"}, {"trade_id": 849739849, "side": "sell", "size": "0.00042448", "price": "116668.45000000", "time": "2025-07-15T16:19:39.565181Z", "fetched_at": "2025-07-15T16:20:18.884103+00:00", "symbol": "BTC-USD"}, {"trade_id": 849739848, "side": "sell", "size": "0.00008488", "price": "116668.44000000", "time": "2025-07-15T16:19:39.135597Z", "fetched_at": "2025-07-15T16:20:18.884103+00:00", "symbol": "BTC-USD"}, {"trade_id": 849739847, "side": "sell", "size": "0.00187388", "price": "116668.44000000", "time": "2025-07-15T16:19:39.057834Z", "fetched_at": "2025-07-15T16:20:18.884103+00:00", "symbol": "BTC-USD"}, {"trade_id": 849739846, "side": "sell", "size": "0.00020834", "price": "116668.44000000", "time": "2025-07-15T16:19:39.010380Z", "fetched_at": "2025-07-15T16:20:18.884103+00:00", "symbol": "BTC-USD"}, {"trade_id": 849739845, "side": "sell", "size": "0.00005731", "price": "116668.45000000", "time": "2025-07-15T16:19:38.902412Z", "fetched_at": "2025-07-15T16:20:18.884103+00:00", "symbol": "BTC-USD"}, {"trade_id": 849739844, "side": "sell", "size": "0.01320792", "price": "116668.45000000", "time": "2025-07-15T16:19:38.792672Z", "fetched_at": "2025-07-15T16:20:18.884103+00:00", "symbol": "BTC-USD"}, {"trade_id": 849739843, "side": "sell", "size": "0.00101874", "price": "116667.00000000", "time": "2025-07-15T16:19:38.399401Z", "fetched_at": "2025-07-15T16:20:18.884103+00:00", "symbol": "BTC-USD"}, {"trade_id": 849739842, "side": "sell", "size": "0.00007452", "price": "116667.00000000", "time": "2025-07-15T16:19:38.216929Z", "fetched_at": "2025-07-15T16:20:18.884103+00:00", "symbol": "BTC-USD"}, {"trade_id": 849739841, "side": "sell", "size": "0.00034214", "price": "116667.00000000", "time": "2025-07-15T16:19:38.216929Z", "fetched_at": "2025-07-15T16:20:18.884103+00:00", "symbol": "BTC-USD"}, {"trade_id": 849739840, "side": "buy", "size": "0.00195496", "price": "116668.44000000", "time": "2025-07-15T16:19:37.629549Z", "fetched_at": "2025-07-15T16:20:18.884103+00:00", "symbol": "BTC-USD"}, {"trade_id": 849739839, "side": "sell", "size": "0.00008336", "price": "116668.45000000", "time": "2025-07-15T16:19:37.241878Z", "fetched_at": "2025-07-15T16:20:18.884103+00:00", "symbol": "BTC-USD"}, {"trade_id": 849739838, "side": "sell", "size": "0.00000849", "price": "116668.45000000", "time": "2025-07-15T16:19:37.086002Z", "fetched_at": "2025-07-15T16:20:18.884103+00:00", "symbol": "BTC-USD"}, {"trade_id": 849739837, "side": "sell", "size": "0.00000849", "price": "116664.00000000", "time": "2025-07-15T16:19:36.854315Z", "fetched_at": "2025-07-15T16:20:18.884103+00:00", "symbol": "BTC-USD"}, {"trade_id": 849739836, "side": "sell", "size": "0.00003023", "price": "116664.00000000", "time": "2025-07-15T16:19:36.846181Z", "fetched_at": "2025-07-15T16:20:18.884103+00:00", "symbol": "BTC-USD"}, {"trade_id": 849739835, "side": "sell", "size": "0.00000222", "price": "116663.75000000", "time": "2025-07-15T16:19:36.846181Z", "fetched_at": "2025-07-15T16:20:18.884103+00:00", "symbol": "BTC-USD"}, {"trade_id": 849739834, "side": "sell", "size": "0.00001000", "price": "116663.75000000", "time": "2025-07-15T16:19:36.846181Z", "fetched_at": "2025-07-15T16:20:18.884103+00:00", "symbol": "BTC-USD"}, {"trade_id": 849739833, "side": "sell", "size": "0.00001000", "price": "116655.00000000", "time": "2025-07-15T16:19:35.696268Z", "fetched_at": "2025-07-15T16:20:18.884103+00:00", "symbol": "BTC-USD"}, {"trade_id": 849739832, "side": "sell", "size": "0.06116719", "price": "116652.93000000", "time": "2025-07-15T16:19:35.484287Z", "fetched_at": "2025-07-15T16:20:18.884103+00:00", "symbol": "BTC-USD"}, {"trade_id": 849739831, "side": "sell", "size": "0.07100044", "price": "116652.93000000", "time": "2025-07-15T16:19:35.480670Z", "fetched_at": "2025-07-15T16:20:18.884103+00:00", "symbol": "BTC-USD"}, {"trade_id": 849739830, "side": "sell", "size": "0.00013237", "price": "116652.93000000", "time": "2025-07-15T16:19:35.346275Z", "fetched_at": "2025-07-15T16:20:18.884103+00:00", "symbol": "BTC-USD"}, {"trade_id": 849739829, "side": "sell", "size": "0.00001261", "price": "116652.91000000", "time": "2025-07-15T16:19:35.346275Z", "fetched_at": "2025-07-15T16:20:18.884103+00:00", "symbol": "BTC-USD"}, {"trade_id": 849739828, "side": "sell", "size": "0.00002161", "price": "116652.91000000", "time": "2025-07-15T16:19:35.346275Z", "fetched_at": "2025-07-15T16:20:18.884103+00:00", "symbol": "BTC-USD"}, {"trade_id": 849739827, "side": "buy", "size": "0.00035512", "price": "116643.46000000", "time": "2025-07-15T16:19:34.828731Z", "fetched_at": "2025-07-15T16:20:18.884103+00:00", "symbol": "BTC-USD"}, {"trade_id": 849739826, "side": "buy", "size": "0.00054010", "price": "116643.47000000", "time": "2025-07-15T16:19:34.828731Z", "fetched_at": "2025-07-15T16:20:18.884103+00:00", "symbol": "BTC-USD"}, {"trade_id": 849739825, "side": "buy", "size": "0.00009431", "price": "116643.48000000", "time": "2025-07-15T16:19:34.828731Z", "fetched_at": "2025-07-15T16:20:18.884103+00:00", "symbol": "BTC-USD"}, {"trade_id": 849739824, "side": "buy", "size": "0.00157000", "price": "116649.33000000", "time": "2025-07-15T16:19:34.828731Z", "fetched_at": "2025-07-15T16:20:18.884103+00:00", "symbol": "BTC-USD"}, {"trade_id": 849739823, "side": "sell", "size": "0.00081290", "price": "116652.91000000", "time": "2025-07-15T16:19:34.212521Z", "fetched_at": "2025-07-15T16:20:18.884103+00:00", "symbol": "BTC-USD"}, {"trade_id": 849739822, "side": "buy", "size": "0.00000091", "price": "116643.44000000", "time": "2025-07-15T16:19:34.152470Z", "fetched_at": "2025-07-15T16:20:18.884103+00:00", "symbol": "BTC-USD"}, {"trade_id": 849739821, "side": "buy", "size": "0.00009431", "price": "116643.45000000", "time": "2025-07-15T16:19:34.152470Z", "fetched_at": "2025-07-15T16:20:18.884103+00:00", "symbol": "BTC-USD"}, {"trade_id": 849739820, "side": "sell", "size": "0.13493602", "price": "116651.00000000", "time": "2025-07-15T16:19:33.684692Z", "fetched_at": "2025-07-15T16:20:18.884103+00:00", "symbol": "BTC-USD"}, {"trade_id": 849739819, "side": "sell", "size": "0.00006208", "price": "116650.23000000", "time": "2025-07-15T16:19:33.684692Z", "fetched_at": "2025-07-15T16:20:18.884103+00:00", "symbol": "BTC-USD"}, {"trade_id": 849739818, "side": "sell", "size": "0.00000190", "price": "116650.23000000", "time": "2025-07-15T16:19:33.684692Z", "fetched_at": "2025-07-15T16:20:18.884103+00:00", "symbol": "BTC-USD"}, {"trade_id": 849739817, "side": "sell", "size": "0.01732330", "price": "116650.23000000", "time": "2025-07-15T16:19:33.181784Z", "fetched_at": "2025-07-15T16:20:18.884103+00:00", "symbol": "BTC-USD"}, {"trade_id": 849739816, "side": "sell", "size": "0.00083451", "price": "116650.22000000", "time": "2025-07-15T16:19:33.181784Z", "fetched_at": "2025-07-15T16:20:18.884103+00:00", "symbol": "BTC-USD"}, {"trade_id": 849739815, "side": "sell", "size": "0.00045841", "price": "116648.00000000", "time": "2025-07-15T16:19:31.846039Z", "fetched_at": "2025-07-15T16:20:18.884103+00:00", "symbol": "BTC-USD"}, {"trade_id": 849739814, "side": "sell", "size": "0.00000205", "price": "116647.48000000", "time": "2025-07-15T16:19:31.846039Z", "fetched_at": "2025-07-15T16:20:18.884103+00:00", "symbol": "BTC-USD"}, {"trade_id": 849739813, "side": "sell", "size": "0.00001328", "price": "116647.48000000", "time": "2025-07-15T16:19:31.846039Z", "fetched_at": "2025-07-15T16:20:18.884103+00:00", "symbol": "BTC-USD"}, {"trade_id": 849739812, "side": "sell", "size": "0.00021717", "price": "116647.48000000", "time": "2025-07-15T16:19:31.846039Z", "fetched_at": "2025-07-15T16:20:18.884103+00:00", "symbol": "BTC-USD"}, {"trade_id": 849739811, "side": "buy", "size": "0.00007365", "price": "116634.08000000", "time": "2025-07-15T16:19:31.726472Z", "fetched_at": "2025-07-15T16:20:18.884103+00:00", "symbol": "BTC-USD"}, {"trade_id": 849739810, "side": "buy", "size": "0.00009431", "price": "116634.09000000", "time": "2025-07-15T16:19:31.726472Z", "fetched_at": "2025-07-15T16:20:18.884103+00:00", "symbol": "BTC-USD"}, {"trade_id": 849739809, "side": "buy", "size": "0.00000351", "price": "116637.59000000", "time": "2025-07-15T16:19:31.726472Z", "fetched_at": "2025-07-15T16:20:18.884103+00:00", "symbol": "BTC-USD"}, {"trade_id": 849739808, "side": "sell", "size": "0.00000608", "price": "116647.48000000", "time": "2025-07-15T16:19:31.577096Z", "fetched_at": "2025-07-15T16:20:18.884103+00:00", "symbol": "BTC-USD"}, {"trade_id": 849739807, "side": "sell", "size": "0.00000289", "price": "116641.69000000", "time": "2025-07-15T16:19:31.270887Z", "fetched_at": "2025-07-15T16:20:18.884103+00:00", "symbol": "BTC-USD"}, {"trade_id": 849739806, "side": "sell", "size": "0.00124925", "price": "116649.44000000", "time": "2025-07-15T16:19:30.851487Z", "fetched_at": "2025-07-15T16:20:18.884103+00:00", "symbol": "BTC-USD"}, {"trade_id": 849739805, "side": "sell", "size": "0.00001000", "price": "116637.50000000", "time": "2025-07-15T16:19:30.663612Z", "fetched_at": "2025-07-15T16:20:18.884103+00:00", "symbol": "BTC-USD"}, {"trade_id": 849739804, "side": "sell", "size": "0.00000664", "price": "116636.09000000", "time": "2025-07-15T16:19:30.663612Z", "fetched_at": "2025-07-15T16:20:18.884103+00:00", "symbol": "BTC-USD"}, {"trade_id": 849739803, "side": "sell", "size": "0.00857397", "price": "116632.13000000", "time": "2025-07-15T16:19:30.635289Z", "fetched_at": "2025-07-15T16:20:18.884103+00:00", "symbol": "BTC-USD"}, {"trade_id": 849739802, "side": "sell", "size": "0.00000222", "price": "116630.38000000", "time": "2025-07-15T16:19:30.627850Z", "fetched_at": "2025-07-15T16:20:18.884103+00:00", "symbol": "BTC-USD"}, {"trade_id": 849739801, "side": "sell", "size": "0.00020256", "price": "116630.38000000", "time": "2025-07-15T16:19:30.623715Z", "fetched_at": "2025-07-15T16:20:18.884103+00:00", "symbol": "BTC-USD"}, {"trade_id": 849739800, "side": "sell", "size": "0.00000214", "price": "116630.56000000", "time": "2025-07-15T16:19:30.591599Z", "fetched_at": "2025-07-15T16:20:18.884103+00:00", "symbol": "BTC-USD"}, {"trade_id": 849739799, "side": "sell", "size": "0.00021717", "price": "116630.38000000", "time": "2025-07-15T16:19:30.591599Z", "fetched_at": "2025-07-15T16:20:18.884103+00:00", "symbol": "BTC-USD"}, {"trade_id": 849739798, "side": "sell", "size": "0.00001000", "price": "116628.75000000", "time": "2025-07-15T16:19:30.587498Z", "fetched_at": "2025-07-15T16:20:18.884103+00:00", "symbol": "BTC-USD"}, {"trade_id": 849739797, "side": "sell", "size": "0.00012192", "price": "116628.73000000", "time": "2025-07-15T16:19:30.311612Z", "fetched_at": "2025-07-15T16:20:18.884103+00:00", "symbol": "BTC-USD"}, {"trade_id": 849739796, "side": "sell", "size": "0.00416520", "price": "116628.73000000", "time": "2025-07-15T16:19:29.997274Z", "fetched_at": "2025-07-15T16:20:18.884103+00:00", "symbol": "BTC-USD"}, {"trade_id": 849739795, "side": "buy", "size": "0.00008390", "price": "116615.89000000", "time": "2025-07-15T16:19:29.628081Z", "fetched_at": "2025-07-15T16:20:18.884103+00:00", "symbol": "BTC-USD"}, {"trade_id": 849739794, "side": "sell", "size": "0.00013652", "price": "116618.24000000", "time": "2025-07-15T16:19:29.583274Z", "fetched_at": "2025-07-15T16:20:18.884103+00:00", "symbol": "BTC-USD"}, {"trade_id": 849739793, "side": "sell", "size": "0.00714621", "price": "116613.00000000", "time": "2025-07-15T16:19:29.492455Z", "fetched_at": "2025-07-15T16:20:18.884103+00:00", "symbol": "BTC-USD"}, {"trade_id": 849739792, "side": "sell", "size": "0.06128052", "price": "116612.13000000", "time": "2025-07-15T16:19:29.483053Z", "fetched_at": "2025-07-15T16:20:18.884103+00:00", "symbol": "BTC-USD"}, {"trade_id": 849739791, "side": "sell", "size": "0.00857554", "price": "116610.73000000", "time": "2025-07-15T16:19:29.446373Z", "fetched_at": "2025-07-15T16:20:18.884103+00:00", "symbol": "BTC-USD"}, {"trade_id": 849739790, "side": "sell", "size": "0.07245568", "price": "116609.00000000", "time": "2025-07-15T16:19:29.436964Z", "fetched_at": "2025-07-15T16:20:18.884103+00:00", "symbol": "BTC-USD"}, {"trade_id": 849739789, "side": "sell", "size": "0.09095822", "price": "116609.00000000", "time": "2025-07-15T16:19:29.432961Z", "fetched_at": "2025-07-15T16:20:18.884103+00:00", "symbol": "BTC-USD"}, {"trade_id": 849739788, "side": "sell", "size": "0.00000253", "price": "116608.21000000", "time": "2025-07-15T16:19:29.432961Z", "fetched_at": "2025-07-15T16:20:18.884103+00:00", "symbol": "BTC-USD"}, {"trade_id": 849739787, "side": "sell", "size": "0.00016255", "price": "116606.00000000", "time": "2025-07-15T16:19:28.865029Z", "fetched_at": "2025-07-15T16:20:18.884103+00:00", "symbol": "BTC-USD"}, {"trade_id": 849739786, "side": "sell", "size": "0.19532283", "price": "116606.00000000", "time": "2025-07-15T16:19:28.629239Z", "fetched_at": "2025-07-15T16:20:18.884103+00:00", "symbol": "BTC-USD"}, {"trade_id": 849739785, "side": "sell", "size": "0.40000000", "price": "116604.00000000", "time": "2025-07-15T16:19:28.629239Z", "fetched_at": "2025-07-15T16:20:18.884103+00:00", "symbol": "BTC-USD"}, {"trade_id": 849739784, "side": "sell", "size": "0.00012828", "price": "116603.69000000", "time": "2025-07-15T16:19:28.629239Z", "fetched_at": "2025-07-15T16:20:18.884103+00:00", "symbol": "BTC-USD"}, {"trade_id": 849739783, "side": "sell", "size": "0.00008656", "price": "116603.55000000", "time": "2025-07-15T16:19:28.629239Z", "fetched_at": "2025-07-15T16:20:18.884103+00:00", "symbol": "BTC-USD"}, {"trade_id": 849739782, "side": "sell", "size": "0.13565058", "price": "116603.46000000", "time": "2025-07-15T16:19:28.629239Z", "fetched_at": "2025-07-15T16:20:18.884103+00:00", "symbol": "BTC-USD"}, {"trade_id": 849739781, "side": "sell", "size": "0.00000986", "price": "116603.45000000", "time": "2025-07-15T16:19:28.629239Z", "fetched_at": "2025-07-15T16:20:18.884103+00:00", "symbol": "BTC-USD"}, {"trade_id": 849739780, "side": "sell", "size": "0.00510438", "price": "116603.44000000", "time": "2025-07-15T16:19:28.629239Z", "fetched_at": "2025-07-15T16:20:18.884103+00:00", "symbol": "BTC-USD"}, {"trade_id": 849739779, "side": "sell", "size": "0.11206752", "price": "116603.43000000", "time": "2025-07-15T16:19:28.629239Z", "fetched_at": "2025-07-15T16:20:18.884103+00:00", "symbol": "BTC-USD"}, {"trade_id": 849739778, "side": "buy", "size": "0.00001000", "price": "116602.50000000", "time": "2025-07-15T16:19:28.101549Z", "fetched_at": "2025-07-15T16:20:18.884103+00:00", "symbol": "BTC-USD"}, {"trade_id": 849739777, "side": "buy", "size": "0.01744357", "price": "116603.01000000", "time": "2025-07-15T16:19:28.101549Z", "fetched_at": "2025-07-15T16:20:18.884103+00:00", "symbol": "BTC-USD"}, {"trade_id": 849739776, "side": "buy", "size": "0.00500000", "price": "116605.48000000", "time": "2025-07-15T16:19:28.101549Z", "fetched_at": "2025-07-15T16:20:18.884103+00:00", "symbol": "BTC-USD"}, {"trade_id": 849739775, "side": "buy", "size": "0.02499770", "price": "116605.48000000", "time": "2025-07-15T16:19:28.101549Z", "fetched_at": "2025-07-15T16:20:18.884103+00:00", "symbol": "BTC-USD"}, {"trade_id": 849739774, "side": "buy", "size": "0.00499986", "price": "116605.86000000", "time": "2025-07-15T16:19:28.101549Z", "fetched_at": "2025-07-15T16:20:18.884103+00:00", "symbol": "BTC-USD"}, {"trade_id": 849739773, "side": "buy", "size": "0.00499985", "price": "116606.08000000", "time": "2025-07-15T16:19:28.101549Z", "fetched_at": "2025-07-15T16:20:18.884103+00:00", "symbol": "BTC-USD"}, {"trade_id": 849739772, "side": "buy", "size": "0.00499973", "price": "116610.03000000", "time": "2025-07-15T16:19:28.101549Z", "fetched_at": "2025-07-15T16:20:18.884103+00:00", "symbol": "BTC-USD"}, {"trade_id": 849739771, "side": "buy", "size": "0.00500562", "price": "116610.03000000", "time": "2025-07-15T16:19:28.101549Z", "fetched_at": "2025-07-15T16:20:18.884103+00:00", "symbol": "BTC-USD"}, {"trade_id": 849739770, "side": "buy", "size": "0.00044828", "price": "116610.50000000", "time": "2025-07-15T16:19:28.101549Z", "fetched_at": "2025-07-15T16:20:18.884103+00:00", "symbol": "BTC-USD"}, {"trade_id": 849739769, "side": "buy", "size": "0.03972745", "price": "116610.63000000", "time": "2025-07-15T16:19:28.101549Z", "fetched_at": "2025-07-15T16:20:18.884103+00:00", "symbol": "BTC-USD"}, {"trade_id": 849739768, "side": "buy", "size": "0.00499992", "price": "116610.63000000", "time": "2025-07-15T16:19:28.101549Z", "fetched_at": "2025-07-15T16:20:18.884103+00:00", "symbol": "BTC-USD"}, {"trade_id": 849739767, "side": "buy", "size": "0.00500000", "price": "116610.63000000", "time": "2025-07-15T16:19:28.101549Z", "fetched_at": "2025-07-15T16:20:18.884103+00:00", "symbol": "BTC-USD"}, {"trade_id": 849739766, "side": "buy", "size": "0.00001000", "price": "116611.25000000", "time": "2025-07-15T16:19:28.101549Z", "fetched_at": "2025-07-15T16:20:18.884103+00:00", "symbol": "BTC-USD"}, {"trade_id": 849739765, "side": "buy", "size": "0.01045879", "price": "116611.31000000", "time": "2025-07-15T16:19:28.101549Z", "fetched_at": "2025-07-15T16:20:18.884103+00:00", "symbol": "BTC-USD"}, {"trade_id": 849739764, "side": "buy", "size": "0.00009433", "price": "116614.98000000", "time": "2025-07-15T16:19:28.101549Z", "fetched_at": "2025-07-15T16:20:18.884103+00:00", "symbol": "BTC-USD"}, {"trade_id": 849739763, "side": "buy", "size": "0.00000051", "price": "116614.98000000", "time": "2025-07-15T16:19:28.101549Z", "fetched_at": "2025-07-15T16:20:18.884103+00:00", "symbol": "BTC-USD"}, {"trade_id": 849739762, "side": "sell", "size": "0.00002333", "price": "116614.99000000", "time": "2025-07-15T16:19:27.944950Z", "fetched_at": "2025-07-15T16:20:18.884103+00:00", "symbol": "BTC-USD"}, {"trade_id": 849739761, "side": "sell", "size": "0.00042842", "price": "116614.99000000", "time": "2025-07-15T16:19:27.584984Z", "fetched_at": "2025-07-15T16:20:18.884103+00:00", "symbol": "BTC-USD"}, {"trade_id": 849739760, "side": "sell", "size": "0.00300751", "price": "116614.99000000", "time": "2025-07-15T16:19:27.548178Z", "fetched_at": "2025-07-15T16:20:18.884103+00:00", "symbol": "BTC-USD"}, {"trade_id": 849739759, "side": "sell", "size": "0.00032382", "price": "116614.45000000", "time": "2025-07-15T16:19:27.548178Z", "fetched_at": "2025-07-15T16:20:18.884103+00:00", "symbol": "BTC-USD"}, {"trade_id": 849739758, "side": "sell", "size": "0.00874679", "price": "116614.36000000", "time": "2025-07-15T16:19:27.536047Z", "fetched_at": "2025-07-15T16:20:18.884103+00:00", "symbol": "BTC-USD"}, {"trade_id": 849739757, "side": "sell", "size": "0.00001034", "price": "116614.36000000", "time": "2025-07-15T16:19:27.536047Z", "fetched_at": "2025-07-15T16:20:18.884103+00:00", "symbol": "BTC-USD"}, {"trade_id": 849739756, "side": "sell", "size": "0.00024287", "price": "116614.36000000", "time": "2025-07-15T16:19:27.536047Z", "fetched_at": "2025-07-15T16:20:18.884103+00:00", "symbol": "BTC-USD"}, {"trade_id": 849739755, "side": "sell", "size": "0.00028639", "price": "116615.88000000", "time": "2025-07-15T16:19:27.374844Z", "fetched_at": "2025-07-15T16:20:18.884103+00:00", "symbol": "BTC-USD"}, {"trade_id": 849739754, "side": "sell", "size": "0.00033361", "price": "116615.85000000", "time": "2025-07-15T16:19:27.374844Z", "fetched_at": "2025-07-15T16:20:18.884103+00:00", "symbol": "BTC-USD"}, {"trade_id": 849739753, "side": "buy", "size": "0.01341016", "price": "116612.69000000", "time": "2025-07-15T16:19:27.353535Z", "fetched_at": "2025-07-15T16:20:18.884103+00:00", "symbol": "BTC-USD"}, {"trade_id": 849739752, "side": "buy", "size": "0.00009432", "price": "116614.00000000", "time": "2025-07-15T16:19:27.353535Z", "fetched_at": "2025-07-15T16:20:18.884103+00:00", "symbol": "BTC-USD"}, {"trade_id": 849739751, "side": "buy", "size": "0.00009432", "price": "116619.60000000", "time": "2025-07-15T16:19:27.353535Z", "fetched_at": "2025-07-15T16:20:18.884103+00:00", "symbol": "BTC-USD"}, {"trade_id": 849739750, "side": "buy", "size": "0.00031499", "price": "116614.00000000", "time": "2025-07-15T16:19:27.314985Z", "fetched_at": "2025-07-15T16:20:18.884103+00:00", "symbol": "BTC-USD"}, {"trade_id": 849739749, "side": "buy", "size": "0.00499950", "price": "116614.71000000", "time": "2025-07-15T16:19:27.314985Z", "fetched_at": "2025-07-15T16:20:18.884103+00:00", "symbol": "BTC-USD"}, {"trade_id": 849739748, "side": "buy", "size": "0.00500000", "price": "116614.71000000", "time": "2025-07-15T16:19:27.314985Z", "fetched_at": "2025-07-15T16:20:18.884103+00:00", "symbol": "BTC-USD"}, {"trade_id": 849739747, "side": "buy", "size": "0.00009432", "price": "116620.91000000", "time": "2025-07-15T16:19:27.314985Z", "fetched_at": "2025-07-15T16:20:18.884103+00:00", "symbol": "BTC-USD"}, {"trade_id": 849739746, "side": "buy", "size": "0.00499963", "price": "116618.04000000", "time": "2025-07-15T16:19:27.303175Z", "fetched_at": "2025-07-15T16:20:18.884103+00:00", "symbol": "BTC-USD"}, {"trade_id": 849739745, "side": "buy", "size": "0.00500026", "price": "116618.04000000", "time": "2025-07-15T16:19:27.303175Z", "fetched_at": "2025-07-15T16:20:18.884103+00:00", "symbol": "BTC-USD"}, {"trade_id": 849739744, "side": "buy", "size": "0.00499953", "price": "116618.04000000", "time": "2025-07-15T16:19:27.303175Z", "fetched_at": "2025-07-15T16:20:18.884103+00:00", "symbol": "BTC-USD"}, {"trade_id": 849739743, "side": "buy", "size": "0.00499956", "price": "116618.04000000", "time": "2025-07-15T16:19:27.303175Z", "fetched_at": "2025-07-15T16:20:18.884103+00:00", "symbol": "BTC-USD"}, {"trade_id": 849739742, "side": "buy", "size": "0.00857492", "price": "116619.17000000", "time": "2025-07-15T16:19:27.303175Z", "fetched_at": "2025-07-15T16:20:18.884103+00:00", "symbol": "BTC-USD"}, {"trade_id": 849739741, "side": "buy", "size": "0.00001000", "price": "116620.00000000", "time": "2025-07-15T16:19:27.303175Z", "fetched_at": "2025-07-15T16:20:18.884103+00:00", "symbol": "BTC-USD"}, {"trade_id": 849739740, "side": "buy", "size": "0.03543410", "price": "116620.01000000", "time": "2025-07-15T16:19:27.303175Z", "fetched_at": "2025-07-15T16:20:18.884103+00:00", "symbol": "BTC-USD"}, {"trade_id": 849739739, "side": "buy", "size": "0.01406181", "price": "116620.88000000", "time": "2025-07-15T16:19:27.303175Z", "fetched_at": "2025-07-15T16:20:18.884103+00:00", "symbol": "BTC-USD"}, {"trade_id": 849739738, "side": "buy", "size": "0.00002219", "price": "116620.89000000", "time": "2025-07-15T16:19:27.303175Z", "fetched_at": "2025-07-15T16:20:18.884103+00:00", "symbol": "BTC-USD"}, {"trade_id": 849739737, "side": "buy", "size": "0.00413792", "price": "116620.89000000", "time": "2025-07-15T16:19:27.303175Z", "fetched_at": "2025-07-15T16:20:18.884103+00:00", "symbol": "BTC-USD"}, {"trade_id": 849739736, "side": "buy", "size": "0.00058017", "price": "116620.90000000", "time": "2025-07-15T16:19:27.303175Z", "fetched_at": "2025-07-15T16:20:18.884103+00:00", "symbol": "BTC-USD"}, {"trade_id": 849739735, "side": "buy", "size": "0.00009432", "price": "116620.91000000", "time": "2025-07-15T16:19:27.303175Z", "fetched_at": "2025-07-15T16:20:18.884103+00:00", "symbol": "BTC-USD"}, {"trade_id": 849739734, "side": "sell", "size": "0.00169353", "price": "116630.04000000", "time": "2025-07-15T16:19:27.238744Z", "fetched_at": "2025-07-15T16:20:18.884103+00:00", "symbol": "BTC-USD"}, {"trade_id": 849739733, "side": "sell", "size": "0.00999999", "price": "116630.06000000", "time": "2025-07-15T16:19:27.081065Z", "fetched_at": "2025-07-15T16:20:18.884103+00:00", "symbol": "BTC-USD"}, {"trade_id": 849739732, "side": "sell", "size": "0.00083273", "price": "116630.06000000", "time": "2025-07-15T16:19:27.069202Z", "fetched_at": "2025-07-15T16:20:18.884103+00:00", "symbol": "BTC-USD"}, {"trade_id": 849739731, "side": "buy", "size": "0.00050068", "price": "116620.90000000", "time": "2025-07-15T16:19:26.893398Z", "fetched_at": "2025-07-15T16:20:18.884103+00:00", "symbol": "BTC-USD"}, {"trade_id": 849739730, "side": "buy", "size": "0.00009432", "price": "116620.91000000", "time": "2025-07-15T16:19:26.893398Z", "fetched_at": "2025-07-15T16:20:18.884103+00:00", "symbol": "BTC-USD"}, {"trade_id": 849739729, "side": "buy", "size": "0.00013232", "price": "116620.89000000", "time": "2025-07-15T16:19:26.552004Z", "fetched_at": "2025-07-15T16:20:18.884103+00:00", "symbol": "BTC-USD"}, {"trade_id": 849739728, "side": "buy", "size": "0.00009432", "price": "116620.90000000", "time": "2025-07-15T16:19:26.552004Z", "fetched_at": "2025-07-15T16:20:18.884103+00:00", "symbol": "BTC-USD"}, {"trade_id": 849739727, "side": "buy", "size": "0.00000540", "price": "116624.71000000", "time": "2025-07-15T16:19:26.552004Z", "fetched_at": "2025-07-15T16:20:18.884103+00:00", "symbol": "BTC-USD"}, {"trade_id": 849739726, "side": "buy", "size": "0.00000351", "price": "116624.71000000", "time": "2025-07-15T16:19:26.552004Z", "fetched_at": "2025-07-15T16:20:18.884103+00:00", "symbol": "BTC-USD"}, {"trade_id": 849739725, "side": "buy", "size": "0.00000120", "price": "116624.71000000", "time": "2025-07-15T16:19:26.552004Z", "fetched_at": "2025-07-15T16:20:18.884103+00:00", "symbol": "BTC-USD"}, {"trade_id": 849739724, "side": "sell", "size": "0.00062000", "price": "116630.48000000", "time": "2025-07-15T16:19:25.776623Z", "fetched_at": "2025-07-15T16:20:18.884103+00:00", "symbol": "BTC-USD"}, {"trade_id": 849739723, "side": "sell", "size": "0.00127254", "price": "116636.32000000", "time": "2025-07-15T16:19:25.422946Z", "fetched_at": "2025-07-15T16:20:18.884103+00:00", "symbol": "BTC-USD"}, {"trade_id": 849739722, "side": "sell", "size": "0.00644694", "price": "116641.54000000", "time": "2025-07-15T16:19:25.189947Z", "fetched_at": "2025-07-15T16:20:18.884103+00:00", "symbol": "BTC-USD"}, {"trade_id": 849739721, "side": "buy", "size": "0.00000008", "price": "116624.63000000", "time": "2025-07-15T16:19:25.038680Z", "fetched_at": "2025-07-15T16:20:18.884103+00:00", "symbol": "BTC-USD"}, {"trade_id": 849739720, "side": "buy", "size": "0.01697525", "price": "116636.61000000", "time": "2025-07-15T16:19:24.601100Z", "fetched_at": "2025-07-15T16:20:18.884103+00:00", "symbol": "BTC-USD"}, {"trade_id": 849739719, "side": "buy", "size": "0.00009431", "price": "116636.62000000", "time": "2025-07-15T16:19:24.601100Z", "fetched_at": "2025-07-15T16:20:18.884103+00:00", "symbol": "BTC-USD"}, {"trade_id": 849739718, "side": "buy", "size": "0.01019542", "price": "116625.01000000", "time": "2025-07-15T16:19:24.567525Z", "fetched_at": "2025-07-15T16:20:18.884103+00:00", "symbol": "BTC-USD"}, {"trade_id": 849739717, "side": "buy", "size": "0.00001000", "price": "116628.75000000", "time": "2025-07-15T16:19:24.567525Z", "fetched_at": "2025-07-15T16:20:18.884103+00:00", "symbol": "BTC-USD"}, {"trade_id": 849739716, "side": "buy", "size": "0.04190198", "price": "116629.15000000", "time": "2025-07-15T16:19:24.567525Z", "fetched_at": "2025-07-15T16:20:18.884103+00:00", "symbol": "BTC-USD"}, {"trade_id": 849739715, "side": "buy", "size": "0.06334117", "price": "116634.51000000", "time": "2025-07-15T16:19:24.567525Z", "fetched_at": "2025-07-15T16:20:18.884103+00:00", "symbol": "BTC-USD"}, {"trade_id": 849739714, "side": "buy", "size": "0.01739488", "price": "116634.98000000", "time": "2025-07-15T16:19:24.567525Z", "fetched_at": "2025-07-15T16:20:18.884103+00:00", "symbol": "BTC-USD"}, {"trade_id": 849739713, "side": "buy", "size": "0.07858694", "price": "116635.14000000", "time": "2025-07-15T16:19:24.567525Z", "fetched_at": "2025-07-15T16:20:18.884103+00:00", "symbol": "BTC-USD"}, {"trade_id": 849739712, "side": "buy", "size": "0.03589963", "price": "116635.20000000", "time": "2025-07-15T16:19:24.567525Z", "fetched_at": "2025-07-15T16:20:18.884103+00:00", "symbol": "BTC-USD"}, {"trade_id": 849739711, "side": "buy", "size": "0.11679932", "price": "116635.26000000", "time": "2025-07-15T16:19:24.567525Z", "fetched_at": "2025-07-15T16:20:18.884103+00:00", "symbol": "BTC-USD"}, {"trade_id": 849739710, "side": "buy", "size": "0.00001000", "price": "116637.50000000", "time": "2025-07-15T16:19:24.567525Z", "fetched_at": "2025-07-15T16:20:18.884103+00:00", "symbol": "BTC-USD"}, {"trade_id": 849739709, "side": "buy", "size": "0.00085090", "price": "116640.76000000", "time": "2025-07-15T16:19:24.567525Z", "fetched_at": "2025-07-15T16:20:18.884103+00:00", "symbol": "BTC-USD"}, {"trade_id": 849739708, "side": "buy", "size": "0.01801433", "price": "116640.87000000", "time": "2025-07-15T16:19:24.567525Z", "fetched_at": "2025-07-15T16:20:18.884103+00:00", "symbol": "BTC-USD"}, {"trade_id": 849739707, "side": "buy", "size": "0.01854561", "price": "116642.41000000", "time": "2025-07-15T16:19:24.567525Z", "fetched_at": "2025-07-15T16:20:18.884103+00:00", "symbol": "BTC-USD"}, {"trade_id": 849739706, "side": "buy", "size": "0.00009431", "price": "116642.42000000", "time": "2025-07-15T16:19:24.567525Z", "fetched_at": "2025-07-15T16:20:18.884103+00:00", "symbol": "BTC-USD"}, {"trade_id": 849739705, "side": "buy", "size": "0.00288098", "price": "116642.41000000", "time": "2025-07-15T16:19:24.496698Z", "fetched_at": "2025-07-15T16:20:18.884103+00:00", "symbol": "BTC-USD"}, {"trade_id": 849739704, "side": "buy", "size": "0.00009431", "price": "116642.42000000", "time": "2025-07-15T16:19:24.496698Z", "fetched_at": "2025-07-15T16:20:18.884103+00:00", "symbol": "BTC-USD"}, {"trade_id": 849739703, "side": "buy", "size": "0.00001000", "price": "116646.25000000", "time": "2025-07-15T16:19:24.496698Z", "fetched_at": "2025-07-15T16:20:18.884103+00:00", "symbol": "BTC-USD"}, {"trade_id": 849739702, "side": "buy", "size": "0.00000471", "price": "116655.00000000", "time": "2025-07-15T16:19:24.496698Z", "fetched_at": "2025-07-15T16:20:18.884103+00:00", "symbol": "BTC-USD"}, {"trade_id": 849739701, "side": "buy", "size": "0.00001000", "price": "116655.00000000", "time": "2025-07-15T16:19:24.496698Z", "fetched_at": "2025-07-15T16:20:18.884103+00:00", "symbol": "BTC-USD"}, {"trade_id": 849739700, "side": "sell", "size": "0.00042127", "price": "116655.01000000", "time": "2025-07-15T16:19:24.241689Z", "fetched_at": "2025-07-15T16:20:18.884103+00:00", "symbol": "BTC-USD"}, {"trade_id": 849739699, "side": "buy", "size": "0.00009908", "price": "116663.75000000", "time": "2025-07-15T16:19:24.156910Z", "fetched_at": "2025-07-15T16:20:18.884103+00:00", "symbol": "BTC-USD"}, {"trade_id": 849739698, "side": "buy", "size": "0.00068247", "price": "116663.75000000", "time": "2025-07-15T16:19:24.156910Z", "fetched_at": "2025-07-15T16:20:18.884103+00:00", "symbol": "BTC-USD"}, {"trade_id": 849739697, "side": "buy", "size": "0.00001000", "price": "116663.75000000", "time": "2025-07-15T16:19:24.156910Z", "fetched_at": "2025-07-15T16:20:18.884103+00:00", "symbol": "BTC-USD"}, {"trade_id": 849739696, "side": "sell", "size": "0.00005572", "price": "116663.76000000", "time": "2025-07-15T16:19:23.363598Z", "fetched_at": "2025-07-15T16:20:18.884103+00:00", "symbol": "BTC-USD"}, {"trade_id": 849739695, "side": "sell", "size": "0.00127256", "price": "116666.07000000", "time": "2025-07-15T16:19:23.265531Z", "fetched_at": "2025-07-15T16:20:18.884103+00:00", "symbol": "BTC-USD"}, {"trade_id": 849739694, "side": "buy", "size": "0.00857084", "price": "116674.63000000", "time": "2025-07-15T16:19:23.102937Z", "fetched_at": "2025-07-15T16:20:18.884103+00:00", "symbol": "BTC-USD"}, {"trade_id": 849739693, "side": "buy", "size": "0.00009428", "price": "116674.64000000", "time": "2025-07-15T16:19:23.102937Z", "fetched_at": "2025-07-15T16:20:18.884103+00:00", "symbol": "BTC-USD"}, {"trade_id": 849739692, "side": "buy", "size": "0.00009916", "price": "116676.15000000", "time": "2025-07-15T16:19:23.102937Z", "fetched_at": "2025-07-15T16:20:18.884103+00:00", "symbol": "BTC-USD"}, {"trade_id": 849739691, "side": "buy", "size": "0.00272437", "price": "116676.15000000", "time": "2025-07-15T16:19:23.102937Z", "fetched_at": "2025-07-15T16:20:18.884103+00:00", "symbol": "BTC-USD"}, {"trade_id": 849739690, "side": "sell", "size": "0.00000047", "price": "116677.31000000", "time": "2025-07-15T16:19:23.047278Z", "fetched_at": "2025-07-15T16:20:18.884103+00:00", "symbol": "BTC-USD"}, {"trade_id": 849739689, "side": "sell", "size": "0.00017062", "price": "116677.20000000", "time": "2025-07-15T16:19:22.731230Z", "fetched_at": "2025-07-15T16:20:18.884103+00:00", "symbol": "BTC-USD"}, {"trade_id": 849739688, "side": "sell", "size": "0.00020828", "price": "116677.00000000", "time": "2025-07-15T16:19:22.263413Z", "fetched_at": "2025-07-15T16:20:18.884103+00:00", "symbol": "BTC-USD"}, {"trade_id": 849739687, "side": "sell", "size": "0.00162624", "price": "116676.16000000", "time": "2025-07-15T16:19:22.257136Z", "fetched_at": "2025-07-15T16:20:18.884103+00:00", "symbol": "BTC-USD"}, {"trade_id": 849739686, "side": "sell", "size": "0.02452494", "price": "116677.04000000", "time": "2025-07-15T16:19:21.759942Z", "fetched_at": "2025-07-15T16:20:18.884103+00:00", "symbol": "BTC-USD"}, {"trade_id": 849739685, "side": "sell", "size": "0.00046000", "price": "116676.16000000", "time": "2025-07-15T16:19:21.759942Z", "fetched_at": "2025-07-15T16:20:18.884103+00:00", "symbol": "BTC-USD"}, {"trade_id": 849739684, "side": "buy", "size": "0.00001982", "price": "116676.16000000", "time": "2025-07-15T16:19:21.579998Z", "fetched_at": "2025-07-15T16:20:18.884103+00:00", "symbol": "BTC-USD"}, {"trade_id": 849739683, "side": "buy", "size": "0.00000359", "price": "116676.53000000", "time": "2025-07-15T16:19:21.579998Z", "fetched_at": "2025-07-15T16:20:18.884103+00:00", "symbol": "BTC-USD"}, {"trade_id": 849739682, "side": "buy", "size": "0.00000119", "price": "116676.53000000", "time": "2025-07-15T16:19:21.579998Z", "fetched_at": "2025-07-15T16:20:18.884103+00:00", "symbol": "BTC-USD"}, {"trade_id": 849739681, "side": "sell", "size": "0.01376800", "price": "116696.80000000", "time": "2025-07-15T16:19:20.494859Z", "fetched_at": "2025-07-15T16:20:18.884103+00:00", "symbol": "BTC-USD"}, {"trade_id": 849739680, "side": "sell", "size": "0.00050776", "price": "116697.00000000", "time": "2025-07-15T16:19:20.190980Z", "fetched_at": "2025-07-15T16:20:18.884103+00:00", "symbol": "BTC-USD"}, {"trade_id": 849739679, "side": "sell", "size": "0.00024877", "price": "116696.83000000", "time": "2025-07-15T16:19:20.190980Z", "fetched_at": "2025-07-15T16:20:18.884103+00:00", "symbol": "BTC-USD"}, {"trade_id": 849739678, "side": "sell", "size": "0.02475610", "price": "116696.82000000", "time": "2025-07-15T16:19:20.190980Z", "fetched_at": "2025-07-15T16:20:18.884103+00:00", "symbol": "BTC-USD"}, {"trade_id": 849739677, "side": "sell", "size": "0.00828761", "price": "116685.72000000", "time": "2025-07-15T16:19:20.062120Z", "fetched_at": "2025-07-15T16:20:18.884103+00:00", "symbol": "BTC-USD"}, {"trade_id": 849739676, "side": "sell", "size": "0.00001034", "price": "116683.96000000", "time": "2025-07-15T16:19:20.062120Z", "fetched_at": "2025-07-15T16:20:18.884103+00:00", "symbol": "BTC-USD"}, {"trade_id": 849739675, "side": "sell", "size": "0.00000205", "price": "116683.96000000", "time": "2025-07-15T16:19:20.062120Z", "fetched_at": "2025-07-15T16:20:18.884103+00:00", "symbol": "BTC-USD"}, {"trade_id": 849739674, "side": "buy", "size": "0.00980689", "price": "116666.63000000", "time": "2025-07-15T16:19:18.638211Z", "fetched_at": "2025-07-15T16:20:18.884103+00:00", "symbol": "BTC-USD"}, {"trade_id": 849739673, "side": "buy", "size": "0.00136009", "price": "116667.99000000", "time": "2025-07-15T16:19:18.638211Z", "fetched_at": "2025-07-15T16:20:18.884103+00:00", "symbol": "BTC-USD"}, {"trade_id": 849739672, "side": "buy", "size": "0.00857111", "price": "116671.06000000", "time": "2025-07-15T16:19:18.638211Z", "fetched_at": "2025-07-15T16:20:18.884103+00:00", "symbol": "BTC-USD"}, {"trade_id": 849739671, "side": "buy", "size": "0.00068002", "price": "116672.55000000", "time": "2025-07-15T16:19:18.638211Z", "fetched_at": "2025-07-15T16:20:18.884103+00:00", "symbol": "BTC-USD"}, {"trade_id": 849739670, "side": "buy", "size": "0.00004954", "price": "116672.55000000", "time": "2025-07-15T16:19:18.638211Z", "fetched_at": "2025-07-15T16:20:18.884103+00:00", "symbol": "BTC-USD"}, {"trade_id": 849739669, "side": "buy", "size": "0.00009428", "price": "116672.56000000", "time": "2025-07-15T16:19:18.638211Z", "fetched_at": "2025-07-15T16:20:18.884103+00:00", "symbol": "BTC-USD"}, {"trade_id": 849739668, "side": "buy", "size": "0.00000119", "price": "116676.15000000", "time": "2025-07-15T16:19:18.638211Z", "fetched_at": "2025-07-15T16:20:18.884103+00:00", "symbol": "BTC-USD"}, {"trade_id": 849739667, "side": "buy", "size": "0.00000351", "price": "116683.95000000", "time": "2025-07-15T16:19:18.638211Z", "fetched_at": "2025-07-15T16:20:18.884103+00:00", "symbol": "BTC-USD"}, {"trade_id": 849739666, "side": "sell", "size": "0.00083295", "price": "116683.96000000", "time": "2025-07-15T16:19:17.654830Z", "fetched_at": "2025-07-15T16:20:18.884103+00:00", "symbol": "BTC-USD"}, {"trade_id": 849739665, "side": "sell", "size": "0.00000235", "price": "116683.96000000", "time": "2025-07-15T16:19:17.254533Z", "fetched_at": "2025-07-15T16:20:18.884103+00:00", "symbol": "BTC-USD"}, {"trade_id": 849739664, "side": "sell", "size": "0.00016934", "price": "116683.96000000", "time": "2025-07-15T16:19:16.550583Z", "fetched_at": "2025-07-15T16:20:18.884103+00:00", "symbol": "BTC-USD"}, {"trade_id": 849739663, "side": "sell", "size": "0.00008131", "price": "116683.96000000", "time": "2025-07-15T16:19:16.410674Z", "fetched_at": "2025-07-15T16:20:18.884103+00:00", "symbol": "BTC-USD"}, {"trade_id": 849739662, "side": "sell", "size": "0.00813150", "price": "116683.96000000", "time": "2025-07-15T16:19:15.848820Z", "fetched_at": "2025-07-15T16:20:18.884103+00:00", "symbol": "BTC-USD"}, {"trade_id": 849739661, "side": "sell", "size": "0.00199178", "price": "116683.96000000", "time": "2025-07-15T16:19:15.834732Z", "fetched_at": "2025-07-15T16:20:18.884103+00:00", "symbol": "BTC-USD"}, {"trade_id": 849739660, "side": "sell", "size": "0.00000664", "price": "116683.96000000", "time": "2025-07-15T16:19:15.834732Z", "fetched_at": "2025-07-15T16:20:18.884103+00:00", "symbol": "BTC-USD"}, {"trade_id": 849739659, "side": "sell", "size": "0.00015012", "price": "116687.90000000", "time": "2025-07-15T16:19:15.091334Z", "fetched_at": "2025-07-15T16:20:18.884103+00:00", "symbol": "BTC-USD"}, {"trade_id": 849739658, "side": "sell", "size": "0.00024381", "price": "116696.81000000", "time": "2025-07-15T16:19:14.784340Z", "fetched_at": "2025-07-15T16:20:18.884103+00:00", "symbol": "BTC-USD"}, {"trade_id": 849739657, "side": "sell", "size": "0.00041449", "price": "116698.71000000", "time": "2025-07-15T16:19:14.406804Z", "fetched_at": "2025-07-15T16:20:18.884103+00:00", "symbol": "BTC-USD"}, {"trade_id": 849739656, "side": "buy", "size": "0.00070389", "price": "116674.71000000", "time": "2025-07-15T16:19:13.582093Z", "fetched_at": "2025-07-15T16:20:18.884103+00:00", "symbol": "BTC-USD"}, {"trade_id": 849739655, "side": "sell", "size": "0.20809735", "price": "116694.00000000", "time": "2025-07-15T16:19:12.738362Z", "fetched_at": "2025-07-15T16:20:18.884103+00:00", "symbol": "BTC-USD"}, {"trade_id": 849739654, "side": "sell", "size": "0.00000955", "price": "116693.99000000", "time": "2025-07-15T16:19:12.738362Z", "fetched_at": "2025-07-15T16:20:18.884103+00:00", "symbol": "BTC-USD"}, {"trade_id": 849739653, "side": "sell", "size": "0.00001170", "price": "116693.87000000", "time": "2025-07-15T16:19:12.738362Z", "fetched_at": "2025-07-15T16:20:18.884103+00:00", "symbol": "BTC-USD"}, {"trade_id": 849739652, "side": "sell", "size": "0.00444844", "price": "116694.12000000", "time": "2025-07-15T16:19:12.223961Z", "fetched_at": "2025-07-15T16:20:18.884103+00:00", "symbol": "BTC-USD"}, {"trade_id": 849739651, "side": "sell", "size": "0.00191283", "price": "116694.12000000", "time": "2025-07-15T16:19:12.223961Z", "fetched_at": "2025-07-15T16:20:18.884103+00:00", "symbol": "BTC-USD"}, {"trade_id": 849739650, "side": "sell", "size": "0.00000940", "price": "116694.11000000", "time": "2025-07-15T16:19:12.223961Z", "fetched_at": "2025-07-15T16:20:18.884103+00:00", "symbol": "BTC-USD"}, {"trade_id": 849739649, "side": "buy", "size": "0.00003722", "price": "116673.12000000", "time": "2025-07-15T16:19:12.094788Z", "fetched_at": "2025-07-15T16:20:18.884103+00:00", "symbol": "BTC-USD"}, {"trade_id": 849739648, "side": "buy", "size": "0.00000128", "price": "116681.48000000", "time": "2025-07-15T16:19:12.094788Z", "fetched_at": "2025-07-15T16:20:18.884103+00:00", "symbol": "BTC-USD"}, {"trade_id": 849739647, "side": "buy", "size": "0.00000437", "price": "116686.23000000", "time": "2025-07-15T16:19:12.094788Z", "fetched_at": "2025-07-15T16:20:18.884103+00:00", "symbol": "BTC-USD"}, {"trade_id": 849739646, "side": "sell", "size": "0.00082308", "price": "116694.24000000", "time": "2025-07-15T16:19:11.889128Z", "fetched_at": "2025-07-15T16:20:18.884103+00:00", "symbol": "BTC-USD"}, {"trade_id": 849739645, "side": "sell", "size": "0.00000965", "price": "116694.23000000", "time": "2025-07-15T16:19:11.889128Z", "fetched_at": "2025-07-15T16:20:18.884103+00:00", "symbol": "BTC-USD"}, {"trade_id": 849739644, "side": "sell", "size": "0.00078033", "price": "116694.29000000", "time": "2025-07-15T16:19:11.378505Z", "fetched_at": "2025-07-15T16:20:18.884103+00:00", "symbol": "BTC-USD"}, {"trade_id": 849739643, "side": "sell", "size": "0.00000967", "price": "116694.29000000", "time": "2025-07-15T16:19:11.378505Z", "fetched_at": "2025-07-15T16:20:18.884103+00:00", "symbol": "BTC-USD"}, {"trade_id": 849739642, "side": "sell", "size": "0.00004627", "price": "116694.35000000", "time": "2025-07-15T16:19:11.023682Z", "fetched_at": "2025-07-15T16:20:18.884103+00:00", "symbol": "BTC-USD"}, {"trade_id": 849739641, "side": "sell", "size": "0.00001124", "price": "116694.34000000", "time": "2025-07-15T16:19:11.023682Z", "fetched_at": "2025-07-15T16:20:18.884103+00:00", "symbol": "BTC-USD"}, {"trade_id": 849739640, "side": "sell", "size": "0.00001000", "price": "116690.00000000", "time": "2025-07-15T16:19:11.023682Z", "fetched_at": "2025-07-15T16:20:18.884103+00:00", "symbol": "BTC-USD"}, {"trade_id": 849739639, "side": "sell", "size": "0.00000359", "price": "116687.99000000", "time": "2025-07-15T16:19:11.023682Z", "fetched_at": "2025-07-15T16:20:18.884103+00:00", "symbol": "BTC-USD"}, {"trade_id": 849739638, "side": "sell", "size": "0.00001166", "price": "116687.99000000", "time": "2025-07-15T16:19:11.023682Z", "fetched_at": "2025-07-15T16:20:18.884103+00:00", "symbol": "BTC-USD"}, {"trade_id": 849739637, "side": "sell", "size": "0.00000832", "price": "116682.92000000", "time": "2025-07-15T16:19:10.106223Z", "fetched_at": "2025-07-15T16:20:18.884103+00:00", "symbol": "BTC-USD"}, {"trade_id": 849739636, "side": "sell", "size": "0.07098775", "price": "116682.92000000", "time": "2025-07-15T16:19:09.868885Z", "fetched_at": "2025-07-15T16:20:18.884103+00:00", "symbol": "BTC-USD"}, {"trade_id": 849739635, "side": "sell", "size": "0.00001225", "price": "116682.91000000", "time": "2025-07-15T16:19:09.868885Z", "fetched_at": "2025-07-15T16:20:18.884103+00:00", "symbol": "BTC-USD"}, {"trade_id": 849739634, "side": "sell", "size": "0.00002231", "price": "116682.36000000", "time": "2025-07-15T16:19:09.402320Z", "fetched_at": "2025-07-15T16:20:18.884103+00:00", "symbol": "BTC-USD"}, {"trade_id": 849739633, "side": "sell", "size": "0.00016661", "price": "116682.36000000", "time": "2025-07-15T16:19:09.301409Z", "fetched_at": "2025-07-15T16:20:18.884103+00:00", "symbol": "BTC-USD"}, {"trade_id": 849739632, "side": "sell", "size": "0.00416567", "price": "116682.36000000", "time": "2025-07-15T16:19:09.001445Z", "fetched_at": "2025-07-15T16:20:18.884103+00:00", "symbol": "BTC-USD"}, {"trade_id": 849739631, "side": "sell", "size": "0.00005287", "price": "116682.36000000", "time": "2025-07-15T16:19:08.865412Z", "fetched_at": "2025-07-15T16:20:18.884103+00:00", "symbol": "BTC-USD"}, {"trade_id": 849739630, "side": "sell", "size": "0.00001000", "price": "116681.25000000", "time": "2025-07-15T16:19:08.865412Z", "fetched_at": "2025-07-15T16:20:18.884103+00:00", "symbol": "BTC-USD"}, {"trade_id": 849739629, "side": "sell", "size": "0.00012713", "price": "116672.50000000", "time": "2025-07-15T16:19:08.865412Z", "fetched_at": "2025-07-15T16:20:18.884103+00:00", "symbol": "BTC-USD"}, {"trade_id": 849739628, "side": "sell", "size": "0.00001000", "price": "116672.50000000", "time": "2025-07-15T16:19:08.865412Z", "fetched_at": "2025-07-15T16:20:18.884103+00:00", "symbol": "BTC-USD"}, {"trade_id": 849739627, "side": "sell", "size": "0.00061549", "price": "116668.00000000", "time": "2025-07-15T16:19:08.456744Z", "fetched_at": "2025-07-15T16:20:18.884103+00:00", "symbol": "BTC-USD"}, {"trade_id": 849739626, "side": "sell", "size": "0.00021755", "price": "116668.00000000", "time": "2025-07-15T16:19:08.456744Z", "fetched_at": "2025-07-15T16:20:18.884103+00:00", "symbol": "BTC-USD"}, {"trade_id": 849739625, "side": "buy", "size": "0.01860515", "price": "116656.32000000", "time": "2025-07-15T16:19:07.821549Z", "fetched_at": "2025-07-15T16:20:18.884103+00:00", "symbol": "BTC-USD"}, {"trade_id": 849739624, "side": "buy", "size": "0.25710046", "price": "116658.22000000", "time": "2025-07-15T16:19:07.821549Z", "fetched_at": "2025-07-15T16:20:18.884103+00:00", "symbol": "BTC-USD"}, {"trade_id": 849739623, "side": "buy", "size": "0.06966203", "price": "116658.23000000", "time": "2025-07-15T16:19:07.821549Z", "fetched_at": "2025-07-15T16:20:18.884103+00:00", "symbol": "BTC-USD"}, {"trade_id": 849739622, "side": "buy", "size": "0.00000668", "price": "116658.23000000", "time": "2025-07-15T16:19:07.821549Z", "fetched_at": "2025-07-15T16:20:18.884103+00:00", "symbol": "BTC-USD"}, {"trade_id": 849739621, "side": "buy", "size": "0.00690317", "price": "116658.49000000", "time": "2025-07-15T16:19:07.821549Z", "fetched_at": "2025-07-15T16:20:18.884103+00:00", "symbol": "BTC-USD"}, {"trade_id": 849739620, "side": "buy", "size": "0.00002218", "price": "116666.24000000", "time": "2025-07-15T16:19:07.821549Z", "fetched_at": "2025-07-15T16:20:18.884103+00:00", "symbol": "BTC-USD"}, {"trade_id": 849739619, "side": "buy", "size": "0.00857146", "price": "116666.24000000", "time": "2025-07-15T16:19:07.821549Z", "fetched_at": "2025-07-15T16:20:18.884103+00:00", "symbol": "BTC-USD"}, {"trade_id": 849739618, "side": "buy", "size": "0.00009429", "price": "116666.25000000", "time": "2025-07-15T16:19:07.821549Z", "fetched_at": "2025-07-15T16:20:18.884103+00:00", "symbol": "BTC-USD"}, {"trade_id": 849739617, "side": "buy", "size": "0.00157000", "price": "116667.99000000", "time": "2025-07-15T16:19:07.821549Z", "fetched_at": "2025-07-15T16:20:18.884103+00:00", "symbol": "BTC-USD"}, {"trade_id": 849739616, "side": "sell", "size": "0.00082372", "price": "116668.00000000", "time": "2025-07-15T16:19:07.524819Z", "fetched_at": "2025-07-15T16:20:18.884103+00:00", "symbol": "BTC-USD"}, {"trade_id": 849739615, "side": "sell", "size": "0.00000897", "price": "116668.00000000", "time": "2025-07-15T16:19:07.524819Z", "fetched_at": "2025-07-15T16:20:18.884103+00:00", "symbol": "BTC-USD"}, {"trade_id": 849739614, "side": "sell", "size": "0.00000962", "price": "116666.34000000", "time": "2025-07-15T16:19:06.799071Z", "fetched_at": "2025-07-15T16:20:18.884103+00:00", "symbol": "BTC-USD"}, {"trade_id": 849739613, "side": "sell", "size": "0.00638924", "price": "116668.00000000", "time": "2025-07-15T16:19:06.772620Z", "fetched_at": "2025-07-15T16:20:18.884103+00:00", "symbol": "BTC-USD"}, {"trade_id": 849739612, "side": "sell", "size": "0.00000962", "price": "116668.00000000", "time": "2025-07-15T16:19:06.769192Z", "fetched_at": "2025-07-15T16:20:18.884103+00:00", "symbol": "BTC-USD"}, {"trade_id": 849739611, "side": "sell", "size": "0.00637962", "price": "116668.00000000", "time": "2025-07-15T16:19:06.766115Z", "fetched_at": "2025-07-15T16:20:18.884103+00:00", "symbol": "BTC-USD"}, {"trade_id": 849739610, "side": "sell", "size": "0.00000962", "price": "116667.99000000", "time": "2025-07-15T16:19:06.766115Z", "fetched_at": "2025-07-15T16:20:18.884103+00:00", "symbol": "BTC-USD"}, {"trade_id": 849739609, "side": "sell", "size": "0.00002066", "price": "116665.99000000", "time": "2025-07-15T16:19:06.736908Z", "fetched_at": "2025-07-15T16:20:18.884103+00:00", "symbol": "BTC-USD"}, {"trade_id": 849739608, "side": "sell", "size": "0.00003101", "price": "116667.05000000", "time": "2025-07-15T16:19:06.704803Z", "fetched_at": "2025-07-15T16:20:18.884103+00:00", "symbol": "BTC-USD"}, {"trade_id": 849739607, "side": "sell", "size": "0.02749450", "price": "116666.00000000", "time": "2025-07-15T16:19:06.662902Z", "fetched_at": "2025-07-15T16:20:18.884103+00:00", "symbol": "BTC-USD"}, {"trade_id": 849739606, "side": "sell", "size": "0.00464873", "price": "116665.98000000", "time": "2025-07-15T16:19:06.662902Z", "fetched_at": "2025-07-15T16:20:18.884103+00:00", "symbol": "BTC-USD"}, {"trade_id": 849739605, "side": "sell", "size": "0.00000962", "price": "116665.97000000", "time": "2025-07-15T16:19:06.662902Z", "fetched_at": "2025-07-15T16:20:18.884103+00:00", "symbol": "BTC-USD"}, {"trade_id": 849739604, "side": "buy", "size": "0.00043278", "price": "116654.38000000", "time": "2025-07-15T16:19:06.543167Z", "fetched_at": "2025-07-15T16:20:18.884103+00:00", "symbol": "BTC-USD"}, {"trade_id": 849739603, "side": "sell", "size": "0.00000977", "price": "116663.99000000", "time": "2025-07-15T16:19:06.467794Z", "fetched_at": "2025-07-15T16:20:18.884103+00:00", "symbol": "BTC-USD"}, {"trade_id": 849739602, "side": "sell", "size": "0.00491514", "price": "116663.68000000", "time": "2025-07-15T16:19:06.464347Z", "fetched_at": "2025-07-15T16:20:18.884103+00:00", "symbol": "BTC-USD"}, {"trade_id": 849739601, "side": "sell", "size": "0.00894271", "price": "116664.00000000", "time": "2025-07-15T16:19:06.460367Z", "fetched_at": "2025-07-15T16:20:18.884103+00:00", "symbol": "BTC-USD"}, {"trade_id": 849739600, "side": "sell", "size": "0.06948153", "price": "116664.00000000", "time": "2025-07-15T16:19:06.455612Z", "fetched_at": "2025-07-15T16:20:18.884103+00:00", "symbol": "BTC-USD"}, {"trade_id": 849739599, "side": "sell", "size": "0.00000977", "price": "116663.99000000", "time": "2025-07-15T16:19:06.455612Z", "fetched_at": "2025-07-15T16:20:18.884103+00:00", "symbol": "BTC-USD"}, {"trade_id": 849739598, "side": "sell", "size": "0.00001000", "price": "116663.75000000", "time": "2025-07-15T16:19:06.455612Z", "fetched_at": "2025-07-15T16:20:18.884103+00:00", "symbol": "BTC-USD"}, {"trade_id": 849739597, "side": "sell", "size": "0.00427263", "price": "116663.70000000", "time": "2025-07-15T16:19:06.362893Z", "fetched_at": "2025-07-15T16:20:18.884103+00:00", "symbol": "BTC-USD"}, {"trade_id": 849739596, "side": "sell", "size": "0.00000977", "price": "116663.69000000", "time": "2025-07-15T16:19:06.362893Z", "fetched_at": "2025-07-15T16:20:18.884103+00:00", "symbol": "BTC-USD"}, {"trade_id": 849739595, "side": "sell", "size": "0.00003265", "price": "116663.72000000", "time": "2025-07-15T16:19:06.343727Z", "fetched_at": "2025-07-15T16:20:18.884103+00:00", "symbol": "BTC-USD"}, {"trade_id": 849739594, "side": "sell", "size": "0.00000977", "price": "116663.71000000", "time": "2025-07-15T16:19:06.343727Z", "fetched_at": "2025-07-15T16:20:18.884103+00:00", "symbol": "BTC-USD"}, {"trade_id": 849739593, "side": "sell", "size": "0.22922322", "price": "116655.00000000", "time": "2025-07-15T16:19:06.210879Z", "fetched_at": "2025-07-15T16:20:18.884103+00:00", "symbol": "BTC-USD"}, {"trade_id": 849739592, "side": "sell", "size": "0.00000068", "price": "116654.58000000", "time": "2025-07-15T16:19:06.206431Z", "fetched_at": "2025-07-15T16:20:18.884103+00:00", "symbol": "BTC-USD"}, {"trade_id": 849739591, "side": "sell", "size": "0.00002997", "price": "116654.24000000", "time": "2025-07-15T16:19:06.206431Z", "fetched_at": "2025-07-15T16:20:18.884103+00:00", "symbol": "BTC-USD"}, {"trade_id": 849739590, "side": "sell", "size": "0.00282386", "price": "116654.23000000", "time": "2025-07-15T16:19:06.206431Z", "fetched_at": "2025-07-15T16:20:18.884103+00:00", "symbol": "BTC-USD"}, {"trade_id": 849739589, "side": "sell", "size": "0.00000864", "price": "116654.22000000", "time": "2025-07-15T16:19:06.206431Z", "fetched_at": "2025-07-15T16:20:18.884103+00:00", "symbol": "BTC-USD"}, {"trade_id": 849739588, "side": "sell", "size": "0.00002997", "price": "116654.23000000", "time": "2025-07-15T16:19:06.202994Z", "fetched_at": "2025-07-15T16:20:18.884103+00:00", "symbol": "BTC-USD"}, {"trade_id": 849739587, "side": "sell", "size": "0.00050355", "price": "116649.81000000", "time": "2025-07-15T16:19:06.108652Z", "fetched_at": "2025-07-15T16:20:18.884103+00:00", "symbol": "BTC-USD"}, {"trade_id": 849739586, "side": "sell", "size": "0.01075804", "price": "116653.00000000", "time": "2025-07-15T16:19:05.826358Z", "fetched_at": "2025-07-15T16:20:18.884103+00:00", "symbol": "BTC-USD"}, {"trade_id": 849739585, "side": "sell", "size": "0.00018757", "price": "116652.06000000", "time": "2025-07-15T16:19:05.826358Z", "fetched_at": "2025-07-15T16:20:18.884103+00:00", "symbol": "BTC-USD"}, {"trade_id": 849739584, "side": "sell", "size": "0.00985425", "price": "116652.05000000", "time": "2025-07-15T16:19:05.826358Z", "fetched_at": "2025-07-15T16:20:18.884103+00:00", "symbol": "BTC-USD"}, {"trade_id": 849739583, "side": "sell", "size": "0.00001109", "price": "116652.04000000", "time": "2025-07-15T16:19:05.826358Z", "fetched_at": "2025-07-15T16:20:18.884103+00:00", "symbol": "BTC-USD"}, {"trade_id": 849739582, "side": "sell", "size": "0.00015891", "price": "116652.02000000", "time": "2025-07-15T16:19:05.661416Z", "fetched_at": "2025-07-15T16:20:18.884103+00:00", "symbol": "BTC-USD"}, {"trade_id": 849739581, "side": "sell", "size": "0.00001109", "price": "116652.01000000", "time": "2025-07-15T16:19:05.661416Z", "fetched_at": "2025-07-15T16:20:18.884103+00:00", "symbol": "BTC-USD"}, {"trade_id": 849739580, "side": "sell", "size": "0.00976583", "price": "116652.14000000", "time": "2025-07-15T16:19:04.905101Z", "fetched_at": "2025-07-15T16:20:18.884103+00:00", "symbol": "BTC-USD"}, {"trade_id": 849739579, "side": "sell", "size": "0.00170592", "price": "116652.14000000", "time": "2025-07-15T16:19:04.898747Z", "fetched_at": "2025-07-15T16:20:18.884103+00:00", "symbol": "BTC-USD"}