[{"trade_id": 849687478, "side": "sell", "size": "0.01192445", "price": "116147.24000000", "time": "2025-07-15T15:20:15.017399Z", "fetched_at": "2025-07-15T15:20:18.344970+00:00", "symbol": "BTC-USD"}, {"trade_id": 849687477, "side": "sell", "size": "0.00789516", "price": "116147.24000000", "time": "2025-07-15T15:20:14.995978Z", "fetched_at": "2025-07-15T15:20:18.344970+00:00", "symbol": "BTC-USD"}, {"trade_id": 849687476, "side": "sell", "size": "0.02529621", "price": "116147.24000000", "time": "2025-07-15T15:20:14.985986Z", "fetched_at": "2025-07-15T15:20:18.344970+00:00", "symbol": "BTC-USD"}, {"trade_id": 849687475, "side": "sell", "size": "0.00952485", "price": "116147.24000000", "time": "2025-07-15T15:20:14.972605Z", "fetched_at": "2025-07-15T15:20:18.344970+00:00", "symbol": "BTC-USD"}, {"trade_id": 849687474, "side": "sell", "size": "0.01511616", "price": "116147.24000000", "time": "2025-07-15T15:20:14.968754Z", "fetched_at": "2025-07-15T15:20:18.344970+00:00", "symbol": "BTC-USD"}, {"trade_id": 849687473, "side": "sell", "size": "0.07826227", "price": "116147.24000000", "time": "2025-07-15T15:20:14.951895Z", "fetched_at": "2025-07-15T15:20:18.344970+00:00", "symbol": "BTC-USD"}, {"trade_id": 849687472, "side": "sell", "size": "0.02001184", "price": "116147.24000000", "time": "2025-07-15T15:20:14.878671Z", "fetched_at": "2025-07-15T15:20:18.344970+00:00", "symbol": "BTC-USD"}, {"trade_id": 849687471, "side": "sell", "size": "0.08777984", "price": "116147.24000000", "time": "2025-07-15T15:20:14.846583Z", "fetched_at": "2025-07-15T15:20:18.344970+00:00", "symbol": "BTC-USD"}, {"trade_id": 849687470, "side": "sell", "size": "0.02493052", "price": "116147.24000000", "time": "2025-07-15T15:20:14.738717Z", "fetched_at": "2025-07-15T15:20:18.344970+00:00", "symbol": "BTC-USD"}, {"trade_id": 849687469, "side": "sell", "size": "0.01659335", "price": "116147.24000000", "time": "2025-07-15T15:20:14.707595Z", "fetched_at": "2025-07-15T15:20:18.344970+00:00", "symbol": "BTC-USD"}, {"trade_id": 849687468, "side": "sell", "size": "0.01437151", "price": "116147.24000000", "time": "2025-07-15T15:20:14.677947Z", "fetched_at": "2025-07-15T15:20:18.344970+00:00", "symbol": "BTC-USD"}, {"trade_id": 849687467, "side": "sell", "size": "0.01893605", "price": "116147.24000000", "time": "2025-07-15T15:20:14.651596Z", "fetched_at": "2025-07-15T15:20:18.344970+00:00", "symbol": "BTC-USD"}, {"trade_id": 849687466, "side": "sell", "size": "0.03473201", "price": "116147.24000000", "time": "2025-07-15T15:20:14.629476Z", "fetched_at": "2025-07-15T15:20:18.344970+00:00", "symbol": "BTC-USD"}, {"trade_id": 849687465, "side": "sell", "size": "0.03438948", "price": "116147.24000000", "time": "2025-07-15T15:20:14.596998Z", "fetched_at": "2025-07-15T15:20:18.344970+00:00", "symbol": "BTC-USD"}, {"trade_id": 849687464, "side": "sell", "size": "0.01487580", "price": "116147.24000000", "time": "2025-07-15T15:20:14.594313Z", "fetched_at": "2025-07-15T15:20:18.344970+00:00", "symbol": "BTC-USD"}, {"trade_id": 849687463, "side": "sell", "size": "0.03322499", "price": "116147.24000000", "time": "2025-07-15T15:20:14.578182Z", "fetched_at": "2025-07-15T15:20:18.344970+00:00", "symbol": "BTC-USD"}, {"trade_id": 849687462, "side": "sell", "size": "0.02038345", "price": "116147.24000000", "time": "2025-07-15T15:20:14.573722Z", "fetched_at": "2025-07-15T15:20:18.344970+00:00", "symbol": "BTC-USD"}, {"trade_id": 849687461, "side": "sell", "size": "0.01197230", "price": "116147.24000000", "time": "2025-07-15T15:20:14.562893Z", "fetched_at": "2025-07-15T15:20:18.344970+00:00", "symbol": "BTC-USD"}, {"trade_id": 849687460, "side": "sell", "size": "0.01200800", "price": "116147.24000000", "time": "2025-07-15T15:20:14.550665Z", "fetched_at": "2025-07-15T15:20:18.344970+00:00", "symbol": "BTC-USD"}, {"trade_id": 849687459, "side": "sell", "size": "0.01949211", "price": "116147.24000000", "time": "2025-07-15T15:20:14.538111Z", "fetched_at": "2025-07-15T15:20:18.344970+00:00", "symbol": "BTC-USD"}, {"trade_id": 849687458, "side": "sell", "size": "0.02131845", "price": "116147.24000000", "time": "2025-07-15T15:20:14.523374Z", "fetched_at": "2025-07-15T15:20:18.344970+00:00", "symbol": "BTC-USD"}, {"trade_id": 849687457, "side": "sell", "size": "0.05965426", "price": "116147.24000000", "time": "2025-07-15T15:20:14.479341Z", "fetched_at": "2025-07-15T15:20:18.344970+00:00", "symbol": "BTC-USD"}, {"trade_id": 849687456, "side": "sell", "size": "0.02052410", "price": "116147.24000000", "time": "2025-07-15T15:20:14.402985Z", "fetched_at": "2025-07-15T15:20:18.344970+00:00", "symbol": "BTC-USD"}, {"trade_id": 849687455, "side": "sell", "size": "0.01388320", "price": "116147.24000000", "time": "2025-07-15T15:20:14.357859Z", "fetched_at": "2025-07-15T15:20:18.344970+00:00", "symbol": "BTC-USD"}, {"trade_id": 849687454, "side": "sell", "size": "0.01737450", "price": "116147.24000000", "time": "2025-07-15T15:20:14.338791Z", "fetched_at": "2025-07-15T15:20:18.344970+00:00", "symbol": "BTC-USD"}, {"trade_id": 849687453, "side": "sell", "size": "0.01802083", "price": "116147.24000000", "time": "2025-07-15T15:20:14.334946Z", "fetched_at": "2025-07-15T15:20:18.344970+00:00", "symbol": "BTC-USD"}, {"trade_id": 849687452, "side": "sell", "size": "0.02466956", "price": "116147.24000000", "time": "2025-07-15T15:20:14.331200Z", "fetched_at": "2025-07-15T15:20:18.344970+00:00", "symbol": "BTC-USD"}, {"trade_id": 849687451, "side": "sell", "size": "0.01237724", "price": "116147.24000000", "time": "2025-07-15T15:20:14.316517Z", "fetched_at": "2025-07-15T15:20:18.344970+00:00", "symbol": "BTC-USD"}, {"trade_id": 849687450, "side": "sell", "size": "0.01888128", "price": "116147.24000000", "time": "2025-07-15T15:20:14.305153Z", "fetched_at": "2025-07-15T15:20:18.344970+00:00", "symbol": "BTC-USD"}, {"trade_id": 849687449, "side": "sell", "size": "0.01290367", "price": "116147.24000000", "time": "2025-07-15T15:20:14.302666Z", "fetched_at": "2025-07-15T15:20:18.344970+00:00", "symbol": "BTC-USD"}, {"trade_id": 849687448, "side": "sell", "size": "0.01654942", "price": "116147.24000000", "time": "2025-07-15T15:20:14.282014Z", "fetched_at": "2025-07-15T15:20:18.344970+00:00", "symbol": "BTC-USD"}, {"trade_id": 849687447, "side": "sell", "size": "0.02425405", "price": "116147.24000000", "time": "2025-07-15T15:20:14.235426Z", "fetched_at": "2025-07-15T15:20:18.344970+00:00", "symbol": "BTC-USD"}, {"trade_id": 849687446, "side": "sell", "size": "0.00043061", "price": "116147.24000000", "time": "2025-07-15T15:20:14.232147Z", "fetched_at": "2025-07-15T15:20:18.344970+00:00", "symbol": "BTC-USD"}, {"trade_id": 849687445, "side": "buy", "size": "0.01467355", "price": "116151.72000000", "time": "2025-07-15T15:20:14.226311Z", "fetched_at": "2025-07-15T15:20:18.344970+00:00", "symbol": "BTC-USD"}, {"trade_id": 849687444, "side": "buy", "size": "0.00041000", "price": "116151.72000000", "time": "2025-07-15T15:20:14.225570Z", "fetched_at": "2025-07-15T15:20:18.344970+00:00", "symbol": "BTC-USD"}, {"trade_id": 849687443, "side": "buy", "size": "0.00041000", "price": "116151.72000000", "time": "2025-07-15T15:20:14.225397Z", "fetched_at": "2025-07-15T15:20:18.344970+00:00", "symbol": "BTC-USD"}, {"trade_id": 849687442, "side": "buy", "size": "0.02309716", "price": "116151.72000000", "time": "2025-07-15T15:20:14.225389Z", "fetched_at": "2025-07-15T15:20:18.344970+00:00", "symbol": "BTC-USD"}, {"trade_id": 849687441, "side": "buy", "size": "0.00002156", "price": "116152.80000000", "time": "2025-07-15T15:20:14.225389Z", "fetched_at": "2025-07-15T15:20:18.344970+00:00", "symbol": "BTC-USD"}, {"trade_id": 849687440, "side": "buy", "size": "0.00001000", "price": "116159.12000000", "time": "2025-07-15T15:20:14.222154Z", "fetched_at": "2025-07-15T15:20:18.344970+00:00", "symbol": "BTC-USD"}, {"trade_id": 849687439, "side": "sell", "size": "0.00272341", "price": "116159.13000000", "time": "2025-07-15T15:20:14.179526Z", "fetched_at": "2025-07-15T15:20:18.344970+00:00", "symbol": "BTC-USD"}, {"trade_id": 849687438, "side": "sell", "size": "0.00272341", "price": "116159.13000000", "time": "2025-07-15T15:20:14.165824Z", "fetched_at": "2025-07-15T15:20:18.344970+00:00", "symbol": "BTC-USD"}, {"trade_id": 849687437, "side": "sell", "size": "0.01151145", "price": "116159.13000000", "time": "2025-07-15T15:20:14.146905Z", "fetched_at": "2025-07-15T15:20:18.344970+00:00", "symbol": "BTC-USD"}, {"trade_id": 849687436, "side": "sell", "size": "0.00072652", "price": "116159.13000000", "time": "2025-07-15T15:20:14.146519Z", "fetched_at": "2025-07-15T15:20:18.344970+00:00", "symbol": "BTC-USD"}, {"trade_id": 849687435, "side": "sell", "size": "0.00072652", "price": "116159.13000000", "time": "2025-07-15T15:20:14.136790Z", "fetched_at": "2025-07-15T15:20:18.344970+00:00", "symbol": "BTC-USD"}, {"trade_id": 849687434, "side": "sell", "size": "0.00362750", "price": "116159.13000000", "time": "2025-07-15T15:20:14.117945Z", "fetched_at": "2025-07-15T15:20:18.344970+00:00", "symbol": "BTC-USD"}, {"trade_id": 849687433, "side": "sell", "size": "0.00860887", "price": "116159.13000000", "time": "2025-07-15T15:20:14.022489Z", "fetched_at": "2025-07-15T15:20:18.344970+00:00", "symbol": "BTC-USD"}, {"trade_id": 849687432, "side": "sell", "size": "0.01776476", "price": "116159.13000000", "time": "2025-07-15T15:20:14.005250Z", "fetched_at": "2025-07-15T15:20:18.344970+00:00", "symbol": "BTC-USD"}, {"trade_id": 849687431, "side": "sell", "size": "0.02051704", "price": "116159.13000000", "time": "2025-07-15T15:20:13.985746Z", "fetched_at": "2025-07-15T15:20:18.344970+00:00", "symbol": "BTC-USD"}, {"trade_id": 849687430, "side": "sell", "size": "0.01914987", "price": "116159.13000000", "time": "2025-07-15T15:20:13.963069Z", "fetched_at": "2025-07-15T15:20:18.344970+00:00", "symbol": "BTC-USD"}, {"trade_id": 849687429, "side": "sell", "size": "0.01059329", "price": "116159.13000000", "time": "2025-07-15T15:20:13.911570Z", "fetched_at": "2025-07-15T15:20:18.344970+00:00", "symbol": "BTC-USD"}, {"trade_id": 849687428, "side": "sell", "size": "0.01059329", "price": "116159.13000000", "time": "2025-07-15T15:20:13.907795Z", "fetched_at": "2025-07-15T15:20:18.344970+00:00", "symbol": "BTC-USD"}, {"trade_id": 849687427, "side": "sell", "size": "0.00132959", "price": "116159.13000000", "time": "2025-07-15T15:20:13.903732Z", "fetched_at": "2025-07-15T15:20:18.344970+00:00", "symbol": "BTC-USD"}, {"trade_id": 849687426, "side": "sell", "size": "0.00132959", "price": "116159.13000000", "time": "2025-07-15T15:20:13.896039Z", "fetched_at": "2025-07-15T15:20:18.344970+00:00", "symbol": "BTC-USD"}, {"trade_id": 849687425, "side": "sell", "size": "0.00132959", "price": "116159.13000000", "time": "2025-07-15T15:20:13.891869Z", "fetched_at": "2025-07-15T15:20:18.344970+00:00", "symbol": "BTC-USD"}, {"trade_id": 849687424, "side": "sell", "size": "0.00132959", "price": "116159.13000000", "time": "2025-07-15T15:20:13.882171Z", "fetched_at": "2025-07-15T15:20:18.344970+00:00", "symbol": "BTC-USD"}, {"trade_id": 849687423, "side": "buy", "size": "0.24000000", "price": "116166.38000000", "time": "2025-07-15T15:20:13.800265Z", "fetched_at": "2025-07-15T15:20:18.344970+00:00", "symbol": "BTC-USD"}, {"trade_id": 849687422, "side": "buy", "size": "0.11188192", "price": "116166.38000000", "time": "2025-07-15T15:20:13.800265Z", "fetched_at": "2025-07-15T15:20:18.344970+00:00", "symbol": "BTC-USD"}, {"trade_id": 849687421, "side": "buy", "size": "0.04841000", "price": "116166.38000000", "time": "2025-07-15T15:20:13.795265Z", "fetched_at": "2025-07-15T15:20:18.344970+00:00", "symbol": "BTC-USD"}, {"trade_id": 849687420, "side": "buy", "size": "0.02731000", "price": "116166.38000000", "time": "2025-07-15T15:20:13.794303Z", "fetched_at": "2025-07-15T15:20:18.344970+00:00", "symbol": "BTC-USD"}, {"trade_id": 849687419, "side": "buy", "size": "0.07762000", "price": "116166.38000000", "time": "2025-07-15T15:20:13.703147Z", "fetched_at": "2025-07-15T15:20:18.344970+00:00", "symbol": "BTC-USD"}, {"trade_id": 849687418, "side": "buy", "size": "0.00044000", "price": "116166.38000000", "time": "2025-07-15T15:20:13.699448Z", "fetched_at": "2025-07-15T15:20:18.344970+00:00", "symbol": "BTC-USD"}, {"trade_id": 849687417, "side": "buy", "size": "0.00862000", "price": "116166.38000000", "time": "2025-07-15T15:20:13.699373Z", "fetched_at": "2025-07-15T15:20:18.344970+00:00", "symbol": "BTC-USD"}, {"trade_id": 849687416, "side": "buy", "size": "0.00049000", "price": "116166.38000000", "time": "2025-07-15T15:20:13.699342Z", "fetched_at": "2025-07-15T15:20:18.344970+00:00", "symbol": "BTC-USD"}, {"trade_id": 849687415, "side": "buy", "size": "0.00096000", "price": "116166.38000000", "time": "2025-07-15T15:20:13.699283Z", "fetched_at": "2025-07-15T15:20:18.344970+00:00", "symbol": "BTC-USD"}, {"trade_id": 849687414, "side": "sell", "size": "0.00645278", "price": "116166.39000000", "time": "2025-07-15T15:20:13.502173Z", "fetched_at": "2025-07-15T15:20:18.344970+00:00", "symbol": "BTC-USD"}, {"trade_id": 849687413, "side": "sell", "size": "0.00007694", "price": "116166.39000000", "time": "2025-07-15T15:20:13.364826Z", "fetched_at": "2025-07-15T15:20:18.344970+00:00", "symbol": "BTC-USD"}, {"trade_id": 849687412, "side": "sell", "size": "0.01997978", "price": "116166.39000000", "time": "2025-07-15T15:20:12.534797Z", "fetched_at": "2025-07-15T15:20:18.344970+00:00", "symbol": "BTC-USD"}, {"trade_id": 849687411, "side": "sell", "size": "0.02693321", "price": "116166.39000000", "time": "2025-07-15T15:20:12.508128Z", "fetched_at": "2025-07-15T15:20:18.344970+00:00", "symbol": "BTC-USD"}, {"trade_id": 849687410, "side": "sell", "size": "0.00951294", "price": "116166.39000000", "time": "2025-07-15T15:20:12.471583Z", "fetched_at": "2025-07-15T15:20:18.344970+00:00", "symbol": "BTC-USD"}, {"trade_id": 849687409, "side": "sell", "size": "0.00975546", "price": "116166.39000000", "time": "2025-07-15T15:20:12.466866Z", "fetched_at": "2025-07-15T15:20:18.344970+00:00", "symbol": "BTC-USD"}, {"trade_id": 849687408, "side": "sell", "size": "0.00918666", "price": "116166.39000000", "time": "2025-07-15T15:20:12.445408Z", "fetched_at": "2025-07-15T15:20:18.344970+00:00", "symbol": "BTC-USD"}, {"trade_id": 849687407, "side": "sell", "size": "0.01051781", "price": "116166.39000000", "time": "2025-07-15T15:20:12.434138Z", "fetched_at": "2025-07-15T15:20:18.344970+00:00", "symbol": "BTC-USD"}, {"trade_id": 849687406, "side": "sell", "size": "0.00866962", "price": "116166.39000000", "time": "2025-07-15T15:20:12.422122Z", "fetched_at": "2025-07-15T15:20:18.344970+00:00", "symbol": "BTC-USD"}, {"trade_id": 849687405, "side": "sell", "size": "0.04961833", "price": "116166.39000000", "time": "2025-07-15T15:20:12.411765Z", "fetched_at": "2025-07-15T15:20:18.344970+00:00", "symbol": "BTC-USD"}, {"trade_id": 849687404, "side": "sell", "size": "0.00836157", "price": "116166.39000000", "time": "2025-07-15T15:20:12.410469Z", "fetched_at": "2025-07-15T15:20:18.344970+00:00", "symbol": "BTC-USD"}, {"trade_id": 849687403, "side": "sell", "size": "0.02456321", "price": "116166.39000000", "time": "2025-07-15T15:20:12.348003Z", "fetched_at": "2025-07-15T15:20:18.344970+00:00", "symbol": "BTC-USD"}, {"trade_id": 849687402, "side": "sell", "size": "0.01418178", "price": "116166.39000000", "time": "2025-07-15T15:20:12.332904Z", "fetched_at": "2025-07-15T15:20:18.344970+00:00", "symbol": "BTC-USD"}, {"trade_id": 849687401, "side": "sell", "size": "0.01269407", "price": "116166.39000000", "time": "2025-07-15T15:20:12.309538Z", "fetched_at": "2025-07-15T15:20:18.344970+00:00", "symbol": "BTC-USD"}, {"trade_id": 849687400, "side": "sell", "size": "0.01134297", "price": "116166.39000000", "time": "2025-07-15T15:20:12.305301Z", "fetched_at": "2025-07-15T15:20:18.344970+00:00", "symbol": "BTC-USD"}, {"trade_id": 849687399, "side": "sell", "size": "0.01483497", "price": "116166.39000000", "time": "2025-07-15T15:20:12.293713Z", "fetched_at": "2025-07-15T15:20:18.344970+00:00", "symbol": "BTC-USD"}, {"trade_id": 849687398, "side": "sell", "size": "0.01851798", "price": "116166.39000000", "time": "2025-07-15T15:20:12.278567Z", "fetched_at": "2025-07-15T15:20:18.344970+00:00", "symbol": "BTC-USD"}, {"trade_id": 849687397, "side": "sell", "size": "0.01109960", "price": "116166.39000000", "time": "2025-07-15T15:20:12.274417Z", "fetched_at": "2025-07-15T15:20:18.344970+00:00", "symbol": "BTC-USD"}, {"trade_id": 849687396, "side": "sell", "size": "0.01227656", "price": "116166.39000000", "time": "2025-07-15T15:20:12.261248Z", "fetched_at": "2025-07-15T15:20:18.344970+00:00", "symbol": "BTC-USD"}, {"trade_id": 849687395, "side": "sell", "size": "0.01246779", "price": "116166.39000000", "time": "2025-07-15T15:20:12.246901Z", "fetched_at": "2025-07-15T15:20:18.344970+00:00", "symbol": "BTC-USD"}, {"trade_id": 849687394, "side": "sell", "size": "0.02413394", "price": "116166.39000000", "time": "2025-07-15T15:20:12.232518Z", "fetched_at": "2025-07-15T15:20:18.344970+00:00", "symbol": "BTC-USD"}, {"trade_id": 849687393, "side": "sell", "size": "0.02195726", "price": "116166.39000000", "time": "2025-07-15T15:20:12.206893Z", "fetched_at": "2025-07-15T15:20:18.344970+00:00", "symbol": "BTC-USD"}, {"trade_id": 849687392, "side": "sell", "size": "0.02338160", "price": "116166.39000000", "time": "2025-07-15T15:20:12.202664Z", "fetched_at": "2025-07-15T15:20:18.344970+00:00", "symbol": "BTC-USD"}, {"trade_id": 849687391, "side": "sell", "size": "0.01395220", "price": "116166.39000000", "time": "2025-07-15T15:20:12.193811Z", "fetched_at": "2025-07-15T15:20:18.344970+00:00", "symbol": "BTC-USD"}, {"trade_id": 849687390, "side": "sell", "size": "0.02180335", "price": "116166.39000000", "time": "2025-07-15T15:20:12.186374Z", "fetched_at": "2025-07-15T15:20:18.344970+00:00", "symbol": "BTC-USD"}, {"trade_id": 849687389, "side": "sell", "size": "0.02600310", "price": "116166.39000000", "time": "2025-07-15T15:20:12.161744Z", "fetched_at": "2025-07-15T15:20:18.344970+00:00", "symbol": "BTC-USD"}, {"trade_id": 849687388, "side": "sell", "size": "0.02062979", "price": "116166.39000000", "time": "2025-07-15T15:20:12.131747Z", "fetched_at": "2025-07-15T15:20:18.344970+00:00", "symbol": "BTC-USD"}, {"trade_id": 849687387, "side": "sell", "size": "0.03763590", "price": "116166.39000000", "time": "2025-07-15T15:20:12.110270Z", "fetched_at": "2025-07-15T15:20:18.344970+00:00", "symbol": "BTC-USD"}, {"trade_id": 849687386, "side": "sell", "size": "0.03493703", "price": "116166.39000000", "time": "2025-07-15T15:20:12.081260Z", "fetched_at": "2025-07-15T15:20:18.344970+00:00", "symbol": "BTC-USD"}, {"trade_id": 849687385, "side": "sell", "size": "0.02234289", "price": "116166.39000000", "time": "2025-07-15T15:20:12.059816Z", "fetched_at": "2025-07-15T15:20:18.344970+00:00", "symbol": "BTC-USD"}, {"trade_id": 849687384, "side": "sell", "size": "0.05007352", "price": "116166.39000000", "time": "2025-07-15T15:20:12.026390Z", "fetched_at": "2025-07-15T15:20:18.344970+00:00", "symbol": "BTC-USD"}, {"trade_id": 849687383, "side": "buy", "size": "0.08774489", "price": "116166.38000000", "time": "2025-07-15T15:20:12.002049Z", "fetched_at": "2025-07-15T15:20:18.344970+00:00", "symbol": "BTC-USD"}, {"trade_id": 849687382, "side": "sell", "size": "0.10030600", "price": "116166.39000000", "time": "2025-07-15T15:20:11.969936Z", "fetched_at": "2025-07-15T15:20:18.344970+00:00", "symbol": "BTC-USD"}, {"trade_id": 849687381, "side": "sell", "size": "0.02072264", "price": "116166.39000000", "time": "2025-07-15T15:20:11.912387Z", "fetched_at": "2025-07-15T15:20:18.344970+00:00", "symbol": "BTC-USD"}, {"trade_id": 849687380, "side": "sell", "size": "0.01456642", "price": "116166.39000000", "time": "2025-07-15T15:20:11.888621Z", "fetched_at": "2025-07-15T15:20:18.344970+00:00", "symbol": "BTC-USD"}, {"trade_id": 849687379, "side": "sell", "size": "0.00060198", "price": "116166.39000000", "time": "2025-07-15T15:20:11.857771Z", "fetched_at": "2025-07-15T15:20:18.344970+00:00", "symbol": "BTC-USD"}, {"trade_id": 849687378, "side": "sell", "size": "0.02118194", "price": "116166.39000000", "time": "2025-07-15T15:20:11.701708Z", "fetched_at": "2025-07-15T15:20:18.344970+00:00", "symbol": "BTC-USD"}, {"trade_id": 849687377, "side": "sell", "size": "0.01128475", "price": "116166.39000000", "time": "2025-07-15T15:20:11.602063Z", "fetched_at": "2025-07-15T15:20:18.344970+00:00", "symbol": "BTC-USD"}, {"trade_id": 849687376, "side": "sell", "size": "0.00171385", "price": "116166.39000000", "time": "2025-07-15T15:20:11.600202Z", "fetched_at": "2025-07-15T15:20:18.344970+00:00", "symbol": "BTC-USD"}, {"trade_id": 849687375, "side": "sell", "size": "0.00804722", "price": "116166.39000000", "time": "2025-07-15T15:20:11.582782Z", "fetched_at": "2025-07-15T15:20:18.344970+00:00", "symbol": "BTC-USD"}, {"trade_id": 849687374, "side": "sell", "size": "0.00585141", "price": "116166.39000000", "time": "2025-07-15T15:20:11.557093Z", "fetched_at": "2025-07-15T15:20:18.344970+00:00", "symbol": "BTC-USD"}, {"trade_id": 849687373, "side": "sell", "size": "0.00008517", "price": "116166.39000000", "time": "2025-07-15T15:20:11.547174Z", "fetched_at": "2025-07-15T15:20:18.344970+00:00", "symbol": "BTC-USD"}, {"trade_id": 849687372, "side": "sell", "size": "0.00585141", "price": "116166.39000000", "time": "2025-07-15T15:20:11.542688Z", "fetched_at": "2025-07-15T15:20:18.344970+00:00", "symbol": "BTC-USD"}, {"trade_id": 849687371, "side": "sell", "size": "0.02917128", "price": "116166.39000000", "time": "2025-07-15T15:20:11.494832Z", "fetched_at": "2025-07-15T15:20:18.344970+00:00", "symbol": "BTC-USD"}, {"trade_id": 849687370, "side": "sell", "size": "0.01837658", "price": "116166.39000000", "time": "2025-07-15T15:20:11.454097Z", "fetched_at": "2025-07-15T15:20:18.344970+00:00", "symbol": "BTC-USD"}, {"trade_id": 849687369, "side": "sell", "size": "0.02300274", "price": "116166.39000000", "time": "2025-07-15T15:20:11.441798Z", "fetched_at": "2025-07-15T15:20:18.344970+00:00", "symbol": "BTC-USD"}, {"trade_id": 849687368, "side": "sell", "size": "0.02460608", "price": "116166.39000000", "time": "2025-07-15T15:20:11.416932Z", "fetched_at": "2025-07-15T15:20:18.344970+00:00", "symbol": "BTC-USD"}, {"trade_id": 849687367, "side": "sell", "size": "0.01687348", "price": "116166.39000000", "time": "2025-07-15T15:20:11.400799Z", "fetched_at": "2025-07-15T15:20:18.344970+00:00", "symbol": "BTC-USD"}, {"trade_id": 849687366, "side": "sell", "size": "0.01223971", "price": "116166.39000000", "time": "2025-07-15T15:20:11.375821Z", "fetched_at": "2025-07-15T15:20:18.344970+00:00", "symbol": "BTC-USD"}, {"trade_id": 849687365, "side": "sell", "size": "0.01223971", "price": "116166.39000000", "time": "2025-07-15T15:20:11.368608Z", "fetched_at": "2025-07-15T15:20:18.344970+00:00", "symbol": "BTC-USD"}, {"trade_id": 849687364, "side": "buy", "size": "0.12257768", "price": "116166.38000000", "time": "2025-07-15T15:20:11.121687Z", "fetched_at": "2025-07-15T15:20:18.344970+00:00", "symbol": "BTC-USD"}, {"trade_id": 849687363, "side": "buy", "size": "0.00001000", "price": "116167.84000000", "time": "2025-07-15T15:20:11.121687Z", "fetched_at": "2025-07-15T15:20:18.344970+00:00", "symbol": "BTC-USD"}, {"trade_id": 849687362, "side": "sell", "size": "0.01585070", "price": "116167.85000000", "time": "2025-07-15T15:20:11.057772Z", "fetched_at": "2025-07-15T15:20:18.344970+00:00", "symbol": "BTC-USD"}, {"trade_id": 849687361, "side": "sell", "size": "0.01821624", "price": "116167.85000000", "time": "2025-07-15T15:20:11.049899Z", "fetched_at": "2025-07-15T15:20:18.344970+00:00", "symbol": "BTC-USD"}, {"trade_id": 849687360, "side": "sell", "size": "0.01933159", "price": "116167.85000000", "time": "2025-07-15T15:20:11.044082Z", "fetched_at": "2025-07-15T15:20:18.344970+00:00", "symbol": "BTC-USD"}, {"trade_id": 849687359, "side": "sell", "size": "0.02168009", "price": "116167.85000000", "time": "2025-07-15T15:20:11.029128Z", "fetched_at": "2025-07-15T15:20:18.344970+00:00", "symbol": "BTC-USD"}, {"trade_id": 849687358, "side": "sell", "size": "0.01988260", "price": "116167.85000000", "time": "2025-07-15T15:20:11.025203Z", "fetched_at": "2025-07-15T15:20:18.344970+00:00", "symbol": "BTC-USD"}, {"trade_id": 849687357, "side": "sell", "size": "0.02065894", "price": "116167.85000000", "time": "2025-07-15T15:20:11.020419Z", "fetched_at": "2025-07-15T15:20:18.344970+00:00", "symbol": "BTC-USD"}, {"trade_id": 849687356, "side": "sell", "size": "0.03646117", "price": "116167.85000000", "time": "2025-07-15T15:20:11.013225Z", "fetched_at": "2025-07-15T15:20:18.344970+00:00", "symbol": "BTC-USD"}, {"trade_id": 849687355, "side": "buy", "size": "0.00860796", "price": "116171.61000000", "time": "2025-07-15T15:20:10.944374Z", "fetched_at": "2025-07-15T15:20:18.344970+00:00", "symbol": "BTC-USD"}, {"trade_id": 849687354, "side": "buy", "size": "0.00118407", "price": "116173.35000000", "time": "2025-07-15T15:20:10.941480Z", "fetched_at": "2025-07-15T15:20:18.344970+00:00", "symbol": "BTC-USD"}, {"trade_id": 849687353, "side": "buy", "size": "0.00210000", "price": "116173.35000000", "time": "2025-07-15T15:20:10.941188Z", "fetched_at": "2025-07-15T15:20:18.344970+00:00", "symbol": "BTC-USD"}, {"trade_id": 849687352, "side": "buy", "size": "0.01662236", "price": "116173.35000000", "time": "2025-07-15T15:20:10.939834Z", "fetched_at": "2025-07-15T15:20:18.344970+00:00", "symbol": "BTC-USD"}, {"trade_id": 849687351, "side": "buy", "size": "0.03437764", "price": "116173.35000000", "time": "2025-07-15T15:20:10.939834Z", "fetched_at": "2025-07-15T15:20:18.344970+00:00", "symbol": "BTC-USD"}, {"trade_id": 849687350, "side": "sell", "size": "0.02249242", "price": "116173.36000000", "time": "2025-07-15T15:20:10.842514Z", "fetched_at": "2025-07-15T15:20:18.344970+00:00", "symbol": "BTC-USD"}, {"trade_id": 849687349, "side": "sell", "size": "0.02579348", "price": "116173.36000000", "time": "2025-07-15T15:20:10.835409Z", "fetched_at": "2025-07-15T15:20:18.344970+00:00", "symbol": "BTC-USD"}, {"trade_id": 849687348, "side": "sell", "size": "0.01637957", "price": "116173.36000000", "time": "2025-07-15T15:20:10.830238Z", "fetched_at": "2025-07-15T15:20:18.344970+00:00", "symbol": "BTC-USD"}, {"trade_id": 849687347, "side": "sell", "size": "0.01042326", "price": "116173.36000000", "time": "2025-07-15T15:20:10.823433Z", "fetched_at": "2025-07-15T15:20:18.344970+00:00", "symbol": "BTC-USD"}, {"trade_id": 849687346, "side": "sell", "size": "0.03046697", "price": "116173.36000000", "time": "2025-07-15T15:20:10.809088Z", "fetched_at": "2025-07-15T15:20:18.344970+00:00", "symbol": "BTC-USD"}, {"trade_id": 849687345, "side": "sell", "size": "0.00092293", "price": "116173.36000000", "time": "2025-07-15T15:20:10.808423Z", "fetched_at": "2025-07-15T15:20:18.344970+00:00", "symbol": "BTC-USD"}, {"trade_id": 849687344, "side": "sell", "size": "0.00021293", "price": "116173.36000000", "time": "2025-07-15T15:20:10.747415Z", "fetched_at": "2025-07-15T15:20:18.344970+00:00", "symbol": "BTC-USD"}, {"trade_id": 849687343, "side": "sell", "size": "0.01286836", "price": "116173.36000000", "time": "2025-07-15T15:20:10.723411Z", "fetched_at": "2025-07-15T15:20:18.344970+00:00", "symbol": "BTC-USD"}, {"trade_id": 849687342, "side": "sell", "size": "0.02266503", "price": "116173.36000000", "time": "2025-07-15T15:20:10.706446Z", "fetched_at": "2025-07-15T15:20:18.344970+00:00", "symbol": "BTC-USD"}, {"trade_id": 849687341, "side": "sell", "size": "0.01943574", "price": "116173.36000000", "time": "2025-07-15T15:20:10.695436Z", "fetched_at": "2025-07-15T15:20:18.344970+00:00", "symbol": "BTC-USD"}, {"trade_id": 849687340, "side": "sell", "size": "0.02203108", "price": "116173.36000000", "time": "2025-07-15T15:20:10.663613Z", "fetched_at": "2025-07-15T15:20:18.344970+00:00", "symbol": "BTC-USD"}, {"trade_id": 849687339, "side": "sell", "size": "0.03790456", "price": "116173.36000000", "time": "2025-07-15T15:20:10.637948Z", "fetched_at": "2025-07-15T15:20:18.344970+00:00", "symbol": "BTC-USD"}, {"trade_id": 849687338, "side": "sell", "size": "0.01761708", "price": "116173.36000000", "time": "2025-07-15T15:20:10.612378Z", "fetched_at": "2025-07-15T15:20:18.344970+00:00", "symbol": "BTC-USD"}, {"trade_id": 849687337, "side": "sell", "size": "0.02443729", "price": "116173.36000000", "time": "2025-07-15T15:20:10.580850Z", "fetched_at": "2025-07-15T15:20:18.344970+00:00", "symbol": "BTC-USD"}, {"trade_id": 849687336, "side": "sell", "size": "0.01285273", "price": "116173.36000000", "time": "2025-07-15T15:20:10.569985Z", "fetched_at": "2025-07-15T15:20:18.344970+00:00", "symbol": "BTC-USD"}, {"trade_id": 849687335, "side": "sell", "size": "0.02170990", "price": "116173.36000000", "time": "2025-07-15T15:20:10.532553Z", "fetched_at": "2025-07-15T15:20:18.344970+00:00", "symbol": "BTC-USD"}, {"trade_id": 849687334, "side": "sell", "size": "0.02334312", "price": "116173.36000000", "time": "2025-07-15T15:20:10.494656Z", "fetched_at": "2025-07-15T15:20:18.344970+00:00", "symbol": "BTC-USD"}, {"trade_id": 849687333, "side": "sell", "size": "0.01571184", "price": "116173.36000000", "time": "2025-07-15T15:20:10.465421Z", "fetched_at": "2025-07-15T15:20:18.344970+00:00", "symbol": "BTC-USD"}, {"trade_id": 849687332, "side": "sell", "size": "0.02709449", "price": "116173.36000000", "time": "2025-07-15T15:20:10.457066Z", "fetched_at": "2025-07-15T15:20:18.344970+00:00", "symbol": "BTC-USD"}, {"trade_id": 849687331, "side": "sell", "size": "0.00000639", "price": "116173.36000000", "time": "2025-07-15T15:20:10.451341Z", "fetched_at": "2025-07-15T15:20:18.344970+00:00", "symbol": "BTC-USD"}, {"trade_id": 849687330, "side": "sell", "size": "0.00505580", "price": "116173.36000000", "time": "2025-07-15T15:20:10.416401Z", "fetched_at": "2025-07-15T15:20:18.344970+00:00", "symbol": "BTC-USD"}, {"trade_id": 849687329, "side": "buy", "size": "0.00428663", "price": "116175.00000000", "time": "2025-07-15T15:20:10.350542Z", "fetched_at": "2025-07-15T15:20:18.344970+00:00", "symbol": "BTC-USD"}, {"trade_id": 849687328, "side": "buy", "size": "0.00001000", "price": "116176.56000000", "time": "2025-07-15T15:20:10.349343Z", "fetched_at": "2025-07-15T15:20:18.344970+00:00", "symbol": "BTC-USD"}, {"trade_id": 849687327, "side": "sell", "size": "0.00739648", "price": "116178.30000000", "time": "2025-07-15T15:20:10.325069Z", "fetched_at": "2025-07-15T15:20:18.344970+00:00", "symbol": "BTC-USD"}, {"trade_id": 849687326, "side": "sell", "size": "0.00676162", "price": "116178.30000000", "time": "2025-07-15T15:20:10.325069Z", "fetched_at": "2025-07-15T15:20:18.344970+00:00", "symbol": "BTC-USD"}, {"trade_id": 849687325, "side": "sell", "size": "0.02088911", "price": "116178.31000000", "time": "2025-07-15T15:20:10.311318Z", "fetched_at": "2025-07-15T15:20:18.344970+00:00", "symbol": "BTC-USD"}, {"trade_id": 849687324, "side": "sell", "size": "0.00860746", "price": "116178.31000000", "time": "2025-07-15T15:20:10.311318Z", "fetched_at": "2025-07-15T15:20:18.344970+00:00", "symbol": "BTC-USD"}, {"trade_id": 849687323, "side": "sell", "size": "0.01972540", "price": "116176.57000000", "time": "2025-07-15T15:20:10.300550Z", "fetched_at": "2025-07-15T15:20:18.344970+00:00", "symbol": "BTC-USD"}, {"trade_id": 849687322, "side": "sell", "size": "0.00028773", "price": "116176.57000000", "time": "2025-07-15T15:20:10.300550Z", "fetched_at": "2025-07-15T15:20:18.344970+00:00", "symbol": "BTC-USD"}, {"trade_id": 849687321, "side": "sell", "size": "0.00039967", "price": "116176.57000000", "time": "2025-07-15T15:20:10.300368Z", "fetched_at": "2025-07-15T15:20:18.344970+00:00", "symbol": "BTC-USD"}, {"trade_id": 849687320, "side": "sell", "size": "0.00001033", "price": "116176.57000000", "time": "2025-07-15T15:20:10.300368Z", "fetched_at": "2025-07-15T15:20:18.344970+00:00", "symbol": "BTC-USD"}, {"trade_id": 849687319, "side": "sell", "size": "0.01950689", "price": "116176.57000000", "time": "2025-07-15T15:20:10.291403Z", "fetched_at": "2025-07-15T15:20:18.344970+00:00", "symbol": "BTC-USD"}, {"trade_id": 849687318, "side": "sell", "size": "0.01089788", "price": "116176.57000000", "time": "2025-07-15T15:20:10.280807Z", "fetched_at": "2025-07-15T15:20:18.344970+00:00", "symbol": "BTC-USD"}, {"trade_id": 849687317, "side": "sell", "size": "0.02243023", "price": "116176.57000000", "time": "2025-07-15T15:20:10.259Z", "fetched_at": "2025-07-15T15:20:18.344970+00:00", "symbol": "BTC-USD"}, {"trade_id": 849687316, "side": "sell", "size": "0.02629159", "price": "116176.57000000", "time": "2025-07-15T15:20:10.255758Z", "fetched_at": "2025-07-15T15:20:18.344970+00:00", "symbol": "BTC-USD"}, {"trade_id": 849687315, "side": "sell", "size": "0.01403791", "price": "116176.57000000", "time": "2025-07-15T15:20:10.253890Z", "fetched_at": "2025-07-15T15:20:18.344970+00:00", "symbol": "BTC-USD"}, {"trade_id": 849687314, "side": "sell", "size": "0.01337864", "price": "116176.57000000", "time": "2025-07-15T15:20:10.244287Z", "fetched_at": "2025-07-15T15:20:18.344970+00:00", "symbol": "BTC-USD"}, {"trade_id": 849687313, "side": "sell", "size": "0.02032444", "price": "116176.57000000", "time": "2025-07-15T15:20:10.238977Z", "fetched_at": "2025-07-15T15:20:18.344970+00:00", "symbol": "BTC-USD"}, {"trade_id": 849687312, "side": "sell", "size": "0.00256595", "price": "116176.57000000", "time": "2025-07-15T15:20:10.201538Z", "fetched_at": "2025-07-15T15:20:18.344970+00:00", "symbol": "BTC-USD"}, {"trade_id": 849687311, "side": "buy", "size": "0.04206000", "price": "116183.53000000", "time": "2025-07-15T15:20:10.148837Z", "fetched_at": "2025-07-15T15:20:18.344970+00:00", "symbol": "BTC-USD"}, {"trade_id": 849687310, "side": "buy", "size": "0.19471709", "price": "116183.53000000", "time": "2025-07-15T15:20:10.143735Z", "fetched_at": "2025-07-15T15:20:18.344970+00:00", "symbol": "BTC-USD"}, {"trade_id": 849687309, "side": "buy", "size": "0.00001000", "price": "116185.28000000", "time": "2025-07-15T15:20:10.143735Z", "fetched_at": "2025-07-15T15:20:18.344970+00:00", "symbol": "BTC-USD"}, {"trade_id": 849687308, "side": "buy", "size": "0.02151086", "price": "116185.45000000", "time": "2025-07-15T15:20:10.143735Z", "fetched_at": "2025-07-15T15:20:18.344970+00:00", "symbol": "BTC-USD"}, {"trade_id": 849687307, "side": "buy", "size": "0.01756318", "price": "116185.60000000", "time": "2025-07-15T15:20:10.143735Z", "fetched_at": "2025-07-15T15:20:18.344970+00:00", "symbol": "BTC-USD"}, {"trade_id": 849687306, "side": "buy", "size": "0.03373300", "price": "116185.61000000", "time": "2025-07-15T15:20:10.143735Z", "fetched_at": "2025-07-15T15:20:18.344970+00:00", "symbol": "BTC-USD"}, {"trade_id": 849687305, "side": "buy", "size": "0.00000034", "price": "116185.90000000", "time": "2025-07-15T15:20:10.143735Z", "fetched_at": "2025-07-15T15:20:18.344970+00:00", "symbol": "BTC-USD"}, {"trade_id": 849687304, "side": "buy", "size": "0.00001273", "price": "116185.90000000", "time": "2025-07-15T15:20:10.143735Z", "fetched_at": "2025-07-15T15:20:18.344970+00:00", "symbol": "BTC-USD"}, {"trade_id": 849687303, "side": "buy", "size": "0.00000086", "price": "116185.90000000", "time": "2025-07-15T15:20:10.143735Z", "fetched_at": "2025-07-15T15:20:18.344970+00:00", "symbol": "BTC-USD"}, {"trade_id": 849687302, "side": "buy", "size": "0.01640857", "price": "116185.90000000", "time": "2025-07-15T15:20:10.143735Z", "fetched_at": "2025-07-15T15:20:18.344970+00:00", "symbol": "BTC-USD"}, {"trade_id": 849687301, "side": "sell", "size": "0.04281089", "price": "116185.91000000", "time": "2025-07-15T15:20:10.139451Z", "fetched_at": "2025-07-15T15:20:18.344970+00:00", "symbol": "BTC-USD"}, {"trade_id": 849687300, "side": "sell", "size": "0.03085781", "price": "116185.91000000", "time": "2025-07-15T15:20:10.135739Z", "fetched_at": "2025-07-15T15:20:18.344970+00:00", "symbol": "BTC-USD"}, {"trade_id": 849687299, "side": "sell", "size": "0.05841141", "price": "116185.91000000", "time": "2025-07-15T15:20:10.132275Z", "fetched_at": "2025-07-15T15:20:18.344970+00:00", "symbol": "BTC-USD"}, {"trade_id": 849687298, "side": "sell", "size": "0.01197120", "price": "116185.91000000", "time": "2025-07-15T15:20:10.128148Z", "fetched_at": "2025-07-15T15:20:18.344970+00:00", "symbol": "BTC-USD"}, {"trade_id": 849687297, "side": "sell", "size": "0.00860689", "price": "116185.91000000", "time": "2025-07-15T15:20:10.113661Z", "fetched_at": "2025-07-15T15:20:18.344970+00:00", "symbol": "BTC-USD"}, {"trade_id": 849687296, "side": "sell", "size": "0.01941119", "price": "116185.91000000", "time": "2025-07-15T15:20:10.083035Z", "fetched_at": "2025-07-15T15:20:18.344970+00:00", "symbol": "BTC-USD"}, {"trade_id": 849687295, "side": "sell", "size": "0.01080072", "price": "116185.91000000", "time": "2025-07-15T15:20:10.079496Z", "fetched_at": "2025-07-15T15:20:18.344970+00:00", "symbol": "BTC-USD"}, {"trade_id": 849687294, "side": "sell", "size": "0.01387509", "price": "116185.91000000", "time": "2025-07-15T15:20:10.072346Z", "fetched_at": "2025-07-15T15:20:18.344970+00:00", "symbol": "BTC-USD"}, {"trade_id": 849687293, "side": "sell", "size": "0.01370117", "price": "116185.91000000", "time": "2025-07-15T15:20:10.065386Z", "fetched_at": "2025-07-15T15:20:18.344970+00:00", "symbol": "BTC-USD"}, {"trade_id": 849687292, "side": "sell", "size": "0.09829322", "price": "116185.91000000", "time": "2025-07-15T15:20:10.044543Z", "fetched_at": "2025-07-15T15:20:18.344970+00:00", "symbol": "BTC-USD"}, {"trade_id": 849687291, "side": "sell", "size": "0.00000008", "price": "116185.91000000", "time": "2025-07-15T15:20:10.033080Z", "fetched_at": "2025-07-15T15:20:18.344970+00:00", "symbol": "BTC-USD"}, {"trade_id": 849687290, "side": "buy", "size": "0.20361189", "price": "116189.93000000", "time": "2025-07-15T15:20:10.022609Z", "fetched_at": "2025-07-15T15:20:18.344970+00:00", "symbol": "BTC-USD"}, {"trade_id": 849687289, "side": "buy", "size": "0.11358264", "price": "116189.93000000", "time": "2025-07-15T15:20:10.021154Z", "fetched_at": "2025-07-15T15:20:18.344970+00:00", "symbol": "BTC-USD"}, {"trade_id": 849687288, "side": "buy", "size": "0.03482255", "price": "116189.93000000", "time": "2025-07-15T15:20:10.020865Z", "fetched_at": "2025-07-15T15:20:18.344970+00:00", "symbol": "BTC-USD"}, {"trade_id": 849687287, "side": "buy", "size": "0.00001000", "price": "116194.00000000", "time": "2025-07-15T15:20:10.020865Z", "fetched_at": "2025-07-15T15:20:18.344970+00:00", "symbol": "BTC-USD"}, {"trade_id": 849687286, "side": "buy", "size": "0.00860614", "price": "116196.08000000", "time": "2025-07-15T15:20:10.020865Z", "fetched_at": "2025-07-15T15:20:18.344970+00:00", "symbol": "BTC-USD"}, {"trade_id": 849687285, "side": "buy", "size": "0.00019776", "price": "116197.82000000", "time": "2025-07-15T15:20:10.020865Z", "fetched_at": "2025-07-15T15:20:18.344970+00:00", "symbol": "BTC-USD"}, {"trade_id": 849687284, "side": "buy", "size": "0.00000481", "price": "116197.82000000", "time": "2025-07-15T15:20:10.020865Z", "fetched_at": "2025-07-15T15:20:18.344970+00:00", "symbol": "BTC-USD"}, {"trade_id": 849687283, "side": "buy", "size": "0.00001428", "price": "116197.82000000", "time": "2025-07-15T15:20:10.020865Z", "fetched_at": "2025-07-15T15:20:18.344970+00:00", "symbol": "BTC-USD"}, {"trade_id": 849687282, "side": "buy", "size": "0.01989611", "price": "116197.82000000", "time": "2025-07-15T15:20:10.020865Z", "fetched_at": "2025-07-15T15:20:18.344970+00:00", "symbol": "BTC-USD"}, {"trade_id": 849687281, "side": "buy", "size": "0.04222152", "price": "116197.82000000", "time": "2025-07-15T15:20:10.020865Z", "fetched_at": "2025-07-15T15:20:18.344970+00:00", "symbol": "BTC-USD"}, {"trade_id": 849687280, "side": "buy", "size": "0.00780948", "price": "116197.82000000", "time": "2025-07-15T15:20:10.020865Z", "fetched_at": "2025-07-15T15:20:18.344970+00:00", "symbol": "BTC-USD"}, {"trade_id": 849687279, "side": "buy", "size": "0.26784784", "price": "116197.82000000", "time": "2025-07-15T15:20:10.020831Z", "fetched_at": "2025-07-15T15:20:18.344970+00:00", "symbol": "BTC-USD"}, {"trade_id": 849687278, "side": "buy", "size": "0.00002227", "price": "116197.82000000", "time": "2025-07-15T15:20:10.020831Z", "fetched_at": "2025-07-15T15:20:18.344970+00:00", "symbol": "BTC-USD"}, {"trade_id": 849687277, "side": "buy", "size": "0.00043017", "price": "116197.82000000", "time": "2025-07-15T15:20:10.020831Z", "fetched_at": "2025-07-15T15:20:18.344970+00:00", "symbol": "BTC-USD"}, {"trade_id": 849687276, "side": "sell", "size": "0.00003593", "price": "116197.83000000", "time": "2025-07-15T15:20:09.939960Z", "fetched_at": "2025-07-15T15:20:18.344970+00:00", "symbol": "BTC-USD"}, {"trade_id": 849687275, "side": "sell", "size": "0.00017943", "price": "116197.83000000", "time": "2025-07-15T15:20:09.914669Z", "fetched_at": "2025-07-15T15:20:18.344970+00:00", "symbol": "BTC-USD"}, {"trade_id": 849687274, "side": "sell", "size": "0.00430186", "price": "116197.83000000", "time": "2025-07-15T15:20:09.899568Z", "fetched_at": "2025-07-15T15:20:18.344970+00:00", "symbol": "BTC-USD"}, {"trade_id": 849687273, "side": "sell", "size": "0.00017943", "price": "116197.83000000", "time": "2025-07-15T15:20:09.881176Z", "fetched_at": "2025-07-15T15:20:18.344970+00:00", "symbol": "BTC-USD"}, {"trade_id": 849687272, "side": "sell", "size": "0.00014337", "price": "116197.83000000", "time": "2025-07-15T15:20:09.876542Z", "fetched_at": "2025-07-15T15:20:18.344970+00:00", "symbol": "BTC-USD"}, {"trade_id": 849687271, "side": "sell", "size": "0.00257062", "price": "116197.83000000", "time": "2025-07-15T15:20:09.837960Z", "fetched_at": "2025-07-15T15:20:18.344970+00:00", "symbol": "BTC-USD"}, {"trade_id": 849687270, "side": "sell", "size": "0.00257062", "price": "116197.83000000", "time": "2025-07-15T15:20:09.814310Z", "fetched_at": "2025-07-15T15:20:18.344970+00:00", "symbol": "BTC-USD"}, {"trade_id": 849687269, "side": "sell", "size": "0.01283842", "price": "116197.83000000", "time": "2025-07-15T15:20:09.792187Z", "fetched_at": "2025-07-15T15:20:18.344970+00:00", "symbol": "BTC-USD"}, {"trade_id": 849687268, "side": "sell", "size": "0.00900708", "price": "116197.83000000", "time": "2025-07-15T15:20:09.584271Z", "fetched_at": "2025-07-15T15:20:18.344970+00:00", "symbol": "BTC-USD"}, {"trade_id": 849687267, "side": "sell", "size": "0.00556652", "price": "116197.83000000", "time": "2025-07-15T15:20:09.546579Z", "fetched_at": "2025-07-15T15:20:18.344970+00:00", "symbol": "BTC-USD"}, {"trade_id": 849687266, "side": "sell", "size": "0.00320592", "price": "116197.83000000", "time": "2025-07-15T15:20:09.468164Z", "fetched_at": "2025-07-15T15:20:18.344970+00:00", "symbol": "BTC-USD"}, {"trade_id": 849687265, "side": "sell", "size": "0.00320592", "price": "116197.83000000", "time": "2025-07-15T15:20:09.455463Z", "fetched_at": "2025-07-15T15:20:18.344970+00:00", "symbol": "BTC-USD"}, {"trade_id": 849687264, "side": "sell", "size": "0.01601122", "price": "116197.83000000", "time": "2025-07-15T15:20:09.410456Z", "fetched_at": "2025-07-15T15:20:18.344970+00:00", "symbol": "BTC-USD"}, {"trade_id": 849687263, "side": "sell", "size": "0.02298882", "price": "116197.83000000", "time": "2025-07-15T15:20:09.360413Z", "fetched_at": "2025-07-15T15:20:18.344970+00:00", "symbol": "BTC-USD"}, {"trade_id": 849687262, "side": "sell", "size": "0.01206451", "price": "116197.83000000", "time": "2025-07-15T15:20:09.333792Z", "fetched_at": "2025-07-15T15:20:18.344970+00:00", "symbol": "BTC-USD"}, {"trade_id": 849687261, "side": "sell", "size": "0.02261541", "price": "116197.83000000", "time": "2025-07-15T15:20:09.320254Z", "fetched_at": "2025-07-15T15:20:18.344970+00:00", "symbol": "BTC-USD"}, {"trade_id": 849687260, "side": "sell", "size": "0.01273723", "price": "116197.83000000", "time": "2025-07-15T15:20:09.309676Z", "fetched_at": "2025-07-15T15:20:18.344970+00:00", "symbol": "BTC-USD"}, {"trade_id": 849687259, "side": "sell", "size": "0.01261213", "price": "116197.83000000", "time": "2025-07-15T15:20:09.295092Z", "fetched_at": "2025-07-15T15:20:18.344970+00:00", "symbol": "BTC-USD"}, {"trade_id": 849687258, "side": "sell", "size": "0.08518304", "price": "116197.83000000", "time": "2025-07-15T15:20:09.293446Z", "fetched_at": "2025-07-15T15:20:18.344970+00:00", "symbol": "BTC-USD"}, {"trade_id": 849687257, "side": "sell", "size": "0.01530951", "price": "116197.83000000", "time": "2025-07-15T15:20:09.273693Z", "fetched_at": "2025-07-15T15:20:18.344970+00:00", "symbol": "BTC-USD"}, {"trade_id": 849687256, "side": "sell", "size": "0.02817263", "price": "116197.83000000", "time": "2025-07-15T15:20:09.254373Z", "fetched_at": "2025-07-15T15:20:18.344970+00:00", "symbol": "BTC-USD"}, {"trade_id": 849687255, "side": "sell", "size": "0.00163230", "price": "116197.83000000", "time": "2025-07-15T15:20:09.250093Z", "fetched_at": "2025-07-15T15:20:18.344970+00:00", "symbol": "BTC-USD"}, {"trade_id": 849687254, "side": "sell", "size": "0.01933272", "price": "116197.83000000", "time": "2025-07-15T15:20:09.199451Z", "fetched_at": "2025-07-15T15:20:18.344970+00:00", "symbol": "BTC-USD"}, {"trade_id": 849687253, "side": "sell", "size": "0.02212595", "price": "116197.83000000", "time": "2025-07-15T15:20:09.172014Z", "fetched_at": "2025-07-15T15:20:18.344970+00:00", "symbol": "BTC-USD"}, {"trade_id": 849687252, "side": "sell", "size": "0.02712122", "price": "116197.83000000", "time": "2025-07-15T15:20:09.165478Z", "fetched_at": "2025-07-15T15:20:18.344970+00:00", "symbol": "BTC-USD"}, {"trade_id": 849687251, "side": "sell", "size": "0.01462669", "price": "116197.83000000", "time": "2025-07-15T15:20:09.141433Z", "fetched_at": "2025-07-15T15:20:18.344970+00:00", "symbol": "BTC-USD"}, {"trade_id": 849687250, "side": "sell", "size": "0.01410713", "price": "116197.83000000", "time": "2025-07-15T15:20:09.125860Z", "fetched_at": "2025-07-15T15:20:18.344970+00:00", "symbol": "BTC-USD"}, {"trade_id": 849687249, "side": "sell", "size": "0.01742471", "price": "116197.83000000", "time": "2025-07-15T15:20:09.108161Z", "fetched_at": "2025-07-15T15:20:18.344970+00:00", "symbol": "BTC-USD"}, {"trade_id": 849687248, "side": "sell", "size": "0.01605110", "price": "116197.83000000", "time": "2025-07-15T15:20:09.091598Z", "fetched_at": "2025-07-15T15:20:18.344970+00:00", "symbol": "BTC-USD"}, {"trade_id": 849687247, "side": "sell", "size": "0.01866188", "price": "116197.83000000", "time": "2025-07-15T15:20:09.073057Z", "fetched_at": "2025-07-15T15:20:18.344970+00:00", "symbol": "BTC-USD"}, {"trade_id": 849687246, "side": "sell", "size": "0.01921125", "price": "116197.83000000", "time": "2025-07-15T15:20:09.051527Z", "fetched_at": "2025-07-15T15:20:18.344970+00:00", "symbol": "BTC-USD"}, {"trade_id": 849687245, "side": "sell", "size": "0.02310824", "price": "116197.83000000", "time": "2025-07-15T15:20:09.028902Z", "fetched_at": "2025-07-15T15:20:18.344970+00:00", "symbol": "BTC-USD"}, {"trade_id": 849687244, "side": "sell", "size": "0.01790038", "price": "116197.83000000", "time": "2025-07-15T15:20:09.002294Z", "fetched_at": "2025-07-15T15:20:18.344970+00:00", "symbol": "BTC-USD"}, {"trade_id": 849687243, "side": "sell", "size": "0.01899792", "price": "116197.83000000", "time": "2025-07-15T15:20:08.981379Z", "fetched_at": "2025-07-15T15:20:18.344970+00:00", "symbol": "BTC-USD"}, {"trade_id": 849687242, "side": "sell", "size": "0.01950104", "price": "116197.83000000", "time": "2025-07-15T15:20:08.959613Z", "fetched_at": "2025-07-15T15:20:18.344970+00:00", "symbol": "BTC-USD"}, {"trade_id": 849687241, "side": "sell", "size": "0.01734123", "price": "116197.83000000", "time": "2025-07-15T15:20:08.918383Z", "fetched_at": "2025-07-15T15:20:18.344970+00:00", "symbol": "BTC-USD"}, {"trade_id": 849687240, "side": "sell", "size": "0.04020302", "price": "116197.83000000", "time": "2025-07-15T15:20:08.914099Z", "fetched_at": "2025-07-15T15:20:18.344970+00:00", "symbol": "BTC-USD"}, {"trade_id": 849687239, "side": "sell", "size": "0.02779142", "price": "116197.83000000", "time": "2025-07-15T15:20:08.860057Z", "fetched_at": "2025-07-15T15:20:18.344970+00:00", "symbol": "BTC-USD"}, {"trade_id": 849687238, "side": "sell", "size": "0.08546714", "price": "116197.83000000", "time": "2025-07-15T15:20:08.844811Z", "fetched_at": "2025-07-15T15:20:18.344970+00:00", "symbol": "BTC-USD"}, {"trade_id": 849687237, "side": "sell", "size": "0.01032119", "price": "116197.83000000", "time": "2025-07-15T15:20:08.710019Z", "fetched_at": "2025-07-15T15:20:18.344970+00:00", "symbol": "BTC-USD"}, {"trade_id": 849687236, "side": "sell", "size": "0.01032119", "price": "116197.83000000", "time": "2025-07-15T15:20:08.705768Z", "fetched_at": "2025-07-15T15:20:18.344970+00:00", "symbol": "BTC-USD"}, {"trade_id": 849687235, "side": "sell", "size": "0.00020402", "price": "116197.83000000", "time": "2025-07-15T15:20:08.357465Z", "fetched_at": "2025-07-15T15:20:18.344970+00:00", "symbol": "BTC-USD"}, {"trade_id": 849687234, "side": "sell", "size": "0.00966093", "price": "116197.83000000", "time": "2025-07-15T15:20:08.314463Z", "fetched_at": "2025-07-15T15:20:18.344970+00:00", "symbol": "BTC-USD"}, {"trade_id": 849687233, "side": "sell", "size": "0.00966093", "price": "116197.83000000", "time": "2025-07-15T15:20:08.301841Z", "fetched_at": "2025-07-15T15:20:18.344970+00:00", "symbol": "BTC-USD"}, {"trade_id": 849687232, "side": "sell", "size": "0.05312111", "price": "116197.83000000", "time": "2025-07-15T15:20:08.286448Z", "fetched_at": "2025-07-15T15:20:18.344970+00:00", "symbol": "BTC-USD"}, {"trade_id": 849687231, "side": "sell", "size": "0.00276983", "price": "116197.83000000", "time": "2025-07-15T15:20:08.283323Z", "fetched_at": "2025-07-15T15:20:18.344970+00:00", "symbol": "BTC-USD"}, {"trade_id": 849687230, "side": "sell", "size": "0.00350814", "price": "116204.99000000", "time": "2025-07-15T15:20:08.274620Z", "fetched_at": "2025-07-15T15:20:18.344970+00:00", "symbol": "BTC-USD"}, {"trade_id": 849687229, "side": "sell", "size": "0.00273041", "price": "116204.99000000", "time": "2025-07-15T15:20:08.270525Z", "fetched_at": "2025-07-15T15:20:18.344970+00:00", "symbol": "BTC-USD"}, {"trade_id": 849687228, "side": "sell", "size": "0.02180053", "price": "116204.99000000", "time": "2025-07-15T15:20:08.267268Z", "fetched_at": "2025-07-15T15:20:18.344970+00:00", "symbol": "BTC-USD"}, {"trade_id": 849687227, "side": "sell", "size": "0.01782989", "price": "116204.99000000", "time": "2025-07-15T15:20:08.263141Z", "fetched_at": "2025-07-15T15:20:18.344970+00:00", "symbol": "BTC-USD"}, {"trade_id": 849687226, "side": "sell", "size": "0.00373594", "price": "116204.99000000", "time": "2025-07-15T15:20:08.259151Z", "fetched_at": "2025-07-15T15:20:18.344970+00:00", "symbol": "BTC-USD"}, {"trade_id": 849687225, "side": "sell", "size": "0.00346425", "price": "116204.99000000", "time": "2025-07-15T15:20:08.255006Z", "fetched_at": "2025-07-15T15:20:18.344970+00:00", "symbol": "BTC-USD"}, {"trade_id": 849687224, "side": "sell", "size": "0.00487100", "price": "116204.99000000", "time": "2025-07-15T15:20:08.250937Z", "fetched_at": "2025-07-15T15:20:18.344970+00:00", "symbol": "BTC-USD"}, {"trade_id": 849687223, "side": "sell", "size": "0.00007728", "price": "116198.47000000", "time": "2025-07-15T15:20:08.208036Z", "fetched_at": "2025-07-15T15:20:18.344970+00:00", "symbol": "BTC-USD"}, {"trade_id": 849687222, "side": "sell", "size": "0.00117227", "price": "116198.47000000", "time": "2025-07-15T15:20:08.208036Z", "fetched_at": "2025-07-15T15:20:18.344970+00:00", "symbol": "BTC-USD"}, {"trade_id": 849687221, "side": "sell", "size": "0.00002573", "price": "116198.47000000", "time": "2025-07-15T15:20:08.203337Z", "fetched_at": "2025-07-15T15:20:18.344970+00:00", "symbol": "BTC-USD"}, {"trade_id": 849687220, "side": "sell", "size": "0.00181276", "price": "116205.00000000", "time": "2025-07-15T15:20:08.191319Z", "fetched_at": "2025-07-15T15:20:18.344970+00:00", "symbol": "BTC-USD"}, {"trade_id": 849687219, "side": "sell", "size": "0.00029160", "price": "116200.03000000", "time": "2025-07-15T15:20:08.191319Z", "fetched_at": "2025-07-15T15:20:18.344970+00:00", "symbol": "BTC-USD"}, {"trade_id": 849687218, "side": "sell", "size": "0.00026439", "price": "116199.77000000", "time": "2025-07-15T15:20:08.191319Z", "fetched_at": "2025-07-15T15:20:18.344970+00:00", "symbol": "BTC-USD"}, {"trade_id": 849687217, "side": "sell", "size": "0.00024366", "price": "116198.47000000", "time": "2025-07-15T15:20:08.191319Z", "fetched_at": "2025-07-15T15:20:18.344970+00:00", "symbol": "BTC-USD"}, {"trade_id": 849687216, "side": "buy", "size": "0.00001000", "price": "116202.72000000", "time": "2025-07-15T15:20:08.171456Z", "fetched_at": "2025-07-15T15:20:18.344970+00:00", "symbol": "BTC-USD"}, {"trade_id": 849687215, "side": "buy", "size": "0.00500000", "price": "116202.77000000", "time": "2025-07-15T15:20:08.171456Z", "fetched_at": "2025-07-15T15:20:18.344970+00:00", "symbol": "BTC-USD"}, {"trade_id": 849687214, "side": "buy", "size": "0.00342153", "price": "116205.00000000", "time": "2025-07-15T15:20:08.171456Z", "fetched_at": "2025-07-15T15:20:18.344970+00:00", "symbol": "BTC-USD"}, {"trade_id": 849687213, "side": "buy", "size": "0.00500000", "price": "116206.76000000", "time": "2025-07-15T15:20:08.159343Z", "fetched_at": "2025-07-15T15:20:18.344970+00:00", "symbol": "BTC-USD"}, {"trade_id": 849687212, "side": "sell", "size": "0.00237945", "price": "116206.77000000", "time": "2025-07-15T15:20:08.157255Z", "fetched_at": "2025-07-15T15:20:18.344970+00:00", "symbol": "BTC-USD"}, {"trade_id": 849687211, "side": "sell", "size": "0.00237945", "price": "116206.77000000", "time": "2025-07-15T15:20:08.152386Z", "fetched_at": "2025-07-15T15:20:18.344970+00:00", "symbol": "BTC-USD"}, {"trade_id": 849687210, "side": "sell", "size": "0.00237945", "price": "116206.77000000", "time": "2025-07-15T15:20:08.148265Z", "fetched_at": "2025-07-15T15:20:18.344970+00:00", "symbol": "BTC-USD"}, {"trade_id": 849687209, "side": "sell", "size": "0.00237945", "price": "116206.77000000", "time": "2025-07-15T15:20:08.142036Z", "fetched_at": "2025-07-15T15:20:18.344970+00:00", "symbol": "BTC-USD"}, {"trade_id": 849687208, "side": "sell", "size": "0.02289415", "price": "116206.77000000", "time": "2025-07-15T15:20:08.075294Z", "fetched_at": "2025-07-15T15:20:18.344970+00:00", "symbol": "BTC-USD"}, {"trade_id": 849687207, "side": "sell", "size": "0.01782785", "price": "116206.77000000", "time": "2025-07-15T15:20:08.061707Z", "fetched_at": "2025-07-15T15:20:18.344970+00:00", "symbol": "BTC-USD"}, {"trade_id": 849687206, "side": "buy", "size": "0.00500000", "price": "116209.19000000", "time": "2025-07-15T15:20:08.034431Z", "fetched_at": "2025-07-15T15:20:18.344970+00:00", "symbol": "BTC-USD"}, {"trade_id": 849687205, "side": "sell", "size": "0.01911147", "price": "116210.26000000", "time": "2025-07-15T15:20:08.014312Z", "fetched_at": "2025-07-15T15:20:18.344970+00:00", "symbol": "BTC-USD"}, {"trade_id": 849687204, "side": "sell", "size": "0.02522405", "price": "116210.26000000", "time": "2025-07-15T15:20:08.014312Z", "fetched_at": "2025-07-15T15:20:18.344970+00:00", "symbol": "BTC-USD"}, {"trade_id": 849687203, "side": "sell", "size": "0.00044000", "price": "116210.26000000", "time": "2025-07-15T15:20:08.014312Z", "fetched_at": "2025-07-15T15:20:18.344970+00:00", "symbol": "BTC-USD"}, {"trade_id": 849687202, "side": "buy", "size": "0.00661435", "price": "116210.25000000", "time": "2025-07-15T15:20:08.011361Z", "fetched_at": "2025-07-15T15:20:18.344970+00:00", "symbol": "BTC-USD"}, {"trade_id": 849687201, "side": "buy", "size": "0.00619806", "price": "116210.25000000", "time": "2025-07-15T15:20:08.010205Z", "fetched_at": "2025-07-15T15:20:18.344970+00:00", "symbol": "BTC-USD"}, {"trade_id": 849687200, "side": "buy", "size": "0.01920862", "price": "116210.25000000", "time": "2025-07-15T15:20:08.009933Z", "fetched_at": "2025-07-15T15:20:18.344970+00:00", "symbol": "BTC-USD"}, {"trade_id": 849687199, "side": "buy", "size": "0.02795431", "price": "116210.25000000", "time": "2025-07-15T15:20:08.009777Z", "fetched_at": "2025-07-15T15:20:18.344970+00:00", "symbol": "BTC-USD"}, {"trade_id": 849687198, "side": "buy", "size": "0.00960960", "price": "116210.25000000", "time": "2025-07-15T15:20:08.009263Z", "fetched_at": "2025-07-15T15:20:18.344970+00:00", "symbol": "BTC-USD"}, {"trade_id": 849687197, "side": "buy", "size": "0.01640357", "price": "116210.25000000", "time": "2025-07-15T15:20:08.008947Z", "fetched_at": "2025-07-15T15:20:18.344970+00:00", "symbol": "BTC-USD"}, {"trade_id": 849687196, "side": "buy", "size": "0.01320761", "price": "116210.25000000", "time": "2025-07-15T15:20:08.006747Z", "fetched_at": "2025-07-15T15:20:18.344970+00:00", "symbol": "BTC-USD"}, {"trade_id": 849687195, "side": "buy", "size": "0.00316691", "price": "116210.25000000", "time": "2025-07-15T15:20:08.005338Z", "fetched_at": "2025-07-15T15:20:18.344970+00:00", "symbol": "BTC-USD"}, {"trade_id": 849687194, "side": "buy", "size": "0.00865657", "price": "116210.25000000", "time": "2025-07-15T15:20:08.005072Z", "fetched_at": "2025-07-15T15:20:18.344970+00:00", "symbol": "BTC-USD"}, {"trade_id": 849687193, "side": "buy", "size": "0.01095836", "price": "116210.25000000", "time": "2025-07-15T15:20:08.005062Z", "fetched_at": "2025-07-15T15:20:18.344970+00:00", "symbol": "BTC-USD"}, {"trade_id": 849687192, "side": "buy", "size": "0.23835108", "price": "116210.25000000", "time": "2025-07-15T15:20:08.004583Z", "fetched_at": "2025-07-15T15:20:18.344970+00:00", "symbol": "BTC-USD"}, {"trade_id": 849687191, "side": "buy", "size": "0.05000000", "price": "116210.26000000", "time": "2025-07-15T15:20:08.004583Z", "fetched_at": "2025-07-15T15:20:18.344970+00:00", "symbol": "BTC-USD"}, {"trade_id": 849687190, "side": "buy", "size": "0.00001000", "price": "116211.44000000", "time": "2025-07-15T15:20:08.004222Z", "fetched_at": "2025-07-15T15:20:18.344970+00:00", "symbol": "BTC-USD"}, {"trade_id": 849687189, "side": "buy", "size": "0.00512453", "price": "116211.97000000", "time": "2025-07-15T15:20:08.004222Z", "fetched_at": "2025-07-15T15:20:18.344970+00:00", "symbol": "BTC-USD"}, {"trade_id": 849687188, "side": "buy", "size": "0.02067592", "price": "116211.97000000", "time": "2025-07-15T15:20:08.000768Z", "fetched_at": "2025-07-15T15:20:18.344970+00:00", "symbol": "BTC-USD"}, {"trade_id": 849687187, "side": "buy", "size": "0.03961905", "price": "116214.46000000", "time": "2025-07-15T15:20:07.904192Z", "fetched_at": "2025-07-15T15:20:18.344970+00:00", "symbol": "BTC-USD"}, {"trade_id": 849687186, "side": "sell", "size": "0.00083174", "price": "116216.69000000", "time": "2025-07-15T15:20:07.900984Z", "fetched_at": "2025-07-15T15:20:18.344970+00:00", "symbol": "BTC-USD"}, {"trade_id": 849687185, "side": "buy", "size": "0.17998619", "price": "116216.52000000", "time": "2025-07-15T15:20:07.899586Z", "fetched_at": "2025-07-15T15:20:18.344970+00:00", "symbol": "BTC-USD"}, {"trade_id": 849687184, "side": "buy", "size": "0.00014627", "price": "116216.53000000", "time": "2025-07-15T15:20:07.899586Z", "fetched_at": "2025-07-15T15:20:18.344970+00:00", "symbol": "BTC-USD"}, {"trade_id": 849687183, "side": "buy", "size": "0.00890148", "price": "116216.68000000", "time": "2025-07-15T15:20:07.898182Z", "fetched_at": "2025-07-15T15:20:18.344970+00:00", "symbol": "BTC-USD"}, {"trade_id": 849687182, "side": "buy", "size": "0.01164357", "price": "116216.68000000", "time": "2025-07-15T15:20:07.898109Z", "fetched_at": "2025-07-15T15:20:18.344970+00:00", "symbol": "BTC-USD"}, {"trade_id": 849687181, "side": "buy", "size": "0.01082392", "price": "116216.68000000", "time": "2025-07-15T15:20:07.897602Z", "fetched_at": "2025-07-15T15:20:18.344970+00:00", "symbol": "BTC-USD"}, {"trade_id": 849687180, "side": "buy", "size": "0.01633771", "price": "116216.68000000", "time": "2025-07-15T15:20:07.897059Z", "fetched_at": "2025-07-15T15:20:18.344970+00:00", "symbol": "BTC-USD"}, {"trade_id": 849687179, "side": "buy", "size": "0.10135659", "price": "116216.68000000", "time": "2025-07-15T15:20:07.896818Z", "fetched_at": "2025-07-15T15:20:18.344970+00:00", "symbol": "BTC-USD"}, {"trade_id": 849687178, "side": "buy", "size": "0.02343950", "price": "116216.68000000", "time": "2025-07-15T15:20:07.895891Z", "fetched_at": "2025-07-15T15:20:18.344970+00:00", "symbol": "BTC-USD"}, {"trade_id": 849687177, "side": "buy", "size": "0.00545422", "price": "116216.68000000", "time": "2025-07-15T15:20:07.890143Z", "fetched_at": "2025-07-15T15:20:18.344970+00:00", "symbol": "BTC-USD"}, {"trade_id": 849687176, "side": "buy", "size": "0.05000000", "price": "116216.69000000", "time": "2025-07-15T15:20:07.890143Z", "fetched_at": "2025-07-15T15:20:18.344970+00:00", "symbol": "BTC-USD"}, {"trade_id": 849687175, "side": "buy", "size": "0.00860448", "price": "116218.57000000", "time": "2025-07-15T15:20:07.890143Z", "fetched_at": "2025-07-15T15:20:18.344970+00:00", "symbol": "BTC-USD"}, {"trade_id": 849687174, "side": "buy", "size": "0.09562493", "price": "116218.96000000", "time": "2025-07-15T15:20:07.890143Z", "fetched_at": "2025-07-15T15:20:18.344970+00:00", "symbol": "BTC-USD"}, {"trade_id": 849687173, "side": "buy", "size": "0.00002503", "price": "116218.96000000", "time": "2025-07-15T15:20:07.890143Z", "fetched_at": "2025-07-15T15:20:18.344970+00:00", "symbol": "BTC-USD"}, {"trade_id": 849687172, "side": "buy", "size": "0.00000576", "price": "116218.96000000", "time": "2025-07-15T15:20:07.890143Z", "fetched_at": "2025-07-15T15:20:18.344970+00:00", "symbol": "BTC-USD"}, {"trade_id": 849687171, "side": "buy", "size": "0.01757632", "price": "116219.67000000", "time": "2025-07-15T15:20:07.889607Z", "fetched_at": "2025-07-15T15:20:18.344970+00:00", "symbol": "BTC-USD"}, {"trade_id": 849687170, "side": "buy", "size": "0.00000163", "price": "116220.31000000", "time": "2025-07-15T15:20:07.889607Z", "fetched_at": "2025-07-15T15:20:18.344970+00:00", "symbol": "BTC-USD"}, {"trade_id": 849687169, "side": "buy", "size": "0.02725383", "price": "116220.31000000", "time": "2025-07-15T15:20:07.889607Z", "fetched_at": "2025-07-15T15:20:18.344970+00:00", "symbol": "BTC-USD"}, {"trade_id": 849687168, "side": "sell", "size": "0.00415382", "price": "116220.32000000", "time": "2025-07-15T15:20:07.774161Z", "fetched_at": "2025-07-15T15:20:18.344970+00:00", "symbol": "BTC-USD"}, {"trade_id": 849687167, "side": "sell", "size": "0.01207114", "price": "116220.32000000", "time": "2025-07-15T15:20:07.528710Z", "fetched_at": "2025-07-15T15:20:18.344970+00:00", "symbol": "BTC-USD"}, {"trade_id": 849687166, "side": "sell", "size": "0.00017079", "price": "116220.32000000", "time": "2025-07-15T15:20:07.363058Z", "fetched_at": "2025-07-15T15:20:18.344970+00:00", "symbol": "BTC-USD"}, {"trade_id": 849687165, "side": "sell", "size": "0.00874223", "price": "116220.32000000", "time": "2025-07-15T15:20:07.312972Z", "fetched_at": "2025-07-15T15:20:18.344970+00:00", "symbol": "BTC-USD"}, {"trade_id": 849687164, "side": "sell", "size": "0.00231646", "price": "116220.32000000", "time": "2025-07-15T15:20:07.237424Z", "fetched_at": "2025-07-15T15:20:18.344970+00:00", "symbol": "BTC-USD"}, {"trade_id": 849687163, "side": "sell", "size": "0.01463990", "price": "116220.32000000", "time": "2025-07-15T15:20:06.842107Z", "fetched_at": "2025-07-15T15:20:18.344970+00:00", "symbol": "BTC-USD"}, {"trade_id": 849687162, "side": "sell", "size": "0.00219230", "price": "116220.32000000", "time": "2025-07-15T15:20:06.561467Z", "fetched_at": "2025-07-15T15:20:18.344970+00:00", "symbol": "BTC-USD"}, {"trade_id": 849687161, "side": "sell", "size": "0.00280748", "price": "116220.32000000", "time": "2025-07-15T15:20:06.342832Z", "fetched_at": "2025-07-15T15:20:18.344970+00:00", "symbol": "BTC-USD"}, {"trade_id": 849687160, "side": "sell", "size": "0.00001588", "price": "116220.32000000", "time": "2025-07-15T15:20:06.227242Z", "fetched_at": "2025-07-15T15:20:18.344970+00:00", "symbol": "BTC-USD"}, {"trade_id": 849687159, "side": "sell", "size": "0.00645278", "price": "116220.32000000", "time": "2025-07-15T15:20:06.199850Z", "fetched_at": "2025-07-15T15:20:18.344970+00:00", "symbol": "BTC-USD"}, {"trade_id": 849687158, "side": "sell", "size": "0.00001023", "price": "116220.32000000", "time": "2025-07-15T15:20:05.685519Z", "fetched_at": "2025-07-15T15:20:18.344970+00:00", "symbol": "BTC-USD"}, {"trade_id": 849687157, "side": "sell", "size": "0.00025552", "price": "116220.32000000", "time": "2025-07-15T15:20:05.622467Z", "fetched_at": "2025-07-15T15:20:18.344970+00:00", "symbol": "BTC-USD"}, {"trade_id": 849687156, "side": "sell", "size": "0.00065081", "price": "116220.32000000", "time": "2025-07-15T15:20:05.604970Z", "fetched_at": "2025-07-15T15:20:18.344970+00:00", "symbol": "BTC-USD"}, {"trade_id": 849687155, "side": "sell", "size": "0.00167233", "price": "116220.32000000", "time": "2025-07-15T15:20:05.426214Z", "fetched_at": "2025-07-15T15:20:18.344970+00:00", "symbol": "BTC-USD"}, {"trade_id": 849687154, "side": "sell", "size": "0.01890432", "price": "116220.32000000", "time": "2025-07-15T15:20:05.343833Z", "fetched_at": "2025-07-15T15:20:18.344970+00:00", "symbol": "BTC-USD"}, {"trade_id": 849687153, "side": "sell", "size": "0.00264841", "price": "116220.32000000", "time": "2025-07-15T15:20:05.121989Z", "fetched_at": "2025-07-15T15:20:18.344970+00:00", "symbol": "BTC-USD"}, {"trade_id": 849687152, "side": "sell", "size": "0.00004046", "price": "116220.32000000", "time": "2025-07-15T15:20:04.932214Z", "fetched_at": "2025-07-15T15:20:18.344970+00:00", "symbol": "BTC-USD"}, {"trade_id": 849687151, "side": "sell", "size": "0.00029792", "price": "116220.32000000", "time": "2025-07-15T15:20:04.688098Z", "fetched_at": "2025-07-15T15:20:18.344970+00:00", "symbol": "BTC-USD"}, {"trade_id": 849687150, "side": "sell", "size": "0.00430217", "price": "116220.32000000", "time": "2025-07-15T15:20:04.663509Z", "fetched_at": "2025-07-15T15:20:18.344970+00:00", "symbol": "BTC-USD"}, {"trade_id": 849687149, "side": "sell", "size": "0.00001254", "price": "116220.32000000", "time": "2025-07-15T15:20:04.550603Z", "fetched_at": "2025-07-15T15:20:18.344970+00:00", "symbol": "BTC-USD"}, {"trade_id": 849687148, "side": "sell", "size": "0.16119638", "price": "116220.32000000", "time": "2025-07-15T15:20:04.489371Z", "fetched_at": "2025-07-15T15:20:18.344970+00:00", "symbol": "BTC-USD"}, {"trade_id": 849687147, "side": "sell", "size": "0.00618329", "price": "116220.32000000", "time": "2025-07-15T15:20:04.262215Z", "fetched_at": "2025-07-15T15:20:18.344970+00:00", "symbol": "BTC-USD"}, {"trade_id": 849687146, "side": "sell", "size": "0.00000638", "price": "116220.32000000", "time": "2025-07-15T15:20:04.256496Z", "fetched_at": "2025-07-15T15:20:18.344970+00:00", "symbol": "BTC-USD"}, {"trade_id": 849687145, "side": "sell", "size": "0.00167214", "price": "116220.32000000", "time": "2025-07-15T15:20:04.125922Z", "fetched_at": "2025-07-15T15:20:18.344970+00:00", "symbol": "BTC-USD"}, {"trade_id": 849687144, "side": "sell", "size": "0.00418034", "price": "116220.32000000", "time": "2025-07-15T15:20:04.083001Z", "fetched_at": "2025-07-15T15:20:18.344970+00:00", "symbol": "BTC-USD"}, {"trade_id": 849687143, "side": "sell", "size": "0.00166979", "price": "116220.32000000", "time": "2025-07-15T15:20:03.865280Z", "fetched_at": "2025-07-15T15:20:18.344970+00:00", "symbol": "BTC-USD"}, {"trade_id": 849687142, "side": "sell", "size": "0.00040798", "price": "116220.32000000", "time": "2025-07-15T15:20:03.819297Z", "fetched_at": "2025-07-15T15:20:18.344970+00:00", "symbol": "BTC-USD"}, {"trade_id": 849687141, "side": "sell", "size": "0.00860343", "price": "116220.32000000", "time": "2025-07-15T15:20:03.787490Z", "fetched_at": "2025-07-15T15:20:18.344970+00:00", "symbol": "BTC-USD"}, {"trade_id": 849687140, "side": "sell", "size": "0.00025666", "price": "116220.32000000", "time": "2025-07-15T15:20:03.753077Z", "fetched_at": "2025-07-15T15:20:18.344970+00:00", "symbol": "BTC-USD"}, {"trade_id": 849687139, "side": "sell", "size": "0.00833912", "price": "116220.32000000", "time": "2025-07-15T15:20:03.638489Z", "fetched_at": "2025-07-15T15:20:18.344970+00:00", "symbol": "BTC-USD"}, {"trade_id": 849687138, "side": "sell", "size": "0.00041803", "price": "116220.32000000", "time": "2025-07-15T15:20:03.574156Z", "fetched_at": "2025-07-15T15:20:18.344970+00:00", "symbol": "BTC-USD"}, {"trade_id": 849687137, "side": "buy", "size": "0.05111395", "price": "116220.31000000", "time": "2025-07-15T15:20:03.533747Z", "fetched_at": "2025-07-15T15:20:18.344970+00:00", "symbol": "BTC-USD"}, {"trade_id": 849687136, "side": "buy", "size": "0.00008605", "price": "116220.31000000", "time": "2025-07-15T15:20:03.533747Z", "fetched_at": "2025-07-15T15:20:18.344970+00:00", "symbol": "BTC-USD"}, {"trade_id": 849687135, "side": "sell", "size": "0.00860371", "price": "116220.32000000", "time": "2025-07-15T15:20:03.434063Z", "fetched_at": "2025-07-15T15:20:18.344970+00:00", "symbol": "BTC-USD"}, {"trade_id": 849687134, "side": "sell", "size": "0.00343878", "price": "116220.32000000", "time": "2025-07-15T15:20:03.361992Z", "fetched_at": "2025-07-15T15:20:18.344970+00:00", "symbol": "BTC-USD"}, {"trade_id": 849687133, "side": "sell", "size": "0.00858272", "price": "116220.32000000", "time": "2025-07-15T15:20:02.931530Z", "fetched_at": "2025-07-15T15:20:18.344970+00:00", "symbol": "BTC-USD"}, {"trade_id": 849687132, "side": "sell", "size": "0.00020902", "price": "116220.32000000", "time": "2025-07-15T15:20:02.750985Z", "fetched_at": "2025-07-15T15:20:18.344970+00:00", "symbol": "BTC-USD"}, {"trade_id": 849687131, "side": "sell", "size": "0.01393782", "price": "116220.32000000", "time": "2025-07-15T15:20:02.551407Z", "fetched_at": "2025-07-15T15:20:18.344970+00:00", "symbol": "BTC-USD"}, {"trade_id": 849687130, "side": "sell", "size": "0.05278638", "price": "116220.32000000", "time": "2025-07-15T15:20:02.354984Z", "fetched_at": "2025-07-15T15:20:18.344970+00:00", "symbol": "BTC-USD"}, {"trade_id": 849687129, "side": "sell", "size": "0.00039490", "price": "116220.32000000", "time": "2025-07-15T15:20:02.118129Z", "fetched_at": "2025-07-15T15:20:18.344970+00:00", "symbol": "BTC-USD"}, {"trade_id": 849687128, "side": "sell", "size": "0.00197223", "price": "116220.32000000", "time": "2025-07-15T15:20:01.877465Z", "fetched_at": "2025-07-15T15:20:18.344970+00:00", "symbol": "BTC-USD"}, {"trade_id": 849687127, "side": "sell", "size": "0.02391672", "price": "116220.32000000", "time": "2025-07-15T15:20:01.661674Z", "fetched_at": "2025-07-15T15:20:18.344970+00:00", "symbol": "BTC-USD"}, {"trade_id": 849687126, "side": "sell", "size": "0.01022088", "price": "116220.32000000", "time": "2025-07-15T15:20:01.526082Z", "fetched_at": "2025-07-15T15:20:18.344970+00:00", "symbol": "BTC-USD"}, {"trade_id": 849687125, "side": "sell", "size": "0.03352557", "price": "116220.32000000", "time": "2025-07-15T15:20:01.434394Z", "fetched_at": "2025-07-15T15:20:18.344970+00:00", "symbol": "BTC-USD"}, {"trade_id": 849687124, "side": "sell", "size": "0.00016319", "price": "116220.32000000", "time": "2025-07-15T15:20:01.417550Z", "fetched_at": "2025-07-15T15:20:18.344970+00:00", "symbol": "BTC-USD"}, {"trade_id": 849687123, "side": "sell", "size": "0.00062047", "price": "116220.32000000", "time": "2025-07-15T15:20:01.352334Z", "fetched_at": "2025-07-15T15:20:18.344970+00:00", "symbol": "BTC-USD"}, {"trade_id": 849687122, "side": "sell", "size": "0.00860293", "price": "116220.32000000", "time": "2025-07-15T15:20:01.211876Z", "fetched_at": "2025-07-15T15:20:18.344970+00:00", "symbol": "BTC-USD"}, {"trade_id": 849687121, "side": "sell", "size": "0.00083607", "price": "116220.32000000", "time": "2025-07-15T15:20:01.048885Z", "fetched_at": "2025-07-15T15:20:18.344970+00:00", "symbol": "BTC-USD"}, {"trade_id": 849687120, "side": "sell", "size": "0.00016720", "price": "116220.32000000", "time": "2025-07-15T15:20:01.045895Z", "fetched_at": "2025-07-15T15:20:18.344970+00:00", "symbol": "BTC-USD"}, {"trade_id": 849687119, "side": "sell", "size": "0.00609618", "price": "116220.32000000", "time": "2025-07-15T15:20:00.964381Z", "fetched_at": "2025-07-15T15:20:18.344970+00:00", "symbol": "BTC-USD"}, {"trade_id": 849687118, "side": "sell", "size": "0.00081605", "price": "116220.32000000", "time": "2025-07-15T15:20:00.932659Z", "fetched_at": "2025-07-15T15:20:18.344970+00:00", "symbol": "BTC-USD"}, {"trade_id": 849687117, "side": "sell", "size": "0.00004046", "price": "116220.32000000", "time": "2025-07-15T15:20:00.757171Z", "fetched_at": "2025-07-15T15:20:18.344970+00:00", "symbol": "BTC-USD"}, {"trade_id": 849687116, "side": "sell", "size": "0.00123280", "price": "116220.32000000", "time": "2025-07-15T15:20:00.748105Z", "fetched_at": "2025-07-15T15:20:18.344970+00:00", "symbol": "BTC-USD"}, {"trade_id": 849687115, "side": "sell", "size": "0.00083607", "price": "116220.32000000", "time": "2025-07-15T15:20:00.681857Z", "fetched_at": "2025-07-15T15:20:18.344970+00:00", "symbol": "BTC-USD"}, {"trade_id": 849687114, "side": "sell", "size": "0.00008517", "price": "116220.32000000", "time": "2025-07-15T15:20:00.600947Z", "fetched_at": "2025-07-15T15:20:18.344970+00:00", "symbol": "BTC-USD"}, {"trade_id": 849687113, "side": "sell", "size": "0.00000008", "price": "116220.32000000", "time": "2025-07-15T15:20:00.583183Z", "fetched_at": "2025-07-15T15:20:18.344970+00:00", "symbol": "BTC-USD"}, {"trade_id": 849687112, "side": "sell", "size": "0.00008506", "price": "116220.32000000", "time": "2025-07-15T15:20:00.558698Z", "fetched_at": "2025-07-15T15:20:18.344970+00:00", "symbol": "BTC-USD"}, {"trade_id": 849687111, "side": "sell", "size": "0.12526930", "price": "116220.32000000", "time": "2025-07-15T15:20:00.516088Z", "fetched_at": "2025-07-15T15:20:18.344970+00:00", "symbol": "BTC-USD"}, {"trade_id": 849687110, "side": "sell", "size": "0.01720869", "price": "116220.32000000", "time": "2025-07-15T15:20:00.329956Z", "fetched_at": "2025-07-15T15:20:18.344970+00:00", "symbol": "BTC-USD"}, {"trade_id": 849687109, "side": "sell", "size": "0.08530795", "price": "116220.32000000", "time": "2025-07-15T15:20:00.300827Z", "fetched_at": "2025-07-15T15:20:18.344970+00:00", "symbol": "BTC-USD"}, {"trade_id": 849687108, "side": "sell", "size": "0.00083607", "price": "116220.32000000", "time": "2025-07-15T15:20:00.256344Z", "fetched_at": "2025-07-15T15:20:18.344970+00:00", "symbol": "BTC-USD"}, {"trade_id": 849687107, "side": "sell", "size": "0.00256026", "price": "116220.32000000", "time": "2025-07-15T15:20:00.123453Z", "fetched_at": "2025-07-15T15:20:18.344970+00:00", "symbol": "BTC-USD"}, {"trade_id": 849687106, "side": "sell", "size": "0.00645326", "price": "116220.32000000", "time": "2025-07-15T15:20:00.082620Z", "fetched_at": "2025-07-15T15:20:18.344970+00:00", "symbol": "BTC-USD"}, {"trade_id": 849687105, "side": "sell", "size": "0.00041803", "price": "116220.32000000", "time": "2025-07-15T15:19:59.937729Z", "fetched_at": "2025-07-15T15:20:18.344970+00:00", "symbol": "BTC-USD"}, {"trade_id": 849687104, "side": "sell", "size": "0.00000008", "price": "116220.32000000", "time": "2025-07-15T15:19:59.921713Z", "fetched_at": "2025-07-15T15:20:18.344970+00:00", "symbol": "BTC-USD"}, {"trade_id": 849687103, "side": "sell", "size": "0.00000430", "price": "116220.32000000", "time": "2025-07-15T15:19:59.896561Z", "fetched_at": "2025-07-15T15:20:18.344970+00:00", "symbol": "BTC-USD"}, {"trade_id": 849687102, "side": "sell", "size": "0.02777520", "price": "116220.32000000", "time": "2025-07-15T15:19:59.871371Z", "fetched_at": "2025-07-15T15:20:18.344970+00:00", "symbol": "BTC-USD"}, {"trade_id": 849687101, "side": "sell", "size": "0.00083606", "price": "116220.32000000", "time": "2025-07-15T15:19:59.828369Z", "fetched_at": "2025-07-15T15:20:18.344970+00:00", "symbol": "BTC-USD"}, {"trade_id": 849687100, "side": "sell", "size": "0.00008304", "price": "116220.32000000", "time": "2025-07-15T15:19:59.635440Z", "fetched_at": "2025-07-15T15:20:18.344970+00:00", "symbol": "BTC-USD"}, {"trade_id": 849687099, "side": "sell", "size": "0.17306220", "price": "116220.32000000", "time": "2025-07-15T15:19:59.627914Z", "fetched_at": "2025-07-15T15:20:18.344970+00:00", "symbol": "BTC-USD"}, {"trade_id": 849687098, "side": "sell", "size": "0.00430217", "price": "116220.32000000", "time": "2025-07-15T15:19:59.622935Z", "fetched_at": "2025-07-15T15:20:18.344970+00:00", "symbol": "BTC-USD"}, {"trade_id": 849687097, "side": "sell", "size": "0.00041803", "price": "116220.32000000", "time": "2025-07-15T15:19:59.471778Z", "fetched_at": "2025-07-15T15:20:18.344970+00:00", "symbol": "BTC-USD"}, {"trade_id": 849687096, "side": "sell", "size": "0.01470118", "price": "116220.32000000", "time": "2025-07-15T15:19:59.392684Z", "fetched_at": "2025-07-15T15:20:18.344970+00:00", "symbol": "BTC-USD"}, {"trade_id": 849687095, "side": "sell", "size": "0.00534468", "price": "116220.32000000", "time": "2025-07-15T15:19:59.381776Z", "fetched_at": "2025-07-15T15:20:18.344970+00:00", "symbol": "BTC-USD"}, {"trade_id": 849687094, "side": "sell", "size": "0.00300000", "price": "116218.97000000", "time": "2025-07-15T15:19:59.381776Z", "fetched_at": "2025-07-15T15:20:18.344970+00:00", "symbol": "BTC-USD"}, {"trade_id": 849687093, "side": "sell", "size": "0.00001600", "price": "116218.97000000", "time": "2025-07-15T15:19:59.381776Z", "fetched_at": "2025-07-15T15:20:18.344970+00:00", "symbol": "BTC-USD"}, {"trade_id": 849687092, "side": "sell", "size": "0.01929634", "price": "116218.97000000", "time": "2025-07-15T15:19:58.920631Z", "fetched_at": "2025-07-15T15:20:18.344970+00:00", "symbol": "BTC-USD"}, {"trade_id": 849687091, "side": "sell", "size": "0.00620000", "price": "116218.97000000", "time": "2025-07-15T15:19:58.836673Z", "fetched_at": "2025-07-15T15:20:18.344970+00:00", "symbol": "BTC-USD"}, {"trade_id": 849687090, "side": "sell", "size": "0.00083607", "price": "116218.97000000", "time": "2025-07-15T15:19:58.795438Z", "fetched_at": "2025-07-15T15:20:18.344970+00:00", "symbol": "BTC-USD"}, {"trade_id": 849687089, "side": "sell", "size": "0.00040798", "price": "116218.97000000", "time": "2025-07-15T15:19:58.742440Z", "fetched_at": "2025-07-15T15:20:18.344970+00:00", "symbol": "BTC-USD"}, {"trade_id": 849687088, "side": "sell", "size": "0.00209017", "price": "116218.97000000", "time": "2025-07-15T15:19:58.740236Z", "fetched_at": "2025-07-15T15:20:18.344970+00:00", "symbol": "BTC-USD"}, {"trade_id": 849687087, "side": "sell", "size": "0.05018000", "price": "116218.97000000", "time": "2025-07-15T15:19:58.730879Z", "fetched_at": "2025-07-15T15:20:18.344970+00:00", "symbol": "BTC-USD"}, {"trade_id": 849687086, "side": "sell", "size": "0.00782321", "price": "116218.97000000", "time": "2025-07-15T15:19:58.717665Z", "fetched_at": "2025-07-15T15:20:18.344970+00:00", "symbol": "BTC-USD"}, {"trade_id": 849687085, "side": "sell", "size": "0.01994040", "price": "116218.97000000", "time": "2025-07-15T15:19:58.714957Z", "fetched_at": "2025-07-15T15:20:18.344970+00:00", "symbol": "BTC-USD"}, {"trade_id": 849687084, "side": "sell", "size": "0.01396575", "price": "116218.97000000", "time": "2025-07-15T15:19:58.714938Z", "fetched_at": "2025-07-15T15:20:18.344970+00:00", "symbol": "BTC-USD"}, {"trade_id": 849687083, "side": "sell", "size": "0.00125410", "price": "116218.97000000", "time": "2025-07-15T15:19:58.709130Z", "fetched_at": "2025-07-15T15:20:18.344970+00:00", "symbol": "BTC-USD"}, {"trade_id": 849687082, "side": "sell", "size": "0.01833581", "price": "116218.97000000", "time": "2025-07-15T15:19:58.620094Z", "fetched_at": "2025-07-15T15:20:18.344970+00:00", "symbol": "BTC-USD"}, {"trade_id": 849687081, "side": "sell", "size": "0.01377860", "price": "116218.97000000", "time": "2025-07-15T15:19:58.605138Z", "fetched_at": "2025-07-15T15:20:18.344970+00:00", "symbol": "BTC-USD"}, {"trade_id": 849687080, "side": "sell", "size": "0.00862846", "price": "116218.97000000", "time": "2025-07-15T15:19:58.602936Z", "fetched_at": "2025-07-15T15:20:18.344970+00:00", "symbol": "BTC-USD"}, {"trade_id": 849687079, "side": "sell", "size": "0.00016720", "price": "116218.97000000", "time": "2025-07-15T15:19:58.515956Z", "fetched_at": "2025-07-15T15:20:18.344970+00:00", "symbol": "BTC-USD"}, {"trade_id": 849687078, "side": "sell", "size": "0.00334427", "price": "116218.97000000", "time": "2025-07-15T15:19:58.489271Z", "fetched_at": "2025-07-15T15:20:18.344970+00:00", "symbol": "BTC-USD"}, {"trade_id": 849687077, "side": "sell", "size": "0.00041803", "price": "116218.97000000", "time": "2025-07-15T15:19:58.432737Z", "fetched_at": "2025-07-15T15:20:18.344970+00:00", "symbol": "BTC-USD"}, {"trade_id": 849687076, "side": "sell", "size": "0.00016457", "price": "116218.97000000", "time": "2025-07-15T15:19:58.376789Z", "fetched_at": "2025-07-15T15:20:18.344970+00:00", "symbol": "BTC-USD"}, {"trade_id": 849687075, "side": "sell", "size": "0.00016720", "price": "116218.97000000", "time": "2025-07-15T15:19:58.367861Z", "fetched_at": "2025-07-15T15:20:18.344970+00:00", "symbol": "BTC-USD"}, {"trade_id": 849687074, "side": "sell", "size": "0.00020902", "price": "116218.97000000", "time": "2025-07-15T15:19:58.324712Z", "fetched_at": "2025-07-15T15:20:18.344970+00:00", "symbol": "BTC-USD"}, {"trade_id": 849687073, "side": "sell", "size": "0.00020000", "price": "116218.97000000", "time": "2025-07-15T15:19:58.306501Z", "fetched_at": "2025-07-15T15:20:18.344970+00:00", "symbol": "BTC-USD"}, {"trade_id": 849687072, "side": "sell", "size": "0.00280078", "price": "116218.97000000", "time": "2025-07-15T15:19:58.282247Z", "fetched_at": "2025-07-15T15:20:18.344970+00:00", "symbol": "BTC-USD"}, {"trade_id": 849687071, "side": "sell", "size": "0.00081605", "price": "116218.97000000", "time": "2025-07-15T15:19:58.267021Z", "fetched_at": "2025-07-15T15:20:18.344970+00:00", "symbol": "BTC-USD"}, {"trade_id": 849687070, "side": "sell", "size": "0.00088578", "price": "116218.97000000", "time": "2025-07-15T15:19:58.138320Z", "fetched_at": "2025-07-15T15:20:18.344970+00:00", "symbol": "BTC-USD"}, {"trade_id": 849687069, "side": "sell", "size": "0.00008517", "price": "116218.97000000", "time": "2025-07-15T15:19:58.080081Z", "fetched_at": "2025-07-15T15:20:18.344970+00:00", "symbol": "BTC-USD"}, {"trade_id": 849687068, "side": "sell", "size": "0.00041803", "price": "116218.97000000", "time": "2025-07-15T15:19:58.055291Z", "fetched_at": "2025-07-15T15:20:18.344970+00:00", "symbol": "BTC-USD"}, {"trade_id": 849687067, "side": "sell", "size": "0.00260996", "price": "116218.97000000", "time": "2025-07-15T15:19:57.896266Z", "fetched_at": "2025-07-15T15:20:18.344970+00:00", "symbol": "BTC-USD"}, {"trade_id": 849687066, "side": "sell", "size": "0.00020902", "price": "116218.97000000", "time": "2025-07-15T15:19:57.797676Z", "fetched_at": "2025-07-15T15:20:18.344970+00:00", "symbol": "BTC-USD"}, {"trade_id": 849687065, "side": "sell", "size": "0.00041803", "price": "116218.97000000", "time": "2025-07-15T15:19:57.795493Z", "fetched_at": "2025-07-15T15:20:18.344970+00:00", "symbol": "BTC-USD"}, {"trade_id": 849687064, "side": "sell", "size": "0.00017035", "price": "116218.97000000", "time": "2025-07-15T15:19:57.784200Z", "fetched_at": "2025-07-15T15:20:18.344970+00:00", "symbol": "BTC-USD"}, {"trade_id": 849687063, "side": "sell", "size": "0.00418034", "price": "116218.97000000", "time": "2025-07-15T15:19:57.739895Z", "fetched_at": "2025-07-15T15:20:18.344970+00:00", "symbol": "BTC-USD"}, {"trade_id": 849687062, "side": "sell", "size": "0.00041803", "price": "116218.97000000", "time": "2025-07-15T15:19:57.731258Z", "fetched_at": "2025-07-15T15:20:18.344970+00:00", "symbol": "BTC-USD"}, {"trade_id": 849687061, "side": "sell", "size": "0.00292403", "price": "116218.97000000", "time": "2025-07-15T15:19:57.599545Z", "fetched_at": "2025-07-15T15:20:18.344970+00:00", "symbol": "BTC-USD"}, {"trade_id": 849687060, "side": "sell", "size": "0.00008160", "price": "116218.97000000", "time": "2025-07-15T15:19:57.566554Z", "fetched_at": "2025-07-15T15:20:18.344970+00:00", "symbol": "BTC-USD"}, {"trade_id": 849687059, "side": "sell", "size": "0.00860444", "price": "116218.97000000", "time": "2025-07-15T15:19:57.563478Z", "fetched_at": "2025-07-15T15:20:18.344970+00:00", "symbol": "BTC-USD"}, {"trade_id": 849687058, "side": "sell", "size": "0.00085174", "price": "116218.97000000", "time": "2025-07-15T15:19:57.539739Z", "fetched_at": "2025-07-15T15:20:18.344970+00:00", "symbol": "BTC-USD"}, {"trade_id": 849687057, "side": "sell", "size": "0.00214678", "price": "116218.97000000", "time": "2025-07-15T15:19:57.531408Z", "fetched_at": "2025-07-15T15:20:18.344970+00:00", "symbol": "BTC-USD"}, {"trade_id": 849687056, "side": "sell", "size": "0.04033760", "price": "116218.97000000", "time": "2025-07-15T15:19:57.518555Z", "fetched_at": "2025-07-15T15:20:18.344970+00:00", "symbol": "BTC-USD"}, {"trade_id": 849687055, "side": "sell", "size": "0.00012239", "price": "116218.97000000", "time": "2025-07-15T15:19:57.445310Z", "fetched_at": "2025-07-15T15:20:18.344970+00:00", "symbol": "BTC-USD"}, {"trade_id": 849687054, "side": "sell", "size": "0.00041803", "price": "116218.97000000", "time": "2025-07-15T15:19:57.443283Z", "fetched_at": "2025-07-15T15:20:18.344970+00:00", "symbol": "BTC-USD"}, {"trade_id": 849687053, "side": "sell", "size": "0.01079470", "price": "116218.97000000", "time": "2025-07-15T15:19:57.367543Z", "fetched_at": "2025-07-15T15:20:18.344970+00:00", "symbol": "BTC-USD"}, {"trade_id": 849687052, "side": "sell", "size": "0.00008730", "price": "116218.97000000", "time": "2025-07-15T15:19:57.363263Z", "fetched_at": "2025-07-15T15:20:18.344970+00:00", "symbol": "BTC-USD"}, {"trade_id": 849687051, "side": "sell", "size": "0.00025084", "price": "116218.97000000", "time": "2025-07-15T15:19:57.329907Z", "fetched_at": "2025-07-15T15:20:18.344970+00:00", "symbol": "BTC-USD"}, {"trade_id": 849687050, "side": "sell", "size": "0.00020399", "price": "116218.97000000", "time": "2025-07-15T15:19:57.248941Z", "fetched_at": "2025-07-15T15:20:18.344970+00:00", "symbol": "BTC-USD"}, {"trade_id": 849687049, "side": "sell", "size": "0.02187748", "price": "116218.97000000", "time": "2025-07-15T15:19:57.222429Z", "fetched_at": "2025-07-15T15:20:18.344970+00:00", "symbol": "BTC-USD"}, {"trade_id": 849687048, "side": "sell", "size": "0.19571983", "price": "116218.97000000", "time": "2025-07-15T15:19:57.221547Z", "fetched_at": "2025-07-15T15:20:18.344970+00:00", "symbol": "BTC-USD"}, {"trade_id": 849687047, "side": "sell", "size": "0.02434580", "price": "116218.97000000", "time": "2025-07-15T15:19:57.150577Z", "fetched_at": "2025-07-15T15:20:18.344970+00:00", "symbol": "BTC-USD"}, {"trade_id": 849687046, "side": "sell", "size": "0.24658897", "price": "116218.97000000", "time": "2025-07-15T15:19:56.909847Z", "fetched_at": "2025-07-15T15:20:18.344970+00:00", "symbol": "BTC-USD"}, {"trade_id": 849687045, "side": "sell", "size": "0.00008304", "price": "116218.97000000", "time": "2025-07-15T15:19:56.802851Z", "fetched_at": "2025-07-15T15:20:18.344970+00:00", "symbol": "BTC-USD"}, {"trade_id": 849687044, "side": "sell", "size": "0.00033439", "price": "116218.97000000", "time": "2025-07-15T15:19:56.715777Z", "fetched_at": "2025-07-15T15:20:18.344970+00:00", "symbol": "BTC-USD"}, {"trade_id": 849687043, "side": "sell", "size": "0.00011485", "price": "116218.97000000", "time": "2025-07-15T15:19:56.593147Z", "fetched_at": "2025-07-15T15:20:18.344970+00:00", "symbol": "BTC-USD"}, {"trade_id": 849687042, "side": "sell", "size": "0.00008517", "price": "116218.97000000", "time": "2025-07-15T15:19:56.509257Z", "fetched_at": "2025-07-15T15:20:18.344970+00:00", "symbol": "BTC-USD"}, {"trade_id": 849687041, "side": "sell", "size": "0.00081605", "price": "116218.97000000", "time": "2025-07-15T15:19:56.495974Z", "fetched_at": "2025-07-15T15:20:18.344970+00:00", "symbol": "BTC-USD"}, {"trade_id": 849687040, "side": "sell", "size": "0.00040798", "price": "116218.97000000", "time": "2025-07-15T15:19:56.452232Z", "fetched_at": "2025-07-15T15:20:18.344970+00:00", "symbol": "BTC-USD"}, {"trade_id": 849687039, "side": "sell", "size": "0.00050000", "price": "116218.97000000", "time": "2025-07-15T15:19:56.171316Z", "fetched_at": "2025-07-15T15:20:18.344970+00:00", "symbol": "BTC-USD"}, {"trade_id": 849687038, "side": "sell", "size": "0.00004216", "price": "116218.97000000", "time": "2025-07-15T15:19:56.039985Z", "fetched_at": "2025-07-15T15:20:18.344970+00:00", "symbol": "BTC-USD"}, {"trade_id": 849687037, "side": "sell", "size": "0.00034729", "price": "116218.97000000", "time": "2025-07-15T15:19:56.030705Z", "fetched_at": "2025-07-15T15:20:18.344970+00:00", "symbol": "BTC-USD"}, {"trade_id": 849687036, "side": "sell", "size": "0.00030912", "price": "116218.97000000", "time": "2025-07-15T15:19:55.941163Z", "fetched_at": "2025-07-15T15:20:18.344970+00:00", "symbol": "BTC-USD"}, {"trade_id": 849687035, "side": "buy", "size": "0.00000267", "price": "116218.96000000", "time": "2025-07-15T15:19:55.814667Z", "fetched_at": "2025-07-15T15:20:18.344970+00:00", "symbol": "BTC-USD"}, {"trade_id": 849687034, "side": "sell", "size": "0.00162118", "price": "116218.97000000", "time": "2025-07-15T15:19:55.726544Z", "fetched_at": "2025-07-15T15:20:18.344970+00:00", "symbol": "BTC-USD"}, {"trade_id": 849687033, "side": "sell", "size": "0.00004080", "price": "116218.97000000", "time": "2025-07-15T15:19:55.509654Z", "fetched_at": "2025-07-15T15:20:18.344970+00:00", "symbol": "BTC-USD"}, {"trade_id": 849687032, "side": "sell", "size": "0.00824125", "price": "116218.97000000", "time": "2025-07-15T15:19:55.454256Z", "fetched_at": "2025-07-15T15:20:18.344970+00:00", "symbol": "BTC-USD"}, {"trade_id": 849687031, "side": "sell", "size": "0.08360634", "price": "116218.97000000", "time": "2025-07-15T15:19:55.381181Z", "fetched_at": "2025-07-15T15:20:18.344970+00:00", "symbol": "BTC-USD"}, {"trade_id": 849687030, "side": "sell", "size": "0.02600000", "price": "116218.97000000", "time": "2025-07-15T15:19:55.368398Z", "fetched_at": "2025-07-15T15:20:18.344970+00:00", "symbol": "BTC-USD"}, {"trade_id": 849687029, "side": "sell", "size": "0.00041803", "price": "116218.97000000", "time": "2025-07-15T15:19:55.335095Z", "fetched_at": "2025-07-15T15:20:18.344970+00:00", "symbol": "BTC-USD"}, {"trade_id": 849687028, "side": "sell", "size": "0.00686789", "price": "116218.97000000", "time": "2025-07-15T15:19:55.185666Z", "fetched_at": "2025-07-15T15:20:18.344970+00:00", "symbol": "BTC-USD"}, {"trade_id": 849687027, "side": "sell", "size": "0.00081605", "price": "116218.97000000", "time": "2025-07-15T15:19:55.181758Z", "fetched_at": "2025-07-15T15:20:18.344970+00:00", "symbol": "BTC-USD"}, {"trade_id": 849687026, "side": "sell", "size": "0.00041803", "price": "116218.97000000", "time": "2025-07-15T15:19:54.997368Z", "fetched_at": "2025-07-15T15:20:18.344970+00:00", "symbol": "BTC-USD"}, {"trade_id": 849687025, "side": "sell", "size": "0.00874150", "price": "116218.97000000", "time": "2025-07-15T15:19:54.893001Z", "fetched_at": "2025-07-15T15:20:18.344970+00:00", "symbol": "BTC-USD"}, {"trade_id": 849687024, "side": "sell", "size": "0.00209017", "price": "116218.97000000", "time": "2025-07-15T15:19:54.802809Z", "fetched_at": "2025-07-15T15:20:18.344970+00:00", "symbol": "BTC-USD"}, {"trade_id": 849687023, "side": "sell", "size": "0.00085175", "price": "116218.97000000", "time": "2025-07-15T15:19:54.740735Z", "fetched_at": "2025-07-15T15:20:18.344970+00:00", "symbol": "BTC-USD"}, {"trade_id": 849687022, "side": "sell", "size": "0.04380659", "price": "116218.97000000", "time": "2025-07-15T15:19:54.656448Z", "fetched_at": "2025-07-15T15:20:18.344970+00:00", "symbol": "BTC-USD"}, {"trade_id": 849687021, "side": "sell", "size": "0.00020902", "price": "116218.97000000", "time": "2025-07-15T15:19:54.651196Z", "fetched_at": "2025-07-15T15:20:18.344970+00:00", "symbol": "BTC-USD"}, {"trade_id": 849687020, "side": "sell", "size": "0.00006601", "price": "116218.97000000", "time": "2025-07-15T15:19:54.395705Z", "fetched_at": "2025-07-15T15:20:18.344970+00:00", "symbol": "BTC-USD"}, {"trade_id": 849687019, "side": "sell", "size": "0.00400304", "price": "116218.97000000", "time": "2025-07-15T15:19:54.375329Z", "fetched_at": "2025-07-15T15:20:18.344970+00:00", "symbol": "BTC-USD"}, {"trade_id": 849687018, "side": "sell", "size": "0.00430222", "price": "116218.97000000", "time": "2025-07-15T15:19:54.324248Z", "fetched_at": "2025-07-15T15:20:18.344970+00:00", "symbol": "BTC-USD"}, {"trade_id": 849687017, "side": "sell", "size": "0.01720559", "price": "116218.97000000", "time": "2025-07-15T15:19:54.177681Z", "fetched_at": "2025-07-15T15:20:18.344970+00:00", "symbol": "BTC-USD"}, {"trade_id": 849687016, "side": "sell", "size": "0.07161896", "price": "116218.97000000", "time": "2025-07-15T15:19:54.109723Z", "fetched_at": "2025-07-15T15:20:18.344970+00:00", "symbol": "BTC-USD"}, {"trade_id": 849687015, "side": "sell", "size": "0.01416149", "price": "116218.97000000", "time": "2025-07-15T15:19:53.828873Z", "fetched_at": "2025-07-15T15:20:18.344970+00:00", "symbol": "BTC-USD"}, {"trade_id": 849687014, "side": "sell", "size": "0.00364413", "price": "116218.97000000", "time": "2025-07-15T15:19:53.705067Z", "fetched_at": "2025-07-15T15:20:18.344970+00:00", "symbol": "BTC-USD"}, {"trade_id": 849687013, "side": "sell", "size": "0.05737713", "price": "116218.97000000", "time": "2025-07-15T15:19:53.568586Z", "fetched_at": "2025-07-15T15:20:18.344970+00:00", "symbol": "BTC-USD"}, {"trade_id": 849687012, "side": "sell", "size": "0.09089967", "price": "116218.97000000", "time": "2025-07-15T15:19:53.280203Z", "fetched_at": "2025-07-15T15:20:18.344970+00:00", "symbol": "BTC-USD"}, {"trade_id": 849687011, "side": "sell", "size": "0.00031694", "price": "116218.97000000", "time": "2025-07-15T15:19:53.144086Z", "fetched_at": "2025-07-15T15:20:18.344970+00:00", "symbol": "BTC-USD"}, {"trade_id": 849687010, "side": "sell", "size": "1.00000000", "price": "116218.97000000", "time": "2025-07-15T15:19:52.788206Z", "fetched_at": "2025-07-15T15:20:18.344970+00:00", "symbol": "BTC-USD"}, {"trade_id": 849687009, "side": "sell", "size": "5.00000000", "price": "116218.97000000", "time": "2025-07-15T15:19:52.785948Z", "fetched_at": "2025-07-15T15:20:18.344970+00:00", "symbol": "BTC-USD"}, {"trade_id": 849687008, "side": "sell", "size": "0.00487487", "price": "116218.28000000", "time": "2025-07-15T15:19:52.746600Z", "fetched_at": "2025-07-15T15:20:18.344970+00:00", "symbol": "BTC-USD"}, {"trade_id": 849687007, "side": "sell", "size": "0.00372963", "price": "116218.28000000", "time": "2025-07-15T15:19:52.738641Z", "fetched_at": "2025-07-15T15:20:18.344970+00:00", "symbol": "BTC-USD"}, {"trade_id": 849687006, "side": "sell", "size": "0.01709903", "price": "116216.54000000", "time": "2025-07-15T15:19:52.715027Z", "fetched_at": "2025-07-15T15:20:18.344970+00:00", "symbol": "BTC-USD"}, {"trade_id": 849687005, "side": "sell", "size": "0.00418034", "price": "116216.54000000", "time": "2025-07-15T15:19:52.684506Z", "fetched_at": "2025-07-15T15:20:18.344970+00:00", "symbol": "BTC-USD"}, {"trade_id": 849687004, "side": "sell", "size": "0.03541463", "price": "116216.54000000", "time": "2025-07-15T15:19:52.602977Z", "fetched_at": "2025-07-15T15:20:18.344970+00:00", "symbol": "BTC-USD"}, {"trade_id": 849687003, "side": "sell", "size": "0.00645347", "price": "116216.54000000", "time": "2025-07-15T15:19:52.602477Z", "fetched_at": "2025-07-15T15:20:18.344970+00:00", "symbol": "BTC-USD"}, {"trade_id": 849687002, "side": "sell", "size": "0.02014813", "price": "116216.54000000", "time": "2025-07-15T15:19:52.574894Z", "fetched_at": "2025-07-15T15:20:18.344970+00:00", "symbol": "BTC-USD"}, {"trade_id": 849687001, "side": "sell", "size": "0.00041803", "price": "116216.54000000", "time": "2025-07-15T15:19:52.471992Z", "fetched_at": "2025-07-15T15:20:18.344970+00:00", "symbol": "BTC-USD"}, {"trade_id": 849687000, "side": "sell", "size": "0.00506706", "price": "116216.53000000", "time": "2025-07-15T15:19:52.348245Z", "fetched_at": "2025-07-15T15:20:18.344970+00:00", "symbol": "BTC-USD"}, {"trade_id": 849686999, "side": "sell", "size": "0.01779937", "price": "116216.53000000", "time": "2025-07-15T15:19:52.345330Z", "fetched_at": "2025-07-15T15:20:18.344970+00:00", "symbol": "BTC-USD"}, {"trade_id": 849686998, "side": "sell", "size": "0.02725273", "price": "116216.53000000", "time": "2025-07-15T15:19:52.342177Z", "fetched_at": "2025-07-15T15:20:18.344970+00:00", "symbol": "BTC-USD"}, {"trade_id": 849686997, "side": "sell", "size": "0.00019156", "price": "116228.80000000", "time": "2025-07-15T15:19:52.305961Z", "fetched_at": "2025-07-15T15:20:18.344970+00:00", "symbol": "BTC-USD"}, {"trade_id": 849686996, "side": "sell", "size": "0.00080478", "price": "116223.62000000", "time": "2025-07-15T15:19:52.285693Z", "fetched_at": "2025-07-15T15:20:18.344970+00:00", "symbol": "BTC-USD"}, {"trade_id": 849686995, "side": "sell", "size": "0.00060358", "price": "116223.23000000", "time": "2025-07-15T15:19:52.285693Z", "fetched_at": "2025-07-15T15:20:18.344970+00:00", "symbol": "BTC-USD"}, {"trade_id": 849686994, "side": "sell", "size": "0.00045269", "price": "116223.16000000", "time": "2025-07-15T15:19:52.285693Z", "fetched_at": "2025-07-15T15:20:18.344970+00:00", "symbol": "BTC-USD"}, {"trade_id": 849686993, "side": "sell", "size": "0.00701135", "price": "116223.15000000", "time": "2025-07-15T15:19:52.285693Z", "fetched_at": "2025-07-15T15:20:18.344970+00:00", "symbol": "BTC-USD"}, {"trade_id": 849686992, "side": "sell", "size": "0.06317084", "price": "116220.20000000", "time": "2025-07-15T15:19:52.285693Z", "fetched_at": "2025-07-15T15:20:18.344970+00:00", "symbol": "BTC-USD"}, {"trade_id": 849686991, "side": "sell", "size": "0.00860450", "price": "116218.27000000", "time": "2025-07-15T15:19:52.285693Z", "fetched_at": "2025-07-15T15:20:18.344970+00:00", "symbol": "BTC-USD"}, {"trade_id": 849686990, "side": "sell", "size": "0.02290510", "price": "116216.53000000", "time": "2025-07-15T15:19:52.285693Z", "fetched_at": "2025-07-15T15:20:18.344970+00:00", "symbol": "BTC-USD"}, {"trade_id": 849686989, "side": "sell", "size": "0.36509800", "price": "116216.53000000", "time": "2025-07-15T15:19:52.285693Z", "fetched_at": "2025-07-15T15:20:18.344970+00:00", "symbol": "BTC-USD"}, {"trade_id": 849686988, "side": "sell", "size": "0.13230000", "price": "116216.53000000", "time": "2025-07-15T15:19:52.285693Z", "fetched_at": "2025-07-15T15:20:18.344970+00:00", "symbol": "BTC-USD"}, {"trade_id": 849686987, "side": "sell", "size": "0.02201520", "price": "116216.53000000", "time": "2025-07-15T15:19:52.285693Z", "fetched_at": "2025-07-15T15:20:18.344970+00:00", "symbol": "BTC-USD"}, {"trade_id": 849686986, "side": "sell", "size": "0.93527887", "price": "116216.53000000", "time": "2025-07-15T15:19:52.285693Z", "fetched_at": "2025-07-15T15:20:18.344970+00:00", "symbol": "BTC-USD"}, {"trade_id": 849686985, "side": "buy", "size": "0.09562677", "price": "116216.52000000", "time": "2025-07-15T15:19:52.249542Z", "fetched_at": "2025-07-15T15:20:18.344970+00:00", "symbol": "BTC-USD"}, {"trade_id": 849686984, "side": "buy", "size": "0.00008605", "price": "116216.52000000", "time": "2025-07-15T15:19:52.249542Z", "fetched_at": "2025-07-15T15:20:18.344970+00:00", "symbol": "BTC-USD"}, {"trade_id": 849686983, "side": "buy", "size": "0.01720213", "price": "116216.52000000", "time": "2025-07-15T15:19:52.249542Z", "fetched_at": "2025-07-15T15:20:18.344970+00:00", "symbol": "BTC-USD"}, {"trade_id": 849686982, "side": "sell", "size": "0.02034262", "price": "116216.53000000", "time": "2025-07-15T15:19:52.212893Z", "fetched_at": "2025-07-15T15:20:18.344970+00:00", "symbol": "BTC-USD"}